{
    "2023-03-31": {
        "Tax Effect Of Unusual Items": NaN,
        "Tax Rate For Calcs": NaN,
        "Normalized EBITDA": NaN,
        "Total Unusual Items": NaN,
        "Total Unusual Items Excluding Goodwill": NaN,
        "Net Income From Continuing Operation Net Minority Interest": NaN,
        "Reconciled Depreciation": NaN,
        "Reconciled Cost Of Revenue": NaN,
        "EBITDA": NaN,
        "EBIT": NaN,
        "Net Interest Income": NaN,
        "Interest Expense": NaN,
        "Interest Income": NaN,
        "Normalized Income": NaN,
        "Net Income From Continuing And Discontinued Operation": NaN,
        "Total Expenses": NaN,
        "Total Operating Income As Reported": NaN,
        "Diluted Average Shares": NaN,
        "Basic Average Shares": NaN,
        "Diluted EPS": NaN,
        "Basic EPS": NaN,
        "Diluted NI Availto Com Stockholders": NaN,
        "Net Income Common Stockholders": NaN,
        "Net Income": NaN,
        "Net Income Including Noncontrolling Interests": NaN,
        "Net Income Continuous Operations": NaN,
        "Tax Provision": NaN,
        "Pretax Income": NaN,
        "Other Income Expense": NaN,
        "Special Income Charges": NaN,
        "Restructuring And Mergern Acquisition": NaN,
        "Gain On Sale Of Security": NaN,
        "Net Non Operating Interest Income Expense": NaN,
        "Interest Expense Non Operating": NaN,
        "Interest Income Non Operating": NaN,
        "Operating Income": NaN,
        "Operating Expense": NaN,
        "Other Operating Expenses": -1362000.0,
        "Research And Development": NaN,
        "Selling General And Administration": NaN,
        "General And Administrative Expense": NaN,
        "Other Gand A": NaN,
        "Salaries And Wages": NaN,
        "Gross Profit": NaN,
        "Cost Of Revenue": NaN,
        "Total Revenue": NaN,
        "Operating Revenue": NaN
    },
    "2022-12-31": {
        "Tax Effect Of Unusual Items": NaN,
        "Tax Rate For Calcs": NaN,
        "Normalized EBITDA": NaN,
        "Total Unusual Items": NaN,
        "Total Unusual Items Excluding Goodwill": NaN,
        "Net Income From Continuing Operation Net Minority Interest": NaN,
        "Reconciled Depreciation": NaN,
        "Reconciled Cost Of Revenue": NaN,
        "EBITDA": NaN,
        "EBIT": NaN,
        "Net Interest Income": NaN,
        "Interest Expense": NaN,
        "Interest Income": NaN,
        "Normalized Income": NaN,
        "Net Income From Continuing And Discontinued Operation": NaN,
        "Total Expenses": NaN,
        "Total Operating Income As Reported": NaN,
        "Diluted Average Shares": NaN,
        "Basic Average Shares": NaN,
        "Diluted EPS": NaN,
        "Basic EPS": NaN,
        "Diluted NI Availto Com Stockholders": NaN,
        "Net Income Common Stockholders": NaN,
        "Net Income": NaN,
        "Net Income Including Noncontrolling Interests": NaN,
        "Net Income Continuous Operations": NaN,
        "Tax Provision": NaN,
        "Pretax Income": NaN,
        "Other Income Expense": NaN,
        "Other Non Operating Income Expenses": 26637000.0,
        "Special Income Charges": NaN,
        "Restructuring And Mergern Acquisition": NaN,
        "Gain On Sale Of Security": NaN,
        "Net Non Operating Interest Income Expense": NaN,
        "Interest Expense Non Operating": NaN,
        "Interest Income Non Operating": NaN,
        "Operating Income": NaN,
        "Operating Expense": NaN,
        "Other Operating Expenses": NaN,
        "Research And Development": NaN,
        "Selling General And Administration": NaN,
        "General And Administrative Expense": NaN,
        "Other Gand A": NaN,
        "Salaries And Wages": NaN,
        "Gross Profit": NaN,
        "Cost Of Revenue": NaN,
        "Total Revenue": NaN,
        "Operating Revenue": NaN
    },
    "2022-09-30": {
        "Tax Effect Of Unusual Items": NaN,
        "Tax Rate For Calcs": NaN,
        "Normalized EBITDA": NaN,
        "Total Unusual Items": NaN,
        "Total Unusual Items Excluding Goodwill": NaN,
        "Net Income From Continuing Operation Net Minority Interest": NaN,
        "Reconciled Depreciation": NaN,
        "Reconciled Cost Of Revenue": NaN,
        "EBITDA": NaN,
        "EBIT": NaN,
        "Net Interest Income": NaN,
        "Interest Expense": NaN,
        "Interest Income": NaN,
        "Normalized Income": NaN,
        "Net Income From Continuing And Discontinued Operation": NaN,
        "Total Expenses": NaN,
        "Total Operating Income As Reported": NaN,
        "Diluted Average Shares": NaN,
        "Basic Average Shares": NaN,
        "Diluted EPS": NaN,
        "Basic EPS": NaN,
        "Diluted NI Availto Com Stockholders": NaN,
        "Net Income Common Stockholders": NaN,
        "Net Income": NaN,
        "Net Income Including Noncontrolling Interests": NaN,
        "Net Income Continuous Operations": NaN,
        "Tax Provision": NaN,
        "Pretax Income": NaN,
        "Other Income Expense": NaN,
        "Other Non Operating Income Expenses": 11513000.0,
        "Special Income Charges": NaN,
        "Restructuring And Mergern Acquisition": NaN,
        "Gain On Sale Of Security": NaN,
        "Net Non Operating Interest Income Expense": NaN,
        "Interest Expense Non Operating": NaN,
        "Interest Income Non Operating": NaN,
        "Operating Income": NaN,
        "Operating Expense": NaN,
        "Other Operating Expenses": NaN,
        "Research And Development": NaN,
        "Selling General And Administration": NaN,
        "General And Administrative Expense": NaN,
        "Other Gand A": NaN,
        "Salaries And Wages": NaN,
        "Gross Profit": NaN,
        "Cost Of Revenue": NaN,
        "Total Revenue": NaN,
        "Operating Revenue": NaN
    },
    "2022-06-30": {
        "Tax Effect Of Unusual Items": -8356323.012669,
        "Tax Rate For Calcs": 0.296218,
        "Normalized EBITDA": 258266000.0,
        "Total Unusual Items": -28210000.0,
        "Total Unusual Items Excluding Goodwill": -28210000.0,
        "Net Income From Continuing Operation Net Minority Interest": 161432000.0,
        "Reconciled Depreciation": 16507000.0,
        "Reconciled Cost Of Revenue": 50636000.0,
        "EBITDA": 230056000.0,
        "EBIT": 230056000.0,
        "Net Interest Income": -678000.0,
        "Interest Expense": 678000.0,
        "Interest Income": NaN,
        "Normalized Income": 181285676.987331,
        "Net Income From Continuing And Discontinued Operation": 161432000.0,
        "Total Expenses": 653653000.0,
        "Total Operating Income As Reported": 254431000.0,
        "Diluted Average Shares": 223661000.0,
        "Basic Average Shares": 221660000.0,
        "Diluted EPS": 0.72,
        "Basic EPS": 0.73,
        "Diluted NI Availto Com Stockholders": 161432000.0,
        "Net Income Common Stockholders": 161432000.0,
        "Net Income": 161432000.0,
        "Net Income Including Noncontrolling Interests": 161432000.0,
        "Net Income Continuous Operations": 161432000.0,
        "Tax Provision": 67946000.0,
        "Pretax Income": 229378000.0,
        "Other Income Expense": -27688000.0,
        "Other Non Operating Income Expenses": 522000.0,
        "Special Income Charges": -3313000.0,
        "Restructuring And Mergern Acquisition": 3313000.0,
        "Gain On Sale Of Security": -24897000.0,
        "Net Non Operating Interest Income Expense": -678000.0,
        "Interest Expense Non Operating": 678000.0,
        "Interest Income Non Operating": NaN,
        "Operating Income": 257744000.0,
        "Operating Expense": 603017000.0,
        "Other Operating Expenses": 2544000.0,
        "Research And Development": 347196000.0,
        "Selling General And Administration": 253277000.0,
        "General And Administrative Expense": 253300000.0,
        "Other Gand A": 170200000.0,
        "Salaries And Wages": 83100000.0,
        "Gross Profit": 860761000.0,
        "Cost Of Revenue": 50636000.0,
        "Total Revenue": 911397000.0,
        "Operating Revenue": 911397000.0
    },
    "2023-06-30": {
        "Tax Effect Of Unusual Items": NaN,
        "Tax Rate For Calcs": NaN,
        "Normalized EBITDA": NaN,
        "Total Unusual Items": NaN,
        "Total Unusual Items Excluding Goodwill": NaN,
        "Net Income From Continuing Operation Net Minority Interest": NaN,
        "Reconciled Depreciation": NaN,
        "Reconciled Cost Of Revenue": NaN,
        "EBITDA": NaN,
        "EBIT": NaN,
        "Net Interest Income": NaN,
        "Interest Expense": NaN,
        "Interest Income": NaN,
        "Normalized Income": NaN,
        "Net Income From Continuing And Discontinued Operation": NaN,
        "Total Expenses": NaN,
        "Total Operating Income As Reported": NaN,
        "Diluted Average Shares": NaN,
        "Basic Average Shares": NaN,
        "Diluted EPS": NaN,
        "Basic EPS": NaN,
        "Diluted NI Availto Com Stockholders": NaN,
        "Net Income Common Stockholders": NaN,
        "Net Income": NaN,
        "Net Income Including Noncontrolling Interests": NaN,
        "Net Income Continuous Operations": NaN,
        "Tax Provision": NaN,
        "Pretax Income": NaN,
        "Other Income Expense": NaN,
        "Special Income Charges": NaN,
        "Restructuring And Mergern Acquisition": NaN,
        "Gain On Sale Of Security": NaN,
        "Net Non Operating Interest Income Expense": NaN,
        "Interest Expense Non Operating": NaN,
        "Interest Income Non Operating": NaN,
        "Operating Income": NaN,
        "Operating Expense": NaN,
        "Other Operating Expenses": -549000.0,
        "Research And Development": NaN,
        "Selling General And Administration": NaN,
        "General And Administrative Expense": NaN,
        "Other Gand A": NaN,
        "Salaries And Wages": NaN,
        "Gross Profit": NaN,
        "Cost Of Revenue": NaN,
        "Total Revenue": NaN,
        "Operating Revenue": NaN
    },
    "2022-03-31": {
        "Diluted EPS": 0.17,
        "Total Revenue": 733,
        "Gross Profit": 691,
        "Operating Income": 117,
        "EBIT": 133,
        "Net Income": 38
    },
    "2021-12-31": {
        "Diluted EPS": 2.54,
        "Total Revenue": 863,
        "Gross Profit": 819,
        "Operating Income": 111,
        "EBIT": 126,
        "Net Income": 564
    },
    "2021-09-30": {
        "Diluted EPS": 0.82,
        "Total Revenue": 813,
        "Gross Profit": 773,
        "Operating Income": 235,
        "EBIT": 250,
        "Net Income": 182
    },
    "2021-06-30": {
        "Diluted EPS": 0.67,
        "Total Revenue": 706,
        "Gross Profit": 668,
        "Operating Income": 141,
        "EBIT": 155,
        "Net Income": 149
    },
    "2021-03-31": {
        "Diluted EPS": 0.24,
        "Total Revenue": 605,
        "Gross Profit": 575,
        "Operating Income": 99,
        "EBIT": 113,
        "Net Income": 54
    },
    "2020-12-31": {
        "Diluted EPS": 0.72,
        "Total Revenue": 790,
        "Gross Profit": 753,
        "Operating Income": 164,
        "EBIT": 177,
        "Net Income": 150
    },
    "2020-09-30": {
        "Diluted EPS": -0.07,
        "Total Revenue": 621,
        "Gross Profit": 586,
        "Operating Income": 5,
        "EBIT": 18,
        "Net Income": -15
    },
    "2020-06-30": {
        "Diluted EPS": 1.32,
        "Total Revenue": 688,
        "Gross Profit": 655,
        "Operating Income": 231,
        "EBIT": 243,
        "Net Income": 290
    },
    "2020-03-31": {
        "Diluted EPS": -3.33,
        "Total Revenue": 569,
        "Gross Profit": 541,
        "Operating Income": -664,
        "EBIT": -651,
        "Net Income": -721
    },
    "2019-12-31": {
        "Diluted EPS": 0.51,
        "Total Revenue": 579,
        "Gross Profit": 547,
        "Operating Income": 95,
        "EBIT": 108,
        "Net Income": 111
    },
    "2019-09-30": {
        "Diluted EPS": 0.59,
        "Total Revenue": 552,
        "Gross Profit": 522,
        "Operating Income": 134,
        "EBIT": 148,
        "Net Income": 128
    },
    "2019-06-30": {
        "Diluted EPS": 0.48,
        "Total Revenue": 530,
        "Gross Profit": 501,
        "Operating Income": 99,
        "EBIT": 112,
        "Net Income": 105
    },
    "2019-03-31": {
        "Diluted EPS": 0.47,
        "Total Revenue": 498,
        "Gross Profit": 475,
        "Operating Income": 74,
        "EBIT": 88,
        "Net Income": 102
    },
    "2018-12-31": {
        "Diluted EPS": 0.32,
        "Total Revenue": 528,
        "Gross Profit": 502,
        "Operating Income": 82,
        "EBIT": 96,
        "Net Income": 69
    },
    "2018-09-30": {
        "Diluted EPS": 0.14,
        "Total Revenue": 450,
        "Gross Profit": 425,
        "Operating Income": 31,
        "EBIT": 45,
        "Net Income": 29
    },
    "2018-06-30": {
        "Diluted EPS": 0.24,
        "Total Revenue": 522,
        "Gross Profit": 497,
        "Operating Income": 83,
        "EBIT": 97,
        "Net Income": 52
    },
    "2018-03-31": {
        "Diluted EPS": -0.19,
        "Total Revenue": 382,
        "Gross Profit": 364,
        "Operating Income": -67,
        "EBIT": -54,
        "Net Income": -41
    },
    "2017-12-31": {
        "Diluted EPS": -0.68,
        "Total Revenue": 444,
        "Gross Profit": 422,
        "Operating Income": -132,
        "EBIT": -120,
        "Net Income": -150
    },
    "2017-09-30": {
        "Diluted EPS": 0.17,
        "Total Revenue": 382,
        "Gross Profit": 359,
        "Operating Income": 15,
        "EBIT": 27,
        "Net Income": 36
    },
    "2017-06-30": {
        "Diluted EPS": -0.06,
        "Total Revenue": 326,
        "Gross Profit": 306,
        "Operating Income": 7,
        "EBIT": 20,
        "Net Income": -12
    },
    "2017-03-31": {
        "Diluted EPS": -0.96,
        "Total Revenue": 384,
        "Gross Profit": 369,
        "Operating Income": -133,
        "EBIT": -118,
        "Net Income": -187
    },
    "2016-12-31": {
        "Diluted EPS": 0.05,
        "Total Revenue": 326,
        "Gross Profit": 307,
        "Operating Income": 42,
        "EBIT": 60,
        "Net Income": 9
    },
    "2016-09-30": {
        "Diluted EPS": 0.19,
        "Total Revenue": 269,
        "Gross Profit": 249,
        "Operating Income": 22,
        "EBIT": 39,
        "Net Income": 37
    },
    "2016-06-30": {
        "Diluted EPS": 0.18,
        "Total Revenue": 246,
        "Gross Profit": 234,
        "Operating Income": 45,
        "EBIT": 57,
        "Net Income": 34
    },
    "2016-03-31": {
        "Diluted EPS": 0.12,
        "Total Revenue": 263,
        "Gross Profit": 257,
        "Operating Income": 36,
        "EBIT": 47,
        "Net Income": 24
    },
    "2015-12-31": {
        "Diluted EPS": 0.31,
        "Total Revenue": 244,
        "Gross Profit": 234,
        "Operating Income": 65,
        "EBIT": 76,
        "Net Income": 55
    },
    "2015-09-30": {
        "Diluted EPS": -0.22,
        "Total Revenue": 188,
        "Gross Profit": 180,
        "Operating Income": 0,
        "EBIT": 11,
        "Net Income": -40
    },
    "2015-06-30": {
        "Diluted EPS": 0.05,
        "Total Revenue": 163,
        "Gross Profit": 157,
        "Operating Income": -7,
        "EBIT": 4,
        "Net Income": 9
    },
    "2015-03-31": {
        "Diluted EPS": -0.11,
        "Total Revenue": 159,
        "Gross Profit": 156,
        "Operating Income": -7,
        "EBIT": 5,
        "Net Income": -18
    },
    "2014-12-31": {
        "Diluted EPS": -0.19,
        "Total Revenue": 124,
        "Gross Profit": 122,
        "Operating Income": -26,
        "EBIT": -13,
        "Net Income": -37
    },
    "2014-09-30": {
        "Diluted EPS": 0.33,
        "Total Revenue": 198,
        "Gross Profit": 198,
        "Operating Income": 70,
        "EBIT": 80,
        "Net Income": 59
    },
    "2014-06-30": {
        "Diluted EPS": -0.22,
        "Total Revenue": 100,
        "Gross Profit": 99,
        "Operating Income": -26,
        "EBIT": -16,
        "Net Income": -37
    },
    "2014-03-31": {
        "Diluted EPS": -0.21,
        "Total Revenue": 90,
        "Gross Profit": 90,
        "Operating Income": -23,
        "EBIT": -13,
        "Net Income": -34
    },
    "2013-12-31": {
        "Diluted EPS": -0.28,
        "Total Revenue": 97,
        "Gross Profit": 97,
        "Operating Income": -16,
        "EBIT": -7,
        "Net Income": -43
    },
    "2013-09-30": {
        "Diluted EPS": -0.14,
        "Total Revenue": 85,
        "Gross Profit": 85,
        "Operating Income": -13,
        "EBIT": -9,
        "Net Income": -22
    },
    "2013-06-30": {
        "Diluted EPS": -0.02,
        "Total Revenue": 102,
        "Gross Profit": 102,
        "Operating Income": 17,
        "EBIT": 25,
        "Net Income": -3
    },
    "2013-03-31": {
        "Diluted EPS": -0.12,
        "Total Revenue": 71,
        "Gross Profit": 71,
        "Operating Income": -4,
        "EBIT": 4,
        "Net Income": -16
    },
    "2012-12-31": {
        "Diluted EPS": 0.16,
        "Total Revenue": 114,
        "Gross Profit": 114,
        "Operating Income": 30,
        "EBIT": 38,
        "Net Income": 19
    },
    "2012-09-30": {
        "Diluted EPS": -0.17,
        "Total Revenue": 60,
        "Gross Profit": 60,
        "Operating Income": -10,
        "EBIT": -3,
        "Net Income": -22
    },
    "2012-06-30": {
        "Diluted EPS": 0.03,
        "Total Revenue": 87,
        "Gross Profit": 87,
        "Operating Income": 15,
        "EBIT": 23,
        "Net Income": 4
    },
    "2012-03-31": {
        "Diluted EPS": -0.36,
        "Total Revenue": 36,
        "Gross Profit": 36,
        "Operating Income": -34,
        "EBIT": -27,
        "Net Income": -45
    },
    "2011-12-31": {
        "Diluted EPS": -0.45,
        "Total Revenue": 29,
        "Gross Profit": 29,
        "Operating Income": -44,
        "EBIT": -37,
        "Net Income": -55
    },
    "2011-09-30": {
        "Diluted EPS": -0.42,
        "Total Revenue": 17,
        "Gross Profit": 17,
        "Operating Income": -42,
        "EBIT": -35,
        "Net Income": -53
    },
    "2011-06-30": {
        "Diluted EPS": -0.41,
        "Total Revenue": 17,
        "Gross Profit": 17,
        "Operating Income": -41,
        "EBIT": -34,
        "Net Income": -52
    },
    "2011-03-31": {
        "Diluted EPS": -0.21,
        "Total Revenue": 32,
        "Gross Profit": 32,
        "Operating Income": -16,
        "EBIT": -9,
        "Net Income": -27
    },
    "2010-12-31": {
        "Diluted EPS": 0.28,
        "Total Revenue": 86,
        "Gross Profit": 86,
        "Operating Income": 42,
        "EBIT": 49,
        "Net Income": 33
    },
    "2010-09-30": {
        "Diluted EPS": -0.26,
        "Total Revenue": 17,
        "Gross Profit": 17,
        "Operating Income": -22,
        "EBIT": -17,
        "Net Income": -32
    },
    "2010-06-30": {
        "Diluted EPS": 0.02,
        "Total Revenue": 50,
        "Gross Profit": 50,
        "Operating Income": 14,
        "EBIT": 20,
        "Net Income": 3
    },
    "2010-03-31": {
        "Diluted EPS": -0.3,
        "Total Revenue": 17,
        "Gross Profit": 17,
        "Operating Income": -20,
        "EBIT": -13,
        "Net Income": -36
    },
    "2009-12-31": {
        "Diluted EPS": -0.8,
        "Total Revenue": 7,
        "Gross Profit": 7,
        "Operating Income": -41,
        "EBIT": -34,
        "Net Income": -88
    },
    "2009-09-30": {
        "Diluted EPS": -0.44,
        "Total Revenue": 1,
        "Gross Profit": 1,
        "Operating Income": -32,
        "EBIT": -27,
        "Net Income": -43
    },
    "2009-06-30": {
        "Diluted EPS": -0.41,
        "Total Revenue": 1,
        "Gross Profit": 1,
        "Operating Income": -33,
        "EBIT": -30,
        "Net Income": -40
    },
    "2009-03-31": {
        "Diluted EPS": -0.41,
        "Total Revenue": 1,
        "Gross Profit": 1,
        "Operating Income": -34,
        "EBIT": -32,
        "Net Income": -40
    },
    "2023-09-30": {
        "Tax Effect Of Unusual Items": -7002876.0,
        "Tax Rate For Calcs": 0.267,
        "Normalized EBITDA": 282040000.0,
        "Total Unusual Items": -26228000.0,
        "Total Unusual Items Excluding Goodwill": -26228000.0,
        "Net Income From Continuing Operation Net Minority Interest": 171269000.0,
        "Reconciled Depreciation": 21390000.0,
        "Reconciled Cost Of Revenue": 60100000.0,
        "EBITDA": 255812000.0,
        "EBIT": 234422000.0,
        "Net Interest Income": 45748000.0,
        "Interest Expense": 623000.0,
        "Interest Income": 46371000.0,
        "Normalized Income": 190494124.0,
        "Net Income From Continuing And Discontinued Operation": 171269000.0,
        "Total Expenses": 704762000.0,
        "Total Operating Income As Reported": 214705000.0,
        "Diluted Average Shares": 226167000.0,
        "Basic Average Shares": 224078000.0,
        "Diluted EPS": 0.76,
        "Basic EPS": 0.76,
        "Diluted NI Availto Com Stockholders": 171269000.0,
        "Net Income Common Stockholders": 171269000.0,
        "Net Income": 171269000.0,
        "Net Income Including Noncontrolling Interests": 171269000.0,
        "Net Income Continuous Operations": 171269000.0,
        "Tax Provision": 62530000.0,
        "Pretax Income": 233799000.0,
        "Other Income Expense": -26228000.0,
        "Special Income Charges": 426000.0,
        "Restructuring And Mergern Acquisition": -426000.0,
        "Gain On Sale Of Security": -26654000.0,
        "Net Non Operating Interest Income Expense": 45748000.0,
        "Interest Expense Non Operating": 623000.0,
        "Interest Income Non Operating": 46371000.0,
        "Operating Income": 214263000.0,
        "Operating Expense": 644662000.0,
        "Other Operating Expenses": 1053000.0,
        "Research And Development": 375709000.0,
        "Selling General And Administration": 267900000.0,
        "General And Administrative Expense": 267900000.0,
        "Other Gand A": 173400000.0,
        "Salaries And Wages": 94500000.0,
        "Gross Profit": 858925000.0,
        "Cost Of Revenue": 60100000.0,
        "Total Revenue": 919025000.0,
        "Operating Revenue": 919025000.0
    },
    "2023-12-31": {
        "Tax Effect Of Unusual Items": 4898889.458067,
        "Tax Rate For Calcs": 0.257891,
        "Normalized EBITDA": 274526000.0,
        "Total Unusual Items": 18996000.0,
        "Total Unusual Items Excluding Goodwill": 18996000.0,
        "Net Income From Continuing Operation Net Minority Interest": 201079000.0,
        "Reconciled Depreciation": 21762000.0,
        "Reconciled Cost Of Revenue": 69800000.0,
        "EBITDA": 293522000.0,
        "EBIT": 271760000.0,
        "Net Interest Income": 49632000.0,
        "Interest Expense": 804000.0,
        "Interest Income": 50436000.0,
        "Normalized Income": 186981889.458067,
        "Net Income From Continuing And Discontinued Operation": 201079000.0,
        "Total Expenses": 811097000.0,
        "Total Operating Income As Reported": 187270000.0,
        "Diluted Average Shares": 226125000.0,
        "Basic Average Shares": 224226000.0,
        "Diluted EPS": 0.89,
        "Basic EPS": 0.9,
        "Diluted NI Availto Com Stockholders": 201079000.0,
        "Net Income Common Stockholders": 201079000.0,
        "Net Income": 201079000.0,
        "Net Income Including Noncontrolling Interests": 201079000.0,
        "Net Income Continuous Operations": 201079000.0,
        "Tax Provision": 69877000.0,
        "Pretax Income": 270956000.0,
        "Other Income Expense": 18996000.0,
        "Special Income Charges": -15058000.0,
        "Restructuring And Mergern Acquisition": 15058000.0,
        "Gain On Sale Of Security": 34054000.0,
        "Net Non Operating Interest Income Expense": 49632000.0,
        "Interest Expense Non Operating": 804000.0,
        "Interest Income Non Operating": 50436000.0,
        "Operating Income": 202244000.0,
        "Operating Expense": 741297000.0,
        "Other Operating Expenses": 2903000.0,
        "Research And Development": 444494000.0,
        "Selling General And Administration": 293900000.0,
        "General And Administrative Expense": 293900000.0,
        "Other Gand A": 192000000.0,
        "Salaries And Wages": 101900000.0,
        "Gross Profit": 943541000.0,
        "Cost Of Revenue": 69800000.0,
        "Total Revenue": 1013341000.0,
        "Operating Revenue": 1013341000.0
    },
    "2024-03-31": {
        "Tax Effect Of Unusual Items": 28313646.0,
        "Tax Rate For Calcs": 0.282,
        "Normalized EBITDA": 158133000.0,
        "Total Unusual Items": 100403000.0,
        "Total Unusual Items Excluding Goodwill": 100403000.0,
        "Net Income From Continuing Operation Net Minority Interest": 169548000.0,
        "Reconciled Depreciation": 21947000.0,
        "Reconciled Cost Of Revenue": 61000000.0,
        "EBITDA": 258536000.0,
        "EBIT": 236589000.0,
        "Net Interest Income": 44314000.0,
        "Interest Expense": 430000.0,
        "Interest Income": 44744000.0,
        "Normalized Income": 97458646.0,
        "Net Income From Continuing And Discontinued Operation": 169548000.0,
        "Total Expenses": 789535000.0,
        "Total Operating Income As Reported": 91898000.0,
        "Diluted Average Shares": 227219000.0,
        "Basic Average Shares": 224484000.0,
        "Diluted EPS": 0.75,
        "Basic EPS": 0.76,
        "Diluted NI Availto Com Stockholders": 169548000.0,
        "Net Income Common Stockholders": 169548000.0,
        "Net Income": 169548000.0,
        "Net Income Including Noncontrolling Interests": 169548000.0,
        "Net Income Continuous Operations": 169548000.0,
        "Tax Provision": 66611000.0,
        "Pretax Income": 236159000.0,
        "Other Income Expense": 100403000.0,
        "Special Income Charges": 456000.0,
        "Restructuring And Mergern Acquisition": -456000.0,
        "Gain On Sale Of Security": 99947000.0,
        "Net Non Operating Interest Income Expense": 44314000.0,
        "Interest Expense Non Operating": 430000.0,
        "Interest Income Non Operating": 44744000.0,
        "Operating Income": 91354000.0,
        "Operating Expense": 728535000.0,
        "Other Operating Expenses": -1025000.0,
        "Research And Development": 429260000.0,
        "Selling General And Administration": 300300000.0,
        "General And Administrative Expense": 300300000.0,
        "Other Gand A": 194700000.0,
        "Salaries And Wages": 105600000.0,
        "Gross Profit": 819889000.0,
        "Cost Of Revenue": 61000000.0,
        "Total Revenue": 880889000.0,
        "Operating Revenue": 880889000.0
    },
    "2024-06-30": {
        "Tax Effect Of Unusual Items": 3811080.0,
        "Tax Rate For Calcs": 0.21,
        "Normalized EBITDA": -385220000.0,
        "Total Unusual Items": 18148000.0,
        "Total Unusual Items Excluding Goodwill": 18148000.0,
        "Net Income From Continuing Operation Net Minority Interest": -444601000.0,
        "Reconciled Depreciation": 22048000.0,
        "Reconciled Cost Of Revenue": 76600000.0,
        "EBITDA": -367072000.0,
        "EBIT": -389120000.0,
        "Net Interest Income": 49112000.0,
        "Interest Expense": 657000.0,
        "Interest Income": 49769000.0,
        "Normalized Income": -458937920.0,
        "Net Income From Continuing And Discontinued Operation": -444601000.0,
        "Total Expenses": 1500780000.0,
        "Total Operating Income As Reported": -478130000.0,
        "Diluted Average Shares": 218175000.0,
        "Basic Average Shares": 218175000.0,
        "Diluted EPS": -2.04,
        "Basic EPS": -2.04,
        "Diluted NI Availto Com Stockholders": -444601000.0,
        "Net Income Common Stockholders": -444601000.0,
        "Net Income": -444601000.0,
        "Net Income Including Noncontrolling Interests": -444601000.0,
        "Net Income Continuous Operations": -444601000.0,
        "Tax Provision": 54824000.0,
        "Pretax Income": -389777000.0,
        "Other Income Expense": 18148000.0,
        "Special Income Charges": -21093000.0,
        "Restructuring And Mergern Acquisition": 21093000.0,
        "Gain On Sale Of Security": 39241000.0,
        "Net Non Operating Interest Income Expense": 49112000.0,
        "Interest Expense Non Operating": 657000.0,
        "Interest Income Non Operating": 49769000.0,
        "Operating Income": -457021000.0,
        "Operating Expense": 1424180000.0,
        "Other Operating Expenses": NaN,
        "Research And Development": 1138380000.0,
        "Selling General And Administration": 285800000.0,
        "General And Administrative Expense": 285800000.0,
        "Other Gand A": 180700000.0,
        "Salaries And Wages": 105100000.0,
        "Gross Profit": 967159000.0,
        "Cost Of Revenue": 76600000.0,
        "Total Revenue": 1043759000.0,
        "Operating Revenue": 1043759000.0
    },
    "2024-09-30": {
        "Tax Effect Of Unusual Items": -11645440.0,
        "Tax Rate For Calcs": 0.32,
        "Normalized EBITDA": 216210000.0,
        "Total Unusual Items": -36392000.0,
        "Total Unusual Items Excluding Goodwill": -36392000.0,
        "Net Income From Continuing Operation Net Minority Interest": 106456000.0,
        "Reconciled Depreciation": 22520000.0,
        "Reconciled Cost Of Revenue": 86000000.0,
        "EBITDA": 179818000.0,
        "EBIT": 157298000.0,
        "Net Interest Income": 23421000.0,
        "Interest Expense": 774000.0,
        "Interest Income": 24195000.0,
        "Normalized Income": 131202560.0,
        "Net Income From Continuing And Discontinued Operation": 106456000.0,
        "Total Expenses": 968374000.0,
        "Total Operating Income As Reported": 146085000.0,
        "Diluted Average Shares": 195838000.0,
        "Basic Average Shares": 192629000.0,
        "Diluted EPS": 0.54,
        "Basic EPS": 0.55,
        "Diluted NI Availto Com Stockholders": 106456000.0,
        "Net Income Common Stockholders": 106456000.0,
        "Net Income": 106456000.0,
        "Net Income Including Noncontrolling Interests": 106456000.0,
        "Net Income Continuous Operations": 106456000.0,
        "Tax Provision": 50068000.0,
        "Pretax Income": 156524000.0,
        "Other Income Expense": -36392000.0,
        "Special Income Charges": -23410000.0,
        "Restructuring And Mergern Acquisition": 23410000.0,
        "Gain On Sale Of Security": -12982000.0,
        "Net Non Operating Interest Income Expense": 23421000.0,
        "Interest Expense Non Operating": 774000.0,
        "Interest Income Non Operating": 24195000.0,
        "Operating Income": 169497000.0,
        "Operating Expense": 882374000.0,
        "Other Operating Expenses": NaN,
        "Research And Development": 573174000.0,
        "Selling General And Administration": 309200000.0,
        "General And Administrative Expense": 309200000.0,
        "Other Gand A": 186000000.0,
        "Salaries And Wages": 123200000.0,
        "Gross Profit": 1051871000.0,
        "Cost Of Revenue": 86000000.0,
        "Total Revenue": 1137871000.0,
        "Operating Revenue": 1137871000.0
    }
}