{
    "2023-06-30": {
        "Tax Effect Of Unusual Items": 0.0,
        "Tax Rate For Calcs": 0.243,
        "Total Unusual Items": 0.0,
        "Total Unusual Items Excluding Goodwill": 0.0,
        "Net Income From Continuing Operation Net Minority Interest": 62644000.0,
        "Reconciled Depreciation": 8750000.0,
        "Net Interest Income": 152546000.0,
        "Interest Expense": 46147000.0,
        "Interest Income": 198693000.0,
        "Normalized Income": 62644000.0,
        "Net Income From Continuing And Discontinued Operation": 62644000.0,
        "Diluted Average Shares": 44136725.0,
        "Basic Average Shares": 44129152.0,
        "Diluted EPS": 1.42,
        "Basic EPS": 1.42,
        "Diluted NI Availto Com Stockholders": 62644000.0,
        "Net Income Common Stockholders": 62644000.0,
        "Net Income": 62644000.0,
        "Net Income Including Noncontrolling Interests": 62644000.0,
        "Net Income Continuous Operations": 62644000.0,
        "Tax Provision": 20104000.0,
        "Pretax Income": 82748000.0,
        "Special Income Charges": 0.0,
        "Restructuring And Mergern Acquisition": 0.0,
        "Gain On Sale Of Security": 1275000.0,
        "Depreciation Amortization Depletion Income Statement": 1716000.0,
        "Depreciation And Amortization In Income Statement": 1716000.0,
        "Amortization": 1716000.0,
        "Amortization Of Intangibles Income Statement": 1716000.0,
        "Selling General And Administration": 56649000.0,
        "General And Administrative Expense": 56649000.0,
        "Other Gand A": 3134000.0,
        "Insurance And Claims": 2674000.0,
        "Salaries And Wages": 53975000.0,
        "Total Revenue": 183303000.0,
        "Operating Revenue": 183303000.0
    },
    "2023-03-31": {
        "Tax Effect Of Unusual Items": 0.0,
        "Tax Rate For Calcs": 0.2469,
        "Total Unusual Items": 0.0,
        "Total Unusual Items Excluding Goodwill": 0.0,
        "Net Income From Continuing Operation Net Minority Interest": 61247000.0,
        "Reconciled Depreciation": 9633000.0,
        "Net Interest Income": 158998000.0,
        "Interest Expense": 27937000.0,
        "Interest Income": 186935000.0,
        "Normalized Income": 61247000.0,
        "Net Income From Continuing And Discontinued Operation": 61247000.0,
        "Diluted Average Shares": 45023664.0,
        "Basic Average Shares": 45004100.0,
        "Diluted EPS": 1.36,
        "Basic EPS": 1.36,
        "Diluted NI Availto Com Stockholders": 61247000.0,
        "Net Income Common Stockholders": 61247000.0,
        "Net Income": 61247000.0,
        "Net Income Including Noncontrolling Interests": 61247000.0,
        "Net Income Continuous Operations": 61247000.0,
        "Tax Provision": 20082000.0,
        "Pretax Income": 81329000.0,
        "Special Income Charges": 0.0,
        "Restructuring And Mergern Acquisition": 0.0,
        "Gain On Sale Of Security": 408000.0,
        "Depreciation Amortization Depletion Income Statement": 1815000.0,
        "Depreciation And Amortization In Income Statement": 1815000.0,
        "Amortization": 1815000.0,
        "Amortization Of Intangibles Income Statement": 1815000.0,
        "Selling General And Administration": 59585000.0,
        "General And Administrative Expense": 59585000.0,
        "Other Gand A": 2949000.0,
        "Insurance And Claims": 2610000.0,
        "Salaries And Wages": 56975000.0,
        "Total Revenue": 187240000.0,
        "Operating Revenue": 187240000.0
    },
    "2022-12-31": {
        "Tax Effect Of Unusual Items": 0.0,
        "Tax Rate For Calcs": 0.2318,
        "Total Unusual Items": 0.0,
        "Total Unusual Items Excluding Goodwill": 0.0,
        "Net Income From Continuing Operation Net Minority Interest": 77043000.0,
        "Reconciled Depreciation": 9271000.0,
        "Net Interest Income": 168355000.0,
        "Interest Expense": 15772000.0,
        "Interest Income": 184127000.0,
        "Normalized Income": 77043000.0,
        "Net Income From Continuing And Discontinued Operation": 77043000.0,
        "Diluted Average Shares": 45653666.0,
        "Basic Average Shares": 45633577.0,
        "Diluted EPS": 1.69,
        "Basic EPS": 1.69,
        "Diluted NI Availto Com Stockholders": 77043000.0,
        "Net Income Common Stockholders": 77043000.0,
        "Net Income": 77043000.0,
        "Net Income Including Noncontrolling Interests": 77043000.0,
        "Net Income Continuous Operations": 77043000.0,
        "Tax Provision": 23242000.0,
        "Pretax Income": 100285000.0,
        "Special Income Charges": 0.0,
        "Restructuring And Mergern Acquisition": 0.0,
        "Gain On Sale Of Security": 1421000.0,
        "Depreciation Amortization Depletion Income Statement": 1854000.0,
        "Depreciation And Amortization In Income Statement": 1854000.0,
        "Amortization": 1854000.0,
        "Amortization Of Intangibles Income Statement": 1854000.0,
        "Selling General And Administration": 55480000.0,
        "General And Administrative Expense": 55480000.0,
        "Other Gand A": -3623000.0,
        "Insurance And Claims": 1726000.0,
        "Salaries And Wages": 53754000.0,
        "Total Revenue": 200657000.0,
        "Operating Revenue": 200657000.0
    },
    "2022-09-30": {
        "Tax Effect Of Unusual Items": 0.0,
        "Tax Rate For Calcs": 0.2437,
        "Total Unusual Items": 0.0,
        "Total Unusual Items Excluding Goodwill": 0.0,
        "Net Income From Continuing Operation Net Minority Interest": 71897000.0,
        "Reconciled Depreciation": 9571000.0,
        "Net Interest Income": 162601000.0,
        "Interest Expense": 7370000.0,
        "Interest Income": 169971000.0,
        "Normalized Income": 71897000.0,
        "Net Income From Continuing And Discontinued Operation": 71897000.0,
        "Diluted Average Shares": 45856411.0,
        "Basic Average Shares": 45839555.0,
        "Diluted EPS": 1.57,
        "Basic EPS": 1.57,
        "Diluted NI Availto Com Stockholders": 71897000.0,
        "Net Income Common Stockholders": 71897000.0,
        "Net Income": 71897000.0,
        "Net Income Including Noncontrolling Interests": 71897000.0,
        "Net Income Continuous Operations": 71897000.0,
        "Tax Provision": 23171000.0,
        "Pretax Income": 95068000.0,
        "Special Income Charges": 0.0,
        "Restructuring And Mergern Acquisition": 0.0,
        "Gain On Sale Of Security": 471000.0,
        "Depreciation Amortization Depletion Income Statement": 1898000.0,
        "Depreciation And Amortization In Income Statement": 1898000.0,
        "Amortization": 1898000.0,
        "Amortization Of Intangibles Income Statement": 1898000.0,
        "Selling General And Administration": 56644000.0,
        "General And Administrative Expense": 56644000.0,
        "Other Gand A": 2259000.0,
        "Insurance And Claims": 1677000.0,
        "Salaries And Wages": 52708000.0,
        "Total Revenue": 190796000.0,
        "Operating Revenue": 190796000.0
    },
    "2022-06-30": {
        "Tax Effect Of Unusual Items": 0.0,
        "Tax Rate For Calcs": 0.248,
        "Total Unusual Items": 0.0,
        "Total Unusual Items Excluding Goodwill": 0.0,
        "Net Income From Continuing Operation Net Minority Interest": 61776000.0,
        "Reconciled Depreciation": 9838000.0,
        "Net Interest Income": 144861000.0,
        "Interest Expense": 3262000.0,
        "Interest Income": 148123000.0,
        "Normalized Income": 61776000.0,
        "Net Income From Continuing And Discontinued Operation": 61776000.0,
        "Diluted Average Shares": 46679197.0,
        "Basic Average Shares": 46665101.0,
        "Diluted EPS": 1.32,
        "Basic EPS": 1.32,
        "Diluted NI Availto Com Stockholders": 61776000.0,
        "Net Income Common Stockholders": 61776000.0,
        "Net Income": 61776000.0,
        "Net Income Including Noncontrolling Interests": 61776000.0,
        "Net Income Continuous Operations": 61776000.0,
        "Tax Provision": 20421000.0,
        "Pretax Income": 82197000.0,
        "Special Income Charges": 0.0,
        "Restructuring And Mergern Acquisition": 0.0,
        "Gain On Sale Of Security": 436000.0,
        "Depreciation Amortization Depletion Income Statement": 1902000.0,
        "Depreciation And Amortization In Income Statement": 1902000.0,
        "Amortization": 1902000.0,
        "Amortization Of Intangibles Income Statement": 1902000.0,
        "Selling General And Administration": 53528000.0,
        "General And Administrative Expense": 53528000.0,
        "Other Gand A": 2247000.0,
        "Insurance And Claims": 1743000.0,
        "Salaries And Wages": 49538000.0,
        "Total Revenue": 172759000.0,
        "Operating Revenue": 172759000.0
    },
    "2022-03-31": {
        "Diluted EPS": 1.12,
        "Total Revenue": 167,
        "Gross Profit": 164,
        "Operating Income": 77,
        "EBIT": NaN,
        "Net Income": 53
    },
    "2021-12-31": {
        "Diluted EPS": -0.14,
        "Total Revenue": 155,
        "Gross Profit": 152,
        "Operating Income": 36,
        "EBIT": NaN,
        "Net Income": 2
    },
    "2021-09-30": {
        "Diluted EPS": 1.21,
        "Total Revenue": 119,
        "Gross Profit": 117,
        "Operating Income": 56,
        "EBIT": NaN,
        "Net Income": 40
    },
    "2021-06-30": {
        "Diluted EPS": 1.14,
        "Total Revenue": 122,
        "Gross Profit": 118,
        "Operating Income": 52,
        "EBIT": NaN,
        "Net Income": 38
    },
    "2021-03-31": {
        "Diluted EPS": 1.26,
        "Total Revenue": 125,
        "Gross Profit": 121,
        "Operating Income": 54,
        "EBIT": NaN,
        "Net Income": 42
    },
    "2020-12-31": {
        "Diluted EPS": 1.04,
        "Total Revenue": 124,
        "Gross Profit": 119,
        "Operating Income": 49,
        "EBIT": NaN,
        "Net Income": 35
    },
    "2020-09-30": {
        "Diluted EPS": 1.06,
        "Total Revenue": 127,
        "Gross Profit": 120,
        "Operating Income": 46,
        "EBIT": NaN,
        "Net Income": 35
    },
    "2020-06-30": {
        "Diluted EPS": 0.76,
        "Total Revenue": 128,
        "Gross Profit": 119,
        "Operating Income": 33,
        "EBIT": NaN,
        "Net Income": 25
    },
    "2020-03-31": {
        "Diluted EPS": 0.78,
        "Total Revenue": 134,
        "Gross Profit": 121,
        "Operating Income": 29,
        "EBIT": NaN,
        "Net Income": 27
    },
    "2019-12-31": {
        "Diluted EPS": 1.38,
        "Total Revenue": 147,
        "Gross Profit": 133,
        "Operating Income": 62,
        "EBIT": NaN,
        "Net Income": 47
    },
    "2019-09-30": {
        "Diluted EPS": 1.51,
        "Total Revenue": 151,
        "Gross Profit": 136,
        "Operating Income": 70,
        "EBIT": NaN,
        "Net Income": 52
    },
    "2019-06-30": {
        "Diluted EPS": 0.89,
        "Total Revenue": 151,
        "Gross Profit": 135,
        "Operating Income": 65,
        "EBIT": NaN,
        "Net Income": 31
    },
    "2019-03-31": {
        "Diluted EPS": 1.25,
        "Total Revenue": 113,
        "Gross Profit": 104,
        "Operating Income": 48,
        "EBIT": NaN,
        "Net Income": 35
    },
    "2018-12-31": {
        "Diluted EPS": 1.07,
        "Total Revenue": 111,
        "Gross Profit": 104,
        "Operating Income": 46,
        "EBIT": NaN,
        "Net Income": 30
    },
    "2018-09-30": {
        "Diluted EPS": 1.2,
        "Total Revenue": 106,
        "Gross Profit": 99,
        "Operating Income": 46,
        "EBIT": NaN,
        "Net Income": 33
    },
    "2018-06-30": {
        "Diluted EPS": 1.13,
        "Total Revenue": 101,
        "Gross Profit": 95,
        "Operating Income": 41,
        "EBIT": NaN,
        "Net Income": 31
    },
    "2018-03-31": {
        "Diluted EPS": 1.0,
        "Total Revenue": 94,
        "Gross Profit": 88,
        "Operating Income": 34,
        "EBIT": NaN,
        "Net Income": 28
    },
    "2017-12-31": {
        "Diluted EPS": 0.81,
        "Total Revenue": 95,
        "Gross Profit": 90,
        "Operating Income": 40,
        "EBIT": NaN,
        "Net Income": 22
    },
    "2017-09-30": {
        "Diluted EPS": 0.87,
        "Total Revenue": 93,
        "Gross Profit": 88,
        "Operating Income": 37,
        "EBIT": NaN,
        "Net Income": 24
    },
    "2017-06-30": {
        "Diluted EPS": 0.75,
        "Total Revenue": 90,
        "Gross Profit": 85,
        "Operating Income": 34,
        "EBIT": NaN,
        "Net Income": 21
    },
    "2017-03-31": {
        "Diluted EPS": 0.76,
        "Total Revenue": 83,
        "Gross Profit": 79,
        "Operating Income": 30,
        "EBIT": NaN,
        "Net Income": 21
    },
    "2016-12-31": {
        "Diluted EPS": 0.64,
        "Total Revenue": 85,
        "Gross Profit": 81,
        "Operating Income": 30,
        "EBIT": NaN,
        "Net Income": 17
    },
    "2016-09-30": {
        "Diluted EPS": 0.78,
        "Total Revenue": 83,
        "Gross Profit": 78,
        "Operating Income": 30,
        "EBIT": NaN,
        "Net Income": 20
    },
    "2016-06-30": {
        "Diluted EPS": 0.77,
        "Total Revenue": 82,
        "Gross Profit": 78,
        "Operating Income": 30,
        "EBIT": NaN,
        "Net Income": 20
    },
    "2016-03-31": {
        "Diluted EPS": 0.71,
        "Total Revenue": 79,
        "Gross Profit": 74,
        "Operating Income": 27,
        "EBIT": NaN,
        "Net Income": 19
    },
    "2015-12-31": {
        "Diluted EPS": 0.74,
        "Total Revenue": 80,
        "Gross Profit": 75,
        "Operating Income": 28,
        "EBIT": NaN,
        "Net Income": 19
    },
    "2015-09-30": {
        "Diluted EPS": 0.71,
        "Total Revenue": 79,
        "Gross Profit": 74,
        "Operating Income": 26,
        "EBIT": NaN,
        "Net Income": 19
    },
    "2015-06-30": {
        "Diluted EPS": 0.67,
        "Total Revenue": 79,
        "Gross Profit": 74,
        "Operating Income": 25,
        "EBIT": NaN,
        "Net Income": 17
    },
    "2015-03-31": {
        "Diluted EPS": 0.38,
        "Total Revenue": 73,
        "Gross Profit": 68,
        "Operating Income": 24,
        "EBIT": NaN,
        "Net Income": 9
    },
    "2014-12-31": {
        "Diluted EPS": 0.66,
        "Total Revenue": 73,
        "Gross Profit": 68,
        "Operating Income": 23,
        "EBIT": NaN,
        "Net Income": 16
    },
    "2014-09-30": {
        "Diluted EPS": 0.66,
        "Total Revenue": 71,
        "Gross Profit": 67,
        "Operating Income": 23,
        "EBIT": NaN,
        "Net Income": 16
    },
    "2014-06-30": {
        "Diluted EPS": 0.61,
        "Total Revenue": 71,
        "Gross Profit": 66,
        "Operating Income": 21,
        "EBIT": NaN,
        "Net Income": 15
    },
    "2014-03-31": {
        "Diluted EPS": 0.56,
        "Total Revenue": 70,
        "Gross Profit": 65,
        "Operating Income": 19,
        "EBIT": NaN,
        "Net Income": 13
    },
    "2013-12-31": {
        "Diluted EPS": 0.44,
        "Total Revenue": 70,
        "Gross Profit": 64,
        "Operating Income": 20,
        "EBIT": NaN,
        "Net Income": 11
    },
    "2013-09-30": {
        "Diluted EPS": 0.64,
        "Total Revenue": 69,
        "Gross Profit": 63,
        "Operating Income": 20,
        "EBIT": NaN,
        "Net Income": 15
    },
    "2013-06-30": {
        "Diluted EPS": 0.56,
        "Total Revenue": 68,
        "Gross Profit": 62,
        "Operating Income": 18,
        "EBIT": NaN,
        "Net Income": 13
    },
    "2013-03-31": {
        "Diluted EPS": 0.54,
        "Total Revenue": 67,
        "Gross Profit": 61,
        "Operating Income": 18,
        "EBIT": NaN,
        "Net Income": 12
    },
    "2012-12-31": {
        "Diluted EPS": 0.45,
        "Total Revenue": 68,
        "Gross Profit": 62,
        "Operating Income": 19,
        "EBIT": NaN,
        "Net Income": 10
    },
    "2012-09-30": {
        "Diluted EPS": 0.53,
        "Total Revenue": 65,
        "Gross Profit": 59,
        "Operating Income": 16,
        "EBIT": NaN,
        "Net Income": 12
    },
    "2012-06-30": {
        "Diluted EPS": 0.41,
        "Total Revenue": 63,
        "Gross Profit": 58,
        "Operating Income": 13,
        "EBIT": NaN,
        "Net Income": 9
    },
    "2012-03-31": {
        "Diluted EPS": 0.56,
        "Total Revenue": 62,
        "Gross Profit": 56,
        "Operating Income": 17,
        "EBIT": NaN,
        "Net Income": 12
    },
    "2011-12-31": {
        "Diluted EPS": 0.52,
        "Total Revenue": 63,
        "Gross Profit": 56,
        "Operating Income": 15,
        "EBIT": NaN,
        "Net Income": 11
    },
    "2011-09-30": {
        "Diluted EPS": 0.56,
        "Total Revenue": 61,
        "Gross Profit": 54,
        "Operating Income": 17,
        "EBIT": NaN,
        "Net Income": 12
    },
    "2011-06-30": {
        "Diluted EPS": 0.52,
        "Total Revenue": 63,
        "Gross Profit": 56,
        "Operating Income": 15,
        "EBIT": NaN,
        "Net Income": 11
    },
    "2011-03-31": {
        "Diluted EPS": 0.52,
        "Total Revenue": 62,
        "Gross Profit": 54,
        "Operating Income": 15,
        "EBIT": NaN,
        "Net Income": 11
    },
    "2010-12-31": {
        "Diluted EPS": 0.55,
        "Total Revenue": 64,
        "Gross Profit": 56,
        "Operating Income": 15,
        "EBIT": NaN,
        "Net Income": 12
    },
    "2010-09-30": {
        "Diluted EPS": 0.53,
        "Total Revenue": 62,
        "Gross Profit": 53,
        "Operating Income": 15,
        "EBIT": NaN,
        "Net Income": 11
    },
    "2010-06-30": {
        "Diluted EPS": 0.38,
        "Total Revenue": 62,
        "Gross Profit": 52,
        "Operating Income": 10,
        "EBIT": NaN,
        "Net Income": 8
    },
    "2010-03-31": {
        "Diluted EPS": 0.44,
        "Total Revenue": 61,
        "Gross Profit": 50,
        "Operating Income": 12,
        "EBIT": NaN,
        "Net Income": 9
    },
    "2009-12-31": {
        "Diluted EPS": 0.42,
        "Total Revenue": 63,
        "Gross Profit": 51,
        "Operating Income": 12,
        "EBIT": NaN,
        "Net Income": 9
    },
    "2009-09-30": {
        "Diluted EPS": 0.33,
        "Total Revenue": 58,
        "Gross Profit": 45,
        "Operating Income": 9,
        "EBIT": NaN,
        "Net Income": 7
    },
    "2009-06-30": {
        "Diluted EPS": -0.19,
        "Total Revenue": 66,
        "Gross Profit": 52,
        "Operating Income": 12,
        "EBIT": NaN,
        "Net Income": -4
    },
    "2009-03-31": {
        "Diluted EPS": 0.32,
        "Total Revenue": 54,
        "Gross Profit": 40,
        "Operating Income": 10,
        "EBIT": NaN,
        "Net Income": 5
    },
    "2023-09-30": {
        "Tax Effect Of Unusual Items": 0.0,
        "Tax Rate For Calcs": 0.241237,
        "Total Unusual Items": NaN,
        "Total Unusual Items Excluding Goodwill": NaN,
        "Net Income From Continuing Operation Net Minority Interest": 60808000.0,
        "Reconciled Depreciation": NaN,
        "Net Interest Income": 149880000.0,
        "Interest Expense": 53048000.0,
        "Interest Income": 202928000.0,
        "Normalized Income": 60808000.0,
        "Net Income From Continuing And Discontinued Operation": 60808000.0,
        "Diluted Average Shares": 44146904.0,
        "Basic Average Shares": 44135487.0,
        "Diluted EPS": 1.38,
        "Basic EPS": 1.38,
        "Diluted NI Availto Com Stockholders": 60808000.0,
        "Net Income Common Stockholders": 60808000.0,
        "Net Income": 60808000.0,
        "Net Income Including Noncontrolling Interests": 60808000.0,
        "Net Income Continuous Operations": 60808000.0,
        "Tax Provision": 19333000.0,
        "Pretax Income": 80141000.0,
        "Special Income Charges": NaN,
        "Restructuring And Mergern Acquisition": NaN,
        "Gain On Sale Of Security": 842000.0,
        "Depreciation Amortization Depletion Income Statement": NaN,
        "Depreciation And Amortization In Income Statement": NaN,
        "Amortization": NaN,
        "Amortization Of Intangibles Income Statement": NaN,
        "Selling General And Administration": 57524000.0,
        "General And Administrative Expense": 57524000.0,
        "Other Gand A": NaN,
        "Insurance And Claims": 2727000.0,
        "Salaries And Wages": 54797000.0,
        "Total Revenue": 183423000.0,
        "Operating Revenue": 183423000.0
    }
}