{
    "2023-03-31": {
        "Tax Effect Of Unusual Items": -5723130.0,
        "Tax Rate For Calcs": 0.21,
        "Normalized EBITDA": 46882000.0,
        "Total Unusual Items": -27253000.0,
        "Total Unusual Items Excluding Goodwill": -27253000.0,
        "Net Income From Continuing Operation Net Minority Interest": -116354000.0,
        "Reconciled Depreciation": 41363000.0,
        "Reconciled Cost Of Revenue": 74825000.0,
        "EBITDA": 19629000.0,
        "EBIT": -21734000.0,
        "Net Interest Income": -27468000.0,
        "Interest Expense": 35051000.0,
        "Interest Income": 7583000.0,
        "Normalized Income": -94824130.0,
        "Net Income From Continuing And Discontinued Operation": -116354000.0,
        "Total Expenses": 368125000.0,
        "Total Operating Income As Reported": -29947000.0,
        "Diluted Average Shares": 284886000.0,
        "Basic Average Shares": 284886000.0,
        "Diluted EPS": -0.41,
        "Basic EPS": -0.41,
        "Diluted NI Availto Com Stockholders": -116354000.0,
        "Net Income Common Stockholders": -116354000.0,
        "Net Income": -116354000.0,
        "Net Income Including Noncontrolling Interests": -116354000.0,
        "Net Income Continuous Operations": -116354000.0,
        "Tax Provision": 59569000.0,
        "Pretax Income": -56785000.0,
        "Other Income Expense": -26623000.0,
        "Other Non Operating Income Expenses": 630000.0,
        "Special Income Charges": -27253000.0,
        "Restructuring And Mergern Acquisition": 27253000.0,
        "Net Non Operating Interest Income Expense": -27468000.0,
        "Interest Expense Non Operating": 35051000.0,
        "Interest Income Non Operating": 7583000.0,
        "Operating Income": -2694000.0,
        "Operating Expense": 286228000.0,
        "Depreciation Amortization Depletion Income Statement": 34291000.0,
        "Depreciation And Amortization In Income Statement": 34291000.0,
        "Amortization": 34291000.0,
        "Amortization Of Intangibles Income Statement": 34291000.0,
        "Research And Development": 82039000.0,
        "Selling General And Administration": 169898000.0,
        "Selling And Marketing Expense": 128538000.0,
        "General And Administrative Expense": 41360000.0,
        "Other Gand A": 41360000.0,
        "Gross Profit": 283534000.0,
        "Cost Of Revenue": 81897000.0,
        "Total Revenue": 365431000.0,
        "Operating Revenue": 365431000.0
    },
    "2022-12-31": {
        "Tax Effect Of Unusual Items": 0.0,
        "Tax Rate For Calcs": 0.21,
        "Normalized EBITDA": 82235000.0,
        "Total Unusual Items": NaN,
        "Total Unusual Items Excluding Goodwill": NaN,
        "Net Income From Continuing Operation Net Minority Interest": -4381000.0,
        "Reconciled Depreciation": 51445000.0,
        "Reconciled Cost Of Revenue": 72779000.0,
        "EBITDA": 82235000.0,
        "EBIT": 30790000.0,
        "Net Interest Income": -21534000.0,
        "Interest Expense": 26450000.0,
        "Interest Income": 4916000.0,
        "Normalized Income": -4381000.0,
        "Net Income From Continuing And Discontinued Operation": -4381000.0,
        "Total Expenses": 369883000.0,
        "Total Operating Income As Reported": 28898000.0,
        "Diluted Average Shares": 283410000.0,
        "Basic Average Shares": 283410000.0,
        "Diluted EPS": -0.02,
        "Basic EPS": -0.02,
        "Diluted NI Availto Com Stockholders": -4381000.0,
        "Net Income Common Stockholders": -4381000.0,
        "Net Income": -4381000.0,
        "Net Income Including Noncontrolling Interests": -4381000.0,
        "Net Income Continuous Operations": -4381000.0,
        "Tax Provision": 8721000.0,
        "Pretax Income": 4340000.0,
        "Other Income Expense": -3024000.0,
        "Other Non Operating Income Expenses": -3024000.0,
        "Special Income Charges": NaN,
        "Restructuring And Mergern Acquisition": NaN,
        "Net Non Operating Interest Income Expense": -21534000.0,
        "Interest Expense Non Operating": 26450000.0,
        "Interest Income Non Operating": 4916000.0,
        "Operating Income": 28898000.0,
        "Operating Expense": 283779000.0,
        "Depreciation Amortization Depletion Income Statement": 38120000.0,
        "Depreciation And Amortization In Income Statement": 38120000.0,
        "Amortization": 38120000.0,
        "Amortization Of Intangibles Income Statement": 38120000.0,
        "Research And Development": 79179000.0,
        "Selling General And Administration": 166480000.0,
        "Selling And Marketing Expense": 130849000.0,
        "General And Administrative Expense": 35631000.0,
        "Other Gand A": 35631000.0,
        "Gross Profit": 312677000.0,
        "Cost Of Revenue": 86104000.0,
        "Total Revenue": 398781000.0,
        "Operating Revenue": 398781000.0
    },
    "2022-09-30": {
        "Tax Effect Of Unusual Items": 0.0,
        "Tax Rate For Calcs": 0.21,
        "Normalized EBITDA": 61390000.0,
        "Total Unusual Items": NaN,
        "Total Unusual Items Excluding Goodwill": NaN,
        "Net Income From Continuing Operation Net Minority Interest": -15602000.0,
        "Reconciled Depreciation": 52025000.0,
        "Reconciled Cost Of Revenue": 73397000.0,
        "EBITDA": 61390000.0,
        "EBIT": 9365000.0,
        "Net Interest Income": -19372000.0,
        "Interest Expense": 22185000.0,
        "Interest Income": 2813000.0,
        "Normalized Income": -15602000.0,
        "Net Income From Continuing And Discontinued Operation": -15602000.0,
        "Total Expenses": 369362000.0,
        "Total Operating Income As Reported": 2589000.0,
        "Diluted Average Shares": 281859000.0,
        "Basic Average Shares": 281859000.0,
        "Diluted EPS": -0.06,
        "Basic EPS": -0.06,
        "Diluted NI Availto Com Stockholders": -15602000.0,
        "Net Income Common Stockholders": -15602000.0,
        "Net Income": -15602000.0,
        "Net Income Including Noncontrolling Interests": -15602000.0,
        "Net Income Continuous Operations": -15602000.0,
        "Tax Provision": 2782000.0,
        "Pretax Income": -12820000.0,
        "Other Income Expense": 3963000.0,
        "Other Non Operating Income Expenses": 3963000.0,
        "Special Income Charges": NaN,
        "Restructuring And Mergern Acquisition": NaN,
        "Net Non Operating Interest Income Expense": -19372000.0,
        "Interest Expense Non Operating": 22185000.0,
        "Interest Income Non Operating": 2813000.0,
        "Operating Income": 2589000.0,
        "Operating Expense": 282171000.0,
        "Depreciation Amortization Depletion Income Statement": 38231000.0,
        "Depreciation And Amortization In Income Statement": 38231000.0,
        "Amortization": 38231000.0,
        "Amortization Of Intangibles Income Statement": 38231000.0,
        "Research And Development": 80403000.0,
        "Selling General And Administration": 163537000.0,
        "Selling And Marketing Expense": 132282000.0,
        "General And Administrative Expense": 31255000.0,
        "Other Gand A": 31255000.0,
        "Gross Profit": 284760000.0,
        "Cost Of Revenue": 87191000.0,
        "Total Revenue": 371951000.0,
        "Operating Revenue": 371951000.0
    },
    "2022-06-30": {
        "Tax Effect Of Unusual Items": 0.0,
        "Tax Rate For Calcs": 0.4,
        "Normalized EBITDA": 45882000.0,
        "Total Unusual Items": NaN,
        "Total Unusual Items Excluding Goodwill": NaN,
        "Net Income From Continuing Operation Net Minority Interest": -30506000.0,
        "Reconciled Depreciation": 53038000.0,
        "Reconciled Cost Of Revenue": 71830000.0,
        "EBITDA": 45882000.0,
        "EBIT": -7156000.0,
        "Net Interest Income": -15431000.0,
        "Interest Expense": 16560000.0,
        "Interest Income": 1129000.0,
        "Normalized Income": -30506000.0,
        "Net Income From Continuing And Discontinued Operation": -30506000.0,
        "Total Expenses": 384161000.0,
        "Total Operating Income As Reported": -12122000.0,
        "Diluted Average Shares": 280417000.0,
        "Basic Average Shares": 280417000.0,
        "Diluted EPS": -0.11,
        "Basic EPS": -0.11,
        "Diluted NI Availto Com Stockholders": -30506000.0,
        "Net Income Common Stockholders": -30506000.0,
        "Net Income": -30506000.0,
        "Net Income Including Noncontrolling Interests": -30506000.0,
        "Net Income Continuous Operations": -30506000.0,
        "Tax Provision": 6790000.0,
        "Pretax Income": -23716000.0,
        "Other Income Expense": 3837000.0,
        "Other Non Operating Income Expenses": 3837000.0,
        "Special Income Charges": NaN,
        "Restructuring And Mergern Acquisition": NaN,
        "Net Non Operating Interest Income Expense": -15431000.0,
        "Interest Expense Non Operating": 16560000.0,
        "Interest Income Non Operating": 1129000.0,
        "Operating Income": -12122000.0,
        "Operating Expense": 297752000.0,
        "Depreciation Amortization Depletion Income Statement": 38459000.0,
        "Depreciation And Amortization In Income Statement": 38459000.0,
        "Amortization": 38459000.0,
        "Amortization Of Intangibles Income Statement": 38459000.0,
        "Research And Development": 84064000.0,
        "Selling General And Administration": 175229000.0,
        "Selling And Marketing Expense": 143597000.0,
        "General And Administrative Expense": 31632000.0,
        "Other Gand A": 31632000.0,
        "Gross Profit": 285630000.0,
        "Cost Of Revenue": 86409000.0,
        "Total Revenue": 372039000.0,
        "Operating Revenue": 372039000.0
    },
    "2023-06-30": {
        "Tax Effect Of Unusual Items": -98910.0,
        "Tax Rate For Calcs": 0.21,
        "Normalized EBITDA": 49046000.0,
        "Total Unusual Items": -471000.0,
        "Total Unusual Items Excluding Goodwill": -471000.0,
        "Net Income From Continuing Operation Net Minority Interest": -152466000.0,
        "Reconciled Depreciation": 41510000.0,
        "Reconciled Cost Of Revenue": 78430000.0,
        "EBITDA": 48575000.0,
        "EBIT": 7065000.0,
        "Net Interest Income": -27546000.0,
        "Interest Expense": 37466000.0,
        "Interest Income": 9920000.0,
        "Normalized Income": -152093910.0,
        "Net Income From Continuing And Discontinued Operation": -152466000.0,
        "Total Expenses": 380903000.0,
        "Total Operating Income As Reported": -5386000.0,
        "Diluted Average Shares": 287109000.0,
        "Basic Average Shares": 287109000.0,
        "Diluted EPS": -0.53,
        "Basic EPS": -0.53,
        "Diluted NI Availto Com Stockholders": -152466000.0,
        "Net Income Common Stockholders": -152466000.0,
        "Net Income": -152466000.0,
        "Net Income Including Noncontrolling Interests": -152466000.0,
        "Net Income Continuous Operations": -152466000.0,
        "Tax Provision": 122065000.0,
        "Pretax Income": -30401000.0,
        "Other Income Expense": 2060000.0,
        "Other Non Operating Income Expenses": 2531000.0,
        "Special Income Charges": -471000.0,
        "Restructuring And Mergern Acquisition": 471000.0,
        "Net Non Operating Interest Income Expense": -27546000.0,
        "Interest Expense Non Operating": 37466000.0,
        "Interest Income Non Operating": 9920000.0,
        "Operating Income": -4915000.0,
        "Operating Expense": 295311000.0,
        "Depreciation Amortization Depletion Income Statement": 34348000.0,
        "Depreciation And Amortization In Income Statement": 34348000.0,
        "Amortization": 34348000.0,
        "Amortization Of Intangibles Income Statement": 34348000.0,
        "Research And Development": 87707000.0,
        "Selling General And Administration": 173256000.0,
        "Selling And Marketing Expense": 134500000.0,
        "General And Administrative Expense": 38756000.0,
        "Other Gand A": 38756000.0,
        "Gross Profit": 290396000.0,
        "Cost Of Revenue": 85592000.0,
        "Total Revenue": 375988000.0,
        "Operating Revenue": 375988000.0
    },
    "2022-03-31": {
        "Diluted EPS": -0.01,
        "Total Revenue": 362,
        "Gross Profit": 279,
        "Operating Income": 6,
        "EBIT": 61,
        "Net Income": -3
    },
    "2021-12-31": {
        "Diluted EPS": -0.26,
        "Total Revenue": 407,
        "Gross Profit": 312,
        "Operating Income": -1,
        "EBIT": 67,
        "Net Income": -66
    },
    "2021-09-30": {
        "Diluted EPS": 0.01,
        "Total Revenue": 362,
        "Gross Profit": 281,
        "Operating Income": 29,
        "EBIT": 98,
        "Net Income": 3
    },
    "2021-06-30": {
        "Diluted EPS": -0.14,
        "Total Revenue": 342,
        "Gross Profit": 263,
        "Operating Income": 14,
        "EBIT": 84,
        "Net Income": -34
    },
    "2021-03-31": {
        "Diluted EPS": -0.01,
        "Total Revenue": 334,
        "Gross Profit": 256,
        "Operating Income": 18,
        "EBIT": 88,
        "Net Income": -2
    },
    "2020-12-31": {
        "Diluted EPS": 0.0,
        "Total Revenue": NaN,
        "Gross Profit": NaN,
        "Operating Income": NaN,
        "EBIT": NaN,
        "Net Income": NaN
    },
    "2020-09-30": {
        "Diluted EPS": -0.13,
        "Total Revenue": 327,
        "Gross Profit": 250,
        "Operating Income": 8,
        "EBIT": 8,
        "Net Income": -32
    },
    "2019-12-31": {
        "Diluted EPS": 0.0,
        "Total Revenue": NaN,
        "Gross Profit": NaN,
        "Operating Income": NaN,
        "EBIT": NaN,
        "Net Income": NaN
    },
    "2023-09-30": {
        "Tax Effect Of Unusual Items": -85470.0,
        "Tax Rate For Calcs": 0.21,
        "Normalized EBITDA": 90134000.0,
        "Total Unusual Items": -407000.0,
        "Total Unusual Items Excluding Goodwill": -407000.0,
        "Net Income From Continuing Operation Net Minority Interest": 79276000.0,
        "Reconciled Depreciation": 41697000.0,
        "Reconciled Cost Of Revenue": 76625000.0,
        "EBITDA": 89727000.0,
        "EBIT": 48030000.0,
        "Net Interest Income": -28880000.0,
        "Interest Expense": 39327000.0,
        "Interest Income": 10447000.0,
        "Normalized Income": 79597530.0,
        "Net Income From Continuing And Discontinued Operation": 79276000.0,
        "Total Expenses": 376092000.0,
        "Total Operating Income As Reported": 32064000.0,
        "Diluted Average Shares": 296556000.0,
        "Basic Average Shares": 289354000.0,
        "Diluted EPS": 0.27,
        "Basic EPS": 0.27,
        "Diluted NI Availto Com Stockholders": 79276000.0,
        "Net Income Common Stockholders": 79276000.0,
        "Net Income": 79276000.0,
        "Net Income Including Noncontrolling Interests": 79276000.0,
        "Net Income Continuous Operations": 79276000.0,
        "Tax Provision": -70573000.0,
        "Pretax Income": 8703000.0,
        "Other Income Expense": 5112000.0,
        "Other Non Operating Income Expenses": 5519000.0,
        "Special Income Charges": -407000.0,
        "Restructuring And Mergern Acquisition": 407000.0,
        "Net Non Operating Interest Income Expense": -28880000.0,
        "Interest Expense Non Operating": 39327000.0,
        "Interest Income Non Operating": 10447000.0,
        "Operating Income": 32471000.0,
        "Operating Expense": 292251000.0,
        "Depreciation Amortization Depletion Income Statement": 34481000.0,
        "Depreciation And Amortization In Income Statement": 34481000.0,
        "Amortization": 34481000.0,
        "Amortization Of Intangibles Income Statement": 34481000.0,
        "Research And Development": 85862000.0,
        "Selling General And Administration": 171908000.0,
        "Selling And Marketing Expense": 129997000.0,
        "General And Administrative Expense": 41911000.0,
        "Other Gand A": 41911000.0,
        "Gross Profit": 324722000.0,
        "Cost Of Revenue": 83841000.0,
        "Total Revenue": 408563000.0,
        "Operating Revenue": 408563000.0
    },
    "2023-12-31": {
        "Tax Effect Of Unusual Items": -6641040.0,
        "Tax Rate For Calcs": 0.21,
        "Normalized EBITDA": 114710000.0,
        "Total Unusual Items": -31624000.0,
        "Total Unusual Items Excluding Goodwill": -31624000.0,
        "Net Income From Continuing Operation Net Minority Interest": 64261000.0,
        "Reconciled Depreciation": 42223000.0,
        "Reconciled Cost Of Revenue": 79136000.0,
        "EBITDA": 83086000.0,
        "EBIT": 40863000.0,
        "Net Interest Income": -27816000.0,
        "Interest Expense": 39552000.0,
        "Interest Income": 11736000.0,
        "Normalized Income": 89243960.0,
        "Net Income From Continuing And Discontinued Operation": 64261000.0,
        "Total Expenses": 376722000.0,
        "Total Operating Income As Reported": 36832000.0,
        "Diluted Average Shares": 304826000.0,
        "Basic Average Shares": 292851000.0,
        "Diluted EPS": 0.21,
        "Basic EPS": 0.22,
        "Diluted NI Availto Com Stockholders": 64261000.0,
        "Net Income Common Stockholders": 64261000.0,
        "Net Income": 64261000.0,
        "Net Income Including Noncontrolling Interests": 64261000.0,
        "Net Income Continuous Operations": 64261000.0,
        "Tax Provision": -62950000.0,
        "Pretax Income": 1311000.0,
        "Other Income Expense": -39329000.0,
        "Other Non Operating Income Expenses": -7705000.0,
        "Special Income Charges": -31624000.0,
        "Restructuring And Mergern Acquisition": 31624000.0,
        "Net Non Operating Interest Income Expense": -27816000.0,
        "Interest Expense Non Operating": 39552000.0,
        "Interest Income Non Operating": 11736000.0,
        "Operating Income": 68456000.0,
        "Operating Expense": 289757000.0,
        "Depreciation Amortization Depletion Income Statement": 34394000.0,
        "Depreciation And Amortization In Income Statement": 34394000.0,
        "Amortization": 34394000.0,
        "Amortization Of Intangibles Income Statement": 34394000.0,
        "Research And Development": 79464000.0,
        "Selling General And Administration": 175899000.0,
        "Selling And Marketing Expense": 135218000.0,
        "General And Administrative Expense": 40681000.0,
        "Other Gand A": 40681000.0,
        "Gross Profit": 358213000.0,
        "Cost Of Revenue": 86965000.0,
        "Total Revenue": 445178000.0,
        "Operating Revenue": 445178000.0
    }
}