{
    "2023-03-31": {
        "Tax Effect Of Unusual Items": NaN,
        "Tax Rate For Calcs": NaN,
        "Normalized EBITDA": NaN,
        "Total Unusual Items": NaN,
        "Total Unusual Items Excluding Goodwill": NaN,
        "Net Income From Continuing Operation Net Minority Interest": NaN,
        "Reconciled Depreciation": NaN,
        "Reconciled Cost Of Revenue": NaN,
        "EBITDA": NaN,
        "EBIT": NaN,
        "Net Interest Income": NaN,
        "Interest Expense": NaN,
        "Interest Income": NaN,
        "Normalized Income": NaN,
        "Net Income From Continuing And Discontinued Operation": NaN,
        "Total Expenses": NaN,
        "Total Operating Income As Reported": NaN,
        "Diluted Average Shares": NaN,
        "Basic Average Shares": NaN,
        "Diluted EPS": NaN,
        "Basic EPS": NaN,
        "Diluted NI Availto Com Stockholders": NaN,
        "Net Income Common Stockholders": NaN,
        "Net Income": NaN,
        "Net Income Including Noncontrolling Interests": NaN,
        "Net Income Continuous Operations": NaN,
        "Tax Provision": NaN,
        "Pretax Income": NaN,
        "Other Income Expense": NaN,
        "Other Non Operating Income Expenses": NaN,
        "Special Income Charges": NaN,
        "Impairment Of Capital Assets": 786000.0,
        "Restructuring And Mergern Acquisition": NaN,
        "Net Non Operating Interest Income Expense": NaN,
        "Interest Expense Non Operating": NaN,
        "Interest Income Non Operating": NaN,
        "Operating Income": NaN,
        "Operating Expense": NaN,
        "Other Operating Expenses": 4000.0,
        "Depreciation Amortization Depletion Income Statement": NaN,
        "Depreciation And Amortization In Income Statement": NaN,
        "Amortization": NaN,
        "Amortization Of Intangibles Income Statement": NaN,
        "Research And Development": NaN,
        "Selling General And Administration": NaN,
        "Selling And Marketing Expense": NaN,
        "General And Administrative Expense": NaN,
        "Other Gand A": NaN,
        "Gross Profit": NaN,
        "Cost Of Revenue": NaN,
        "Total Revenue": NaN,
        "Operating Revenue": NaN
    },
    "2022-12-31": {
        "Tax Effect Of Unusual Items": NaN,
        "Tax Rate For Calcs": NaN,
        "Normalized EBITDA": NaN,
        "Total Unusual Items": NaN,
        "Total Unusual Items Excluding Goodwill": NaN,
        "Net Income From Continuing Operation Net Minority Interest": NaN,
        "Reconciled Depreciation": NaN,
        "Reconciled Cost Of Revenue": NaN,
        "EBITDA": NaN,
        "EBIT": NaN,
        "Net Interest Income": NaN,
        "Interest Expense": NaN,
        "Interest Income": NaN,
        "Normalized Income": NaN,
        "Net Income From Continuing And Discontinued Operation": NaN,
        "Total Expenses": NaN,
        "Total Operating Income As Reported": NaN,
        "Diluted Average Shares": NaN,
        "Basic Average Shares": NaN,
        "Diluted EPS": NaN,
        "Basic EPS": NaN,
        "Diluted NI Availto Com Stockholders": NaN,
        "Net Income Common Stockholders": NaN,
        "Net Income": NaN,
        "Net Income Including Noncontrolling Interests": NaN,
        "Net Income Continuous Operations": NaN,
        "Tax Provision": NaN,
        "Pretax Income": NaN,
        "Other Income Expense": NaN,
        "Other Non Operating Income Expenses": NaN,
        "Special Income Charges": NaN,
        "Other Special Charges": 0.0,
        "Write Off": 0.0,
        "Impairment Of Capital Assets": 524000.0,
        "Restructuring And Mergern Acquisition": NaN,
        "Net Non Operating Interest Income Expense": NaN,
        "Interest Expense Non Operating": NaN,
        "Interest Income Non Operating": NaN,
        "Operating Income": NaN,
        "Operating Expense": NaN,
        "Other Operating Expenses": 8000.0,
        "Depreciation Amortization Depletion Income Statement": NaN,
        "Depreciation And Amortization In Income Statement": NaN,
        "Amortization": NaN,
        "Amortization Of Intangibles Income Statement": NaN,
        "Research And Development": NaN,
        "Selling General And Administration": NaN,
        "Selling And Marketing Expense": NaN,
        "General And Administrative Expense": NaN,
        "Other Gand A": NaN,
        "Gross Profit": NaN,
        "Cost Of Revenue": NaN,
        "Total Revenue": NaN,
        "Operating Revenue": NaN
    },
    "2022-09-30": {
        "Tax Effect Of Unusual Items": NaN,
        "Tax Rate For Calcs": NaN,
        "Normalized EBITDA": NaN,
        "Total Unusual Items": NaN,
        "Total Unusual Items Excluding Goodwill": NaN,
        "Net Income From Continuing Operation Net Minority Interest": NaN,
        "Reconciled Depreciation": NaN,
        "Reconciled Cost Of Revenue": NaN,
        "EBITDA": NaN,
        "EBIT": NaN,
        "Net Interest Income": NaN,
        "Interest Expense": NaN,
        "Interest Income": NaN,
        "Normalized Income": NaN,
        "Net Income From Continuing And Discontinued Operation": NaN,
        "Total Expenses": NaN,
        "Total Operating Income As Reported": NaN,
        "Diluted Average Shares": NaN,
        "Basic Average Shares": NaN,
        "Diluted EPS": NaN,
        "Basic EPS": NaN,
        "Diluted NI Availto Com Stockholders": NaN,
        "Net Income Common Stockholders": NaN,
        "Net Income": NaN,
        "Net Income Including Noncontrolling Interests": NaN,
        "Net Income Continuous Operations": NaN,
        "Tax Provision": NaN,
        "Pretax Income": NaN,
        "Other Income Expense": NaN,
        "Other Non Operating Income Expenses": NaN,
        "Special Income Charges": NaN,
        "Other Special Charges": -15521000.0,
        "Write Off": 0.0,
        "Impairment Of Capital Assets": 1076000.0,
        "Restructuring And Mergern Acquisition": NaN,
        "Net Non Operating Interest Income Expense": NaN,
        "Interest Expense Non Operating": NaN,
        "Interest Income Non Operating": NaN,
        "Operating Income": NaN,
        "Operating Expense": NaN,
        "Other Operating Expenses": 34000.0,
        "Depreciation Amortization Depletion Income Statement": NaN,
        "Depreciation And Amortization In Income Statement": NaN,
        "Amortization": NaN,
        "Amortization Of Intangibles Income Statement": NaN,
        "Research And Development": NaN,
        "Selling General And Administration": NaN,
        "Selling And Marketing Expense": NaN,
        "General And Administrative Expense": NaN,
        "Other Gand A": NaN,
        "Gross Profit": NaN,
        "Cost Of Revenue": NaN,
        "Total Revenue": NaN,
        "Operating Revenue": NaN
    },
    "2022-06-30": {
        "Tax Effect Of Unusual Items": -453200.0,
        "Tax Rate For Calcs": 0.4,
        "Normalized EBITDA": -20863000.0,
        "Total Unusual Items": -1133000.0,
        "Total Unusual Items Excluding Goodwill": -1133000.0,
        "Net Income From Continuing Operation Net Minority Interest": -55721000.0,
        "Reconciled Depreciation": 21134000.0,
        "Reconciled Cost Of Revenue": 231318000.0,
        "EBITDA": -21996000.0,
        "EBIT": -43130000.0,
        "Net Interest Income": -7148000.0,
        "Interest Expense": 7252000.0,
        "Interest Income": 104000.0,
        "Normalized Income": -55041200.0,
        "Net Income From Continuing And Discontinued Operation": -55721000.0,
        "Total Expenses": 396566000.0,
        "Total Operating Income As Reported": -39714000.0,
        "Diluted Average Shares": 215509000.0,
        "Basic Average Shares": 215509000.0,
        "Diluted EPS": -0.26,
        "Basic EPS": -0.26,
        "Diluted NI Availto Com Stockholders": -55721000.0,
        "Net Income Common Stockholders": -55721000.0,
        "Net Income": -55721000.0,
        "Net Income Including Noncontrolling Interests": -55721000.0,
        "Net Income Continuous Operations": -55721000.0,
        "Tax Provision": 5339000.0,
        "Pretax Income": -50382000.0,
        "Other Income Expense": -4653000.0,
        "Other Non Operating Income Expenses": -3520000.0,
        "Special Income Charges": -1133000.0,
        "Other Special Charges": NaN,
        "Write Off": NaN,
        "Impairment Of Capital Assets": NaN,
        "Restructuring And Mergern Acquisition": 1133000.0,
        "Net Non Operating Interest Income Expense": -7148000.0,
        "Interest Expense Non Operating": 7252000.0,
        "Interest Income Non Operating": 104000.0,
        "Operating Income": -38581000.0,
        "Operating Expense": 147781000.0,
        "Other Operating Expenses": NaN,
        "Depreciation Amortization Depletion Income Statement": 3667000.0,
        "Depreciation And Amortization In Income Statement": 3667000.0,
        "Amortization": 3667000.0,
        "Amortization Of Intangibles Income Statement": 3667000.0,
        "Research And Development": 78635000.0,
        "Selling General And Administration": 65479000.0,
        "Selling And Marketing Expense": 35329000.0,
        "General And Administrative Expense": 30150000.0,
        "Other Gand A": 30150000.0,
        "Gross Profit": 109200000.0,
        "Cost Of Revenue": 248785000.0,
        "Total Revenue": 357985000.0,
        "Operating Revenue": 357985000.0
    },
    "2022-03-31": {
        "Diluted EPS": -0.2,
        "Total Revenue": 339,
        "Gross Profit": 112,
        "Operating Income": -36,
        "EBIT": -14,
        "Net Income": -42
    },
    "2021-12-31": {
        "Diluted EPS": -0.15,
        "Total Revenue": 400,
        "Gross Profit": 142,
        "Operating Income": -10,
        "EBIT": 22,
        "Net Income": -33
    },
    "2021-09-30": {
        "Diluted EPS": -0.26,
        "Total Revenue": 356,
        "Gross Profit": 118,
        "Operating Income": -31,
        "EBIT": -2,
        "Net Income": -54
    },
    "2021-06-30": {
        "Diluted EPS": -0.17,
        "Total Revenue": 338,
        "Gross Profit": 120,
        "Operating Income": -23,
        "EBIT": 4,
        "Net Income": -36
    },
    "2021-03-31": {
        "Diluted EPS": -0.24,
        "Total Revenue": 331,
        "Gross Profit": 117,
        "Operating Income": -23,
        "EBIT": 5,
        "Net Income": -48
    },
    "2020-12-31": {
        "Diluted EPS": -0.03,
        "Total Revenue": 354,
        "Gross Profit": 126,
        "Operating Income": -7,
        "EBIT": 27,
        "Net Income": -10
    },
    "2020-09-30": {
        "Diluted EPS": -0.19,
        "Total Revenue": 340,
        "Gross Profit": 108,
        "Operating Income": -27,
        "EBIT": 3,
        "Net Income": -36
    },
    "2020-06-30": {
        "Diluted EPS": -0.33,
        "Total Revenue": 332,
        "Gross Profit": 97,
        "Operating Income": -45,
        "EBIT": -11,
        "Net Income": -62
    },
    "2020-03-31": {
        "Diluted EPS": -0.55,
        "Total Revenue": 330,
        "Gross Profit": 77,
        "Operating Income": -77,
        "EBIT": -46,
        "Net Income": -99
    },
    "2019-12-31": {
        "Diluted EPS": -0.36,
        "Total Revenue": 385,
        "Gross Profit": 111,
        "Operating Income": -61,
        "EBIT": -27,
        "Net Income": -67
    },
    "2019-09-30": {
        "Diluted EPS": -0.47,
        "Total Revenue": 325,
        "Gross Profit": 87,
        "Operating Income": -69,
        "EBIT": -35,
        "Net Income": -85
    },
    "2019-06-30": {
        "Diluted EPS": -0.64,
        "Total Revenue": 296,
        "Gross Profit": 61,
        "Operating Income": -108,
        "EBIT": -73,
        "Net Income": -114
    },
    "2019-03-31": {
        "Diluted EPS": -0.69,
        "Total Revenue": 293,
        "Gross Profit": 66,
        "Operating Income": -112,
        "EBIT": -76,
        "Net Income": -122
    },
    "2018-12-31": {
        "Diluted EPS": -0.84,
        "Total Revenue": 332,
        "Gross Profit": 85,
        "Operating Income": -114,
        "EBIT": -60,
        "Net Income": -133
    },
    "2018-09-30": {
        "Diluted EPS": -0.21,
        "Total Revenue": 200,
        "Gross Profit": 70,
        "Operating Income": -25,
        "EBIT": -6,
        "Net Income": -33
    },
    "2018-06-30": {
        "Diluted EPS": -0.14,
        "Total Revenue": 208,
        "Gross Profit": 84,
        "Operating Income": -22,
        "EBIT": -3,
        "Net Income": -22
    },
    "2018-03-31": {
        "Diluted EPS": -0.17,
        "Total Revenue": 203,
        "Gross Profit": 82,
        "Operating Income": -25,
        "EBIT": -5,
        "Net Income": -26
    },
    "2017-12-31": {
        "Diluted EPS": -0.5,
        "Total Revenue": 196,
        "Gross Profit": 47,
        "Operating Income": -71,
        "EBIT": -51,
        "Net Income": -74
    },
    "2017-09-30": {
        "Diluted EPS": -0.25,
        "Total Revenue": 193,
        "Gross Profit": 68,
        "Operating Income": -34,
        "EBIT": -15,
        "Net Income": -37
    },
    "2017-06-30": {
        "Diluted EPS": -0.29,
        "Total Revenue": 177,
        "Gross Profit": 65,
        "Operating Income": -41,
        "EBIT": -21,
        "Net Income": -43
    },
    "2017-03-31": {
        "Diluted EPS": -0.28,
        "Total Revenue": 176,
        "Gross Profit": 64,
        "Operating Income": -38,
        "EBIT": -19,
        "Net Income": -40
    },
    "2016-12-31": {
        "Diluted EPS": -0.25,
        "Total Revenue": 181,
        "Gross Profit": 69,
        "Operating Income": -46,
        "EBIT": -17,
        "Net Income": -36
    },
    "2016-09-30": {
        "Diluted EPS": -0.08,
        "Total Revenue": 185,
        "Gross Profit": 85,
        "Operating Income": -11,
        "EBIT": 8,
        "Net Income": -11
    },
    "2016-06-30": {
        "Diluted EPS": 0.08,
        "Total Revenue": 259,
        "Gross Profit": 124,
        "Operating Income": 16,
        "EBIT": 34,
        "Net Income": 11
    },
    "2016-03-31": {
        "Diluted EPS": 0.08,
        "Total Revenue": 245,
        "Gross Profit": 116,
        "Operating Income": 15,
        "EBIT": 32,
        "Net Income": 12
    },
    "2015-12-31": {
        "Diluted EPS": 0.08,
        "Total Revenue": 260,
        "Gross Profit": 116,
        "Operating Income": 14,
        "EBIT": 30,
        "Net Income": 13
    },
    "2015-09-30": {
        "Diluted EPS": 0.06,
        "Total Revenue": 232,
        "Gross Profit": 103,
        "Operating Income": 14,
        "EBIT": 26,
        "Net Income": 9
    },
    "2015-06-30": {
        "Diluted EPS": 0.13,
        "Total Revenue": 207,
        "Gross Profit": 97,
        "Operating Income": 17,
        "EBIT": 26,
        "Net Income": 18
    },
    "2015-03-31": {
        "Diluted EPS": 0.09,
        "Total Revenue": 187,
        "Gross Profit": 88,
        "Operating Income": 15,
        "EBIT": 25,
        "Net Income": 12
    },
    "2014-12-31": {
        "Diluted EPS": 0.07,
        "Total Revenue": 186,
        "Gross Profit": 84,
        "Operating Income": 13,
        "EBIT": 23,
        "Net Income": 8
    },
    "2014-09-30": {
        "Diluted EPS": 0.04,
        "Total Revenue": 174,
        "Gross Profit": 75,
        "Operating Income": 7,
        "EBIT": 17,
        "Net Income": 5
    },
    "2014-06-30": {
        "Diluted EPS": 0.04,
        "Total Revenue": 165,
        "Gross Profit": 70,
        "Operating Income": 8,
        "EBIT": 18,
        "Net Income": 5
    },
    "2014-03-31": {
        "Diluted EPS": -0.04,
        "Total Revenue": 143,
        "Gross Profit": 58,
        "Operating Income": -1,
        "EBIT": 8,
        "Net Income": -4
    },
    "2013-12-31": {
        "Diluted EPS": -0.08,
        "Total Revenue": 139,
        "Gross Profit": 56,
        "Operating Income": -7,
        "EBIT": 2,
        "Net Income": -10
    },
    "2013-09-30": {
        "Diluted EPS": 0.03,
        "Total Revenue": 142,
        "Gross Profit": 68,
        "Operating Income": 6,
        "EBIT": 15,
        "Net Income": 3
    },
    "2013-06-30": {
        "Diluted EPS": -0.09,
        "Total Revenue": 138,
        "Gross Profit": 52,
        "Operating Income": -9,
        "EBIT": -2,
        "Net Income": -10
    },
    "2013-03-31": {
        "Diluted EPS": -0.13,
        "Total Revenue": 125,
        "Gross Profit": 43,
        "Operating Income": -15,
        "EBIT": -8,
        "Net Income": -15
    },
    "2012-12-31": {
        "Diluted EPS": -0.14,
        "Total Revenue": 128,
        "Gross Profit": 43,
        "Operating Income": -16,
        "EBIT": -9,
        "Net Income": -16
    },
    "2012-09-30": {
        "Diluted EPS": -0.17,
        "Total Revenue": 112,
        "Gross Profit": 42,
        "Operating Income": -18,
        "EBIT": -12,
        "Net Income": -19
    },
    "2012-06-30": {
        "Diluted EPS": -0.27,
        "Total Revenue": 93,
        "Gross Profit": 32,
        "Operating Income": -29,
        "EBIT": -23,
        "Net Income": -30
    },
    "2012-03-31": {
        "Diluted EPS": -0.19,
        "Total Revenue": 105,
        "Gross Profit": 40,
        "Operating Income": -20,
        "EBIT": -14,
        "Net Income": -21
    },
    "2011-12-31": {
        "Diluted EPS": -0.18,
        "Total Revenue": 112,
        "Gross Profit": 45,
        "Operating Income": -19,
        "EBIT": -13,
        "Net Income": -19
    },
    "2011-09-30": {
        "Diluted EPS": -0.21,
        "Total Revenue": 104,
        "Gross Profit": 41,
        "Operating Income": -22,
        "EBIT": -16,
        "Net Income": -22
    },
    "2011-06-30": {
        "Diluted EPS": -0.23,
        "Total Revenue": 96,
        "Gross Profit": 37,
        "Operating Income": -24,
        "EBIT": -19,
        "Net Income": -24
    },
    "2011-03-31": {
        "Diluted EPS": -0.16,
        "Total Revenue": 93,
        "Gross Profit": 43,
        "Operating Income": -16,
        "EBIT": -11,
        "Net Income": -16
    },
    "2010-12-31": {
        "Diluted EPS": -0.01,
        "Total Revenue": 117,
        "Gross Profit": 57,
        "Operating Income": -3,
        "EBIT": 2,
        "Net Income": -3
    },
    "2010-09-30": {
        "Diluted EPS": 0.04,
        "Total Revenue": 130,
        "Gross Profit": 64,
        "Operating Income": 4,
        "EBIT": 9,
        "Net Income": 4
    },
    "2010-06-30": {
        "Diluted EPS": -0.1,
        "Total Revenue": 111,
        "Gross Profit": 47,
        "Operating Income": -10,
        "EBIT": -5,
        "Net Income": -10
    },
    "2010-03-31": {
        "Diluted EPS": -0.21,
        "Total Revenue": 96,
        "Gross Profit": 37,
        "Operating Income": -20,
        "EBIT": -16,
        "Net Income": -20
    },
    "2009-12-31": {
        "Diluted EPS": -0.2,
        "Total Revenue": 90,
        "Gross Profit": 34,
        "Operating Income": -20,
        "EBIT": -15,
        "Net Income": -19
    },
    "2009-09-30": {
        "Diluted EPS": -0.17,
        "Total Revenue": 83,
        "Gross Profit": 28,
        "Operating Income": -19,
        "EBIT": -15,
        "Net Income": -17
    },
    "2009-06-30": {
        "Diluted EPS": -0.28,
        "Total Revenue": 69,
        "Gross Profit": 20,
        "Operating Income": -27,
        "EBIT": -23,
        "Net Income": -27
    },
    "2009-03-31": {
        "Diluted EPS": -0.26,
        "Total Revenue": 67,
        "Gross Profit": 20,
        "Operating Income": -23,
        "EBIT": -19,
        "Net Income": -24
    },
    "2023-06-30": {
        "Tax Effect Of Unusual Items": NaN,
        "Tax Rate For Calcs": NaN,
        "Normalized EBITDA": NaN,
        "Total Unusual Items": NaN,
        "Total Unusual Items Excluding Goodwill": NaN,
        "Net Income From Continuing Operation Net Minority Interest": NaN,
        "Reconciled Depreciation": NaN,
        "Reconciled Cost Of Revenue": NaN,
        "EBITDA": NaN,
        "EBIT": NaN,
        "Net Interest Income": NaN,
        "Interest Expense": NaN,
        "Interest Income": NaN,
        "Normalized Income": NaN,
        "Net Income From Continuing And Discontinued Operation": NaN,
        "Total Expenses": NaN,
        "Total Operating Income As Reported": NaN,
        "Diluted Average Shares": NaN,
        "Basic Average Shares": NaN,
        "Diluted EPS": NaN,
        "Basic EPS": NaN,
        "Diluted NI Availto Com Stockholders": NaN,
        "Net Income Common Stockholders": NaN,
        "Net Income": NaN,
        "Net Income Including Noncontrolling Interests": NaN,
        "Net Income Continuous Operations": NaN,
        "Tax Provision": NaN,
        "Pretax Income": NaN,
        "Other Income Expense": NaN,
        "Other Non Operating Income Expenses": NaN,
        "Special Income Charges": NaN,
        "Impairment Of Capital Assets": 1375000.0,
        "Restructuring And Mergern Acquisition": NaN,
        "Net Non Operating Interest Income Expense": NaN,
        "Interest Expense Non Operating": NaN,
        "Interest Income Non Operating": NaN,
        "Operating Income": NaN,
        "Operating Expense": NaN,
        "Other Operating Expenses": 56000.0,
        "Depreciation Amortization Depletion Income Statement": NaN,
        "Depreciation And Amortization In Income Statement": NaN,
        "Amortization": NaN,
        "Amortization Of Intangibles Income Statement": NaN,
        "Research And Development": NaN,
        "Selling General And Administration": NaN,
        "Selling And Marketing Expense": NaN,
        "General And Administrative Expense": NaN,
        "Other Gand A": NaN,
        "Gross Profit": NaN,
        "Cost Of Revenue": NaN,
        "Total Revenue": NaN,
        "Operating Revenue": NaN
    },
    "2023-09-30": {
        "Tax Effect Of Unusual Items": -84000.0,
        "Tax Rate For Calcs": 0.21,
        "Normalized EBITDA": 21063000.0,
        "Total Unusual Items": -400000.0,
        "Total Unusual Items Excluding Goodwill": -400000.0,
        "Net Income From Continuing Operation Net Minority Interest": -9413000.0,
        "Reconciled Depreciation": 20002000.0,
        "Reconciled Cost Of Revenue": 217023000.0,
        "EBITDA": 20663000.0,
        "EBIT": 661000.0,
        "Net Interest Income": -7062000.0,
        "Interest Expense": 7608000.0,
        "Interest Income": 546000.0,
        "Normalized Income": -9097000.0,
        "Net Income From Continuing And Discontinued Operation": -9413000.0,
        "Total Expenses": 384314000.0,
        "Total Operating Income As Reported": 7655000.0,
        "Diluted Average Shares": 228077000.0,
        "Basic Average Shares": 228077000.0,
        "Diluted EPS": -0.04,
        "Basic EPS": -0.04,
        "Diluted NI Availto Com Stockholders": -9413000.0,
        "Net Income Common Stockholders": -9413000.0,
        "Net Income": -9413000.0,
        "Net Income Including Noncontrolling Interests": -9413000.0,
        "Net Income Continuous Operations": -9413000.0,
        "Tax Provision": 2466000.0,
        "Pretax Income": -6947000.0,
        "Other Income Expense": -7940000.0,
        "Other Non Operating Income Expenses": -7540000.0,
        "Special Income Charges": -400000.0,
        "Impairment Of Capital Assets": NaN,
        "Restructuring And Mergern Acquisition": 400000.0,
        "Net Non Operating Interest Income Expense": -7062000.0,
        "Interest Expense Non Operating": 7608000.0,
        "Interest Income Non Operating": 546000.0,
        "Operating Income": 8055000.0,
        "Operating Expense": 150265000.0,
        "Other Operating Expenses": NaN,
        "Depreciation Amortization Depletion Income Statement": 2976000.0,
        "Depreciation And Amortization In Income Statement": 2976000.0,
        "Amortization": 2976000.0,
        "Amortization Of Intangibles Income Statement": 2976000.0,
        "Research And Development": 76846000.0,
        "Selling General And Administration": 70443000.0,
        "Selling And Marketing Expense": 41075000.0,
        "General And Administrative Expense": 29368000.0,
        "Other Gand A": 29368000.0,
        "Gross Profit": 158320000.0,
        "Cost Of Revenue": 234049000.0,
        "Total Revenue": 392369000.0,
        "Operating Revenue": 392369000.0
    },
    "2024-03-31": {
        "Tax Effect Of Unusual Items": -65940.0,
        "Tax Rate For Calcs": 0.21,
        "Normalized EBITDA": -32314000.0,
        "Total Unusual Items": -314000.0,
        "Total Unusual Items Excluding Goodwill": -314000.0,
        "Net Income From Continuing Operation Net Minority Interest": -61395000.0,
        "Reconciled Depreciation": 15445000.0,
        "Reconciled Cost Of Revenue": 183292000.0,
        "EBITDA": -32628000.0,
        "EBIT": -48073000.0,
        "Net Interest Income": -7507000.0,
        "Interest Expense": 8629000.0,
        "Interest Income": 1122000.0,
        "Normalized Income": -61146940.0,
        "Net Income From Continuing And Discontinued Operation": -61395000.0,
        "Total Expenses": 349591000.0,
        "Total Operating Income As Reported": -42983000.0,
        "Diluted Average Shares": 231533000.0,
        "Basic Average Shares": 231533000.0,
        "Diluted EPS": -0.27,
        "Basic EPS": -0.27,
        "Diluted NI Availto Com Stockholders": -61395000.0,
        "Net Income Common Stockholders": -61395000.0,
        "Net Income": -61395000.0,
        "Net Income Including Noncontrolling Interests": -61395000.0,
        "Net Income Continuous Operations": -61395000.0,
        "Tax Provision": 4693000.0,
        "Pretax Income": -56702000.0,
        "Other Income Expense": -6526000.0,
        "Other Non Operating Income Expenses": -6212000.0,
        "Special Income Charges": -314000.0,
        "Impairment Of Capital Assets": NaN,
        "Restructuring And Mergern Acquisition": 314000.0,
        "Net Non Operating Interest Income Expense": -7507000.0,
        "Interest Expense Non Operating": 8629000.0,
        "Interest Income Non Operating": 1122000.0,
        "Operating Income": -42669000.0,
        "Operating Expense": 153110000.0,
        "Other Operating Expenses": NaN,
        "Depreciation Amortization Depletion Income Statement": 2256000.0,
        "Depreciation And Amortization In Income Statement": 2256000.0,
        "Amortization": 2256000.0,
        "Amortization Of Intangibles Income Statement": 2256000.0,
        "Research And Development": 77262000.0,
        "Selling General And Administration": 73592000.0,
        "Selling And Marketing Expense": 40745000.0,
        "General And Administrative Expense": 32847000.0,
        "Other Gand A": 32847000.0,
        "Gross Profit": 110441000.0,
        "Cost Of Revenue": 196481000.0,
        "Total Revenue": 306922000.0,
        "Operating Revenue": 306922000.0
    },
    "2023-12-31": {
        "Tax Effect Of Unusual Items": -860160.0,
        "Tax Rate For Calcs": 0.21,
        "Normalized EBITDA": 40459000.0,
        "Total Unusual Items": -4096000.0,
        "Total Unusual Items Excluding Goodwill": -4096000.0,
        "Net Income From Continuing Operation Net Minority Interest": 12873000.0,
        "Reconciled Depreciation": 19381000.0,
        "Reconciled Cost Of Revenue": 261429000.0,
        "EBITDA": 36363000.0,
        "EBIT": 16982000.0,
        "Net Interest Income": -7832000.0,
        "Interest Expense": 8814000.0,
        "Interest Income": 982000.0,
        "Normalized Income": 16108840.0,
        "Net Income From Continuing And Discontinued Operation": 12873000.0,
        "Total Expenses": 438099000.0,
        "Total Operating Income As Reported": 11261000.0,
        "Diluted Average Shares": 233090000.0,
        "Basic Average Shares": 230509000.0,
        "Diluted EPS": 0.06,
        "Basic EPS": 0.06,
        "Diluted NI Availto Com Stockholders": 12873000.0,
        "Net Income Common Stockholders": 12873000.0,
        "Net Income": 12873000.0,
        "Net Income Including Noncontrolling Interests": 12873000.0,
        "Net Income Continuous Operations": 12873000.0,
        "Tax Provision": -4705000.0,
        "Pretax Income": 8168000.0,
        "Other Income Expense": 643000.0,
        "Other Non Operating Income Expenses": 4739000.0,
        "Special Income Charges": -4096000.0,
        "Impairment Of Capital Assets": NaN,
        "Restructuring And Mergern Acquisition": 1044000.0,
        "Net Non Operating Interest Income Expense": -7832000.0,
        "Interest Expense Non Operating": 8814000.0,
        "Interest Income Non Operating": 982000.0,
        "Operating Income": 15357000.0,
        "Operating Expense": 159545000.0,
        "Other Operating Expenses": NaN,
        "Depreciation Amortization Depletion Income Statement": 2256000.0,
        "Depreciation And Amortization In Income Statement": 2256000.0,
        "Amortization": 2256000.0,
        "Amortization Of Intangibles Income Statement": 2256000.0,
        "Research And Development": 79645000.0,
        "Selling General And Administration": 77644000.0,
        "Selling And Marketing Expense": 42532000.0,
        "General And Administrative Expense": 35112000.0,
        "Other Gand A": 35112000.0,
        "Gross Profit": 174902000.0,
        "Cost Of Revenue": 278554000.0,
        "Total Revenue": 453456000.0,
        "Operating Revenue": 453456000.0
    },
    "2024-06-30": {
        "Tax Effect Of Unusual Items": -19330.776229,
        "Tax Rate For Calcs": 0.001551,
        "Normalized EBITDA": -12193000.0,
        "Total Unusual Items": -12465000.0,
        "Total Unusual Items Excluding Goodwill": -12465000.0,
        "Net Income From Continuing Operation Net Minority Interest": -48287000.0,
        "Reconciled Depreciation": 15541000.0,
        "Reconciled Cost Of Revenue": 193860000.0,
        "EBITDA": -24658000.0,
        "EBIT": -40199000.0,
        "Net Interest Income": -7370000.0,
        "Interest Expense": 8163000.0,
        "Interest Income": 793000.0,
        "Normalized Income": -35841330.776229,
        "Net Income From Continuing And Discontinued Operation": -48287000.0,
        "Total Expenses": 360083000.0,
        "Total Operating Income As Reported": -29809000.0,
        "Diluted Average Shares": 234349000.0,
        "Basic Average Shares": 234349000.0,
        "Diluted EPS": -0.21,
        "Basic EPS": -0.21,
        "Diluted NI Availto Com Stockholders": -48287000.0,
        "Net Income Common Stockholders": -48287000.0,
        "Net Income": -48287000.0,
        "Net Income Including Noncontrolling Interests": -48287000.0,
        "Net Income Continuous Operations": -48287000.0,
        "Tax Provision": -75000.0,
        "Pretax Income": -48362000.0,
        "Other Income Expense": -23648000.0,
        "Other Non Operating Income Expenses": -11183000.0,
        "Special Income Charges": -12465000.0,
        "Impairment Of Capital Assets": 382000.0,
        "Restructuring And Mergern Acquisition": 12083000.0,
        "Net Non Operating Interest Income Expense": -7370000.0,
        "Interest Expense Non Operating": 8163000.0,
        "Interest Income Non Operating": 793000.0,
        "Operating Income": -17344000.0,
        "Operating Expense": 152938000.0,
        "Other Operating Expenses": NaN,
        "Depreciation Amortization Depletion Income Statement": 2256000.0,
        "Depreciation And Amortization In Income Statement": 2256000.0,
        "Amortization": 2256000.0,
        "Amortization Of Intangibles Income Statement": 2256000.0,
        "Research And Development": 74678000.0,
        "Selling General And Administration": 76004000.0,
        "Selling And Marketing Expense": 41897000.0,
        "General And Administrative Expense": 34107000.0,
        "Other Gand A": 34107000.0,
        "Gross Profit": 135594000.0,
        "Cost Of Revenue": 207145000.0,
        "Total Revenue": 342739000.0,
        "Operating Revenue": 342739000.0
    },
    "2024-09-30": {
        "Tax Effect Of Unusual Items": -1427370.0,
        "Tax Rate For Calcs": 0.21,
        "Normalized EBITDA": 20916000.0,
        "Total Unusual Items": -6797000.0,
        "Total Unusual Items Excluding Goodwill": -6797000.0,
        "Net Income From Continuing Operation Net Minority Interest": -14313000.0,
        "Reconciled Depreciation": 15758000.0,
        "Reconciled Cost Of Revenue": 199683000.0,
        "EBITDA": 14119000.0,
        "EBIT": -1639000.0,
        "Net Interest Income": -7890000.0,
        "Interest Expense": 8764000.0,
        "Interest Income": 874000.0,
        "Normalized Income": -8943370.0,
        "Net Income From Continuing And Discontinued Operation": -14313000.0,
        "Total Expenses": 358599000.0,
        "Total Operating Income As Reported": -10998000.0,
        "Diluted Average Shares": 235832000.0,
        "Basic Average Shares": 235832000.0,
        "Diluted EPS": -0.06,
        "Basic EPS": -0.06,
        "Diluted NI Availto Com Stockholders": -14313000.0,
        "Net Income Common Stockholders": -14313000.0,
        "Net Income": -14313000.0,
        "Net Income Including Noncontrolling Interests": -14313000.0,
        "Net Income Continuous Operations": -14313000.0,
        "Tax Provision": 3910000.0,
        "Pretax Income": -10403000.0,
        "Other Income Expense": 1688000.0,
        "Other Non Operating Income Expenses": 8485000.0,
        "Special Income Charges": -6797000.0,
        "Impairment Of Capital Assets": NaN,
        "Restructuring And Mergern Acquisition": 6797000.0,
        "Net Non Operating Interest Income Expense": -7890000.0,
        "Interest Expense Non Operating": 8764000.0,
        "Interest Income Non Operating": 874000.0,
        "Operating Income": -4201000.0,
        "Operating Expense": 145415000.0,
        "Other Operating Expenses": NaN,
        "Depreciation Amortization Depletion Income Statement": 2257000.0,
        "Depreciation And Amortization In Income Statement": 2257000.0,
        "Amortization": 2257000.0,
        "Amortization Of Intangibles Income Statement": 2257000.0,
        "Research And Development": 73283000.0,
        "Selling General And Administration": 69875000.0,
        "Selling And Marketing Expense": 35715000.0,
        "General And Administrative Expense": 34160000.0,
        "Other Gand A": 34160000.0,
        "Gross Profit": 141214000.0,
        "Cost Of Revenue": 213184000.0,
        "Total Revenue": 354398000.0,
        "Operating Revenue": 354398000.0
    }
}