{
    "2023-03-31": {
        "Tax Effect Of Unusual Items": 0.0,
        "Tax Rate For Calcs": 0.21,
        "Normalized EBITDA": -17829000.0,
        "Total Unusual Items": NaN,
        "Total Unusual Items Excluding Goodwill": NaN,
        "Net Income From Continuing Operation Net Minority Interest": -20349000.0,
        "Reconciled Depreciation": 4086000.0,
        "Reconciled Cost Of Revenue": 41429000.0,
        "EBITDA": -17829000.0,
        "EBIT": -21915000.0,
        "Net Interest Income": 1525000.0,
        "Interest Income": 1525000.0,
        "Normalized Income": -20349000.0,
        "Net Income From Continuing And Discontinued Operation": -20349000.0,
        "Total Expenses": 94077000.0,
        "Rent Expense Supplemental": 7465000.0,
        "Total Operating Income As Reported": -21915000.0,
        "Diluted Average Shares": 23009617.0,
        "Basic Average Shares": 23009617.0,
        "Diluted EPS": -0.88,
        "Basic EPS": -0.88,
        "Diluted NI Availto Com Stockholders": -20349000.0,
        "Net Income Common Stockholders": -20349000.0,
        "Net Income": -20349000.0,
        "Net Income Including Noncontrolling Interests": -20349000.0,
        "Net Income Continuous Operations": -20349000.0,
        "Tax Provision": 196000.0,
        "Pretax Income": -20153000.0,
        "Other Income Expense": 237000.0,
        "Other Non Operating Income Expenses": 237000.0,
        "Special Income Charges": NaN,
        "Impairment Of Capital Assets": NaN,
        "Net Non Operating Interest Income Expense": 1525000.0,
        "Interest Income Non Operating": 1525000.0,
        "Operating Income": -21915000.0,
        "Operating Expense": 52648000.0,
        "Research And Development": 5344000.0,
        "Selling General And Administration": 47304000.0,
        "Selling And Marketing Expense": 28441000.0,
        "General And Administrative Expense": 18863000.0,
        "Other Gand A": 18863000.0,
        "Salaries And Wages": NaN,
        "Gross Profit": 30733000.0,
        "Cost Of Revenue": 41429000.0,
        "Total Revenue": 72162000.0,
        "Operating Revenue": 72162000.0
    },
    "2022-12-31": {
        "Tax Effect Of Unusual Items": 0.0,
        "Tax Rate For Calcs": 0.21,
        "Normalized EBITDA": -350000.0,
        "Total Unusual Items": NaN,
        "Total Unusual Items Excluding Goodwill": NaN,
        "Net Income From Continuing Operation Net Minority Interest": -56610000.0,
        "Reconciled Depreciation": 5978000.0,
        "Reconciled Cost Of Revenue": 58620000.0,
        "EBITDA": -350000.0,
        "EBIT": -6328000.0,
        "Net Interest Income": 1715000.0,
        "Interest Income": 1715000.0,
        "Normalized Income": -56610000.0,
        "Net Income From Continuing And Discontinued Operation": -56610000.0,
        "Total Expenses": 94419000.0,
        "Rent Expense Supplemental": 6867000.0,
        "Total Operating Income As Reported": -58489000.0,
        "Diluted Average Shares": 22926276.0,
        "Basic Average Shares": 22926276.0,
        "Diluted EPS": -2.47,
        "Basic EPS": -2.47,
        "Diluted NI Availto Com Stockholders": -56610000.0,
        "Net Income Common Stockholders": -56610000.0,
        "Net Income": -56610000.0,
        "Net Income Including Noncontrolling Interests": -56610000.0,
        "Net Income Continuous Operations": -56610000.0,
        "Tax Provision": 141000.0,
        "Pretax Income": -56469000.0,
        "Other Income Expense": -51856000.0,
        "Other Non Operating Income Expenses": 305000.0,
        "Special Income Charges": NaN,
        "Impairment Of Capital Assets": NaN,
        "Net Non Operating Interest Income Expense": 1715000.0,
        "Interest Income Non Operating": 1715000.0,
        "Operating Income": -6328000.0,
        "Operating Expense": 35799000.0,
        "Research And Development": 5934000.0,
        "Selling General And Administration": 29865000.0,
        "Selling And Marketing Expense": 28606000.0,
        "General And Administrative Expense": 1259000.0,
        "Other Gand A": 1259000.0,
        "Salaries And Wages": NaN,
        "Gross Profit": 29471000.0,
        "Cost Of Revenue": 58620000.0,
        "Total Revenue": 88091000.0,
        "Operating Revenue": 88091000.0
    },
    "2022-09-30": {
        "Tax Effect Of Unusual Items": 0.0,
        "Tax Rate For Calcs": 0.21,
        "Normalized EBITDA": -10292000.0,
        "Total Unusual Items": NaN,
        "Total Unusual Items Excluding Goodwill": NaN,
        "Net Income From Continuing Operation Net Minority Interest": -9506000.0,
        "Reconciled Depreciation": 5928000.0,
        "Reconciled Cost Of Revenue": 62591000.0,
        "EBITDA": -10292000.0,
        "EBIT": -10292000.0,
        "Net Interest Income": 868000.0,
        "Interest Income": 868000.0,
        "Normalized Income": -9506000.0,
        "Net Income From Continuing And Discontinued Operation": -9506000.0,
        "Total Expenses": 115681000.0,
        "Rent Expense Supplemental": 6700000.0,
        "Total Operating Income As Reported": -10292000.0,
        "Diluted Average Shares": 22882333.0,
        "Basic Average Shares": 22882333.0,
        "Diluted EPS": -0.42,
        "Basic EPS": -0.42,
        "Diluted NI Availto Com Stockholders": -9506000.0,
        "Net Income Common Stockholders": -9506000.0,
        "Net Income": -9506000.0,
        "Net Income Including Noncontrolling Interests": -9506000.0,
        "Net Income Continuous Operations": -9506000.0,
        "Tax Provision": 70000.0,
        "Pretax Income": -9436000.0,
        "Other Income Expense": -12000.0,
        "Other Non Operating Income Expenses": -12000.0,
        "Special Income Charges": NaN,
        "Gain On Sale Of Ppe": NaN,
        "Impairment Of Capital Assets": NaN,
        "Net Non Operating Interest Income Expense": 868000.0,
        "Interest Income Non Operating": 868000.0,
        "Operating Income": -10292000.0,
        "Operating Expense": 53090000.0,
        "Research And Development": 4581000.0,
        "Selling General And Administration": 48509000.0,
        "Selling And Marketing Expense": 33734000.0,
        "General And Administrative Expense": 14775000.0,
        "Other Gand A": 14775000.0,
        "Salaries And Wages": NaN,
        "Gross Profit": 42798000.0,
        "Cost Of Revenue": 62591000.0,
        "Total Revenue": 105389000.0,
        "Operating Revenue": 105389000.0
    },
    "2022-06-30": {
        "Tax Effect Of Unusual Items": 0.0,
        "Tax Rate For Calcs": 0.4,
        "Normalized EBITDA": 2972000.0,
        "Total Unusual Items": NaN,
        "Total Unusual Items Excluding Goodwill": NaN,
        "Net Income From Continuing Operation Net Minority Interest": -3442000.0,
        "Reconciled Depreciation": 5848000.0,
        "Reconciled Cost Of Revenue": 57118000.0,
        "EBITDA": 2972000.0,
        "EBIT": -2876000.0,
        "Net Interest Income": 225000.0,
        "Interest Income": 225000.0,
        "Normalized Income": -3442000.0,
        "Net Income From Continuing And Discontinued Operation": -3442000.0,
        "Total Expenses": 106252000.0,
        "Total Operating Income As Reported": -2876000.0,
        "Diluted Average Shares": 22845040.0,
        "Basic Average Shares": 22845040.0,
        "Diluted EPS": -0.15,
        "Basic EPS": -0.15,
        "Diluted NI Availto Com Stockholders": -3442000.0,
        "Net Income Common Stockholders": -3442000.0,
        "Net Income": -3442000.0,
        "Net Income Including Noncontrolling Interests": -3442000.0,
        "Net Income Continuous Operations": -3442000.0,
        "Tax Provision": 69000.0,
        "Pretax Income": -3373000.0,
        "Other Income Expense": -722000.0,
        "Other Non Operating Income Expenses": -722000.0,
        "Special Income Charges": NaN,
        "Gain On Sale Of Ppe": NaN,
        "Net Non Operating Interest Income Expense": 225000.0,
        "Interest Income Non Operating": 225000.0,
        "Operating Income": -2876000.0,
        "Operating Expense": 49134000.0,
        "Research And Development": 6064000.0,
        "Selling General And Administration": 43070000.0,
        "Selling And Marketing Expense": 30388000.0,
        "General And Administrative Expense": 12682000.0,
        "Other Gand A": 12682000.0,
        "Salaries And Wages": NaN,
        "Gross Profit": 46258000.0,
        "Cost Of Revenue": 57118000.0,
        "Total Revenue": 103376000.0,
        "Operating Revenue": 103376000.0
    },
    "2022-03-31": {
        "Diluted EPS": -0.62,
        "Total Revenue": 80,
        "Gross Profit": 35,
        "Operating Income": -14,
        "EBIT": -8,
        "Net Income": -14
    },
    "2021-12-31": {
        "Diluted EPS": -1.0,
        "Total Revenue": 76,
        "Gross Profit": 39,
        "Operating Income": -7,
        "EBIT": -1,
        "Net Income": -23
    },
    "2021-09-30": {
        "Diluted EPS": 0.53,
        "Total Revenue": 93,
        "Gross Profit": 48,
        "Operating Income": 6,
        "EBIT": 12,
        "Net Income": 12
    },
    "2021-06-30": {
        "Diluted EPS": 0.22,
        "Total Revenue": 102,
        "Gross Profit": 50,
        "Operating Income": 12,
        "EBIT": 17,
        "Net Income": 5
    },
    "2021-03-31": {
        "Diluted EPS": -0.03,
        "Total Revenue": 87,
        "Gross Profit": 40,
        "Operating Income": -2,
        "EBIT": 3,
        "Net Income": -1
    },
    "2020-12-31": {
        "Diluted EPS": -0.24,
        "Total Revenue": 74,
        "Gross Profit": 34,
        "Operating Income": -6,
        "EBIT": -1,
        "Net Income": -5
    },
    "2020-09-30": {
        "Diluted EPS": -0.08,
        "Total Revenue": 74,
        "Gross Profit": 33,
        "Operating Income": -2,
        "EBIT": 3,
        "Net Income": -2
    },
    "2020-06-30": {
        "Diluted EPS": 0.12,
        "Total Revenue": 72,
        "Gross Profit": 33,
        "Operating Income": -2,
        "EBIT": 2,
        "Net Income": 3
    },
    "2020-03-31": {
        "Diluted EPS": -0.07,
        "Total Revenue": 88,
        "Gross Profit": 38,
        "Operating Income": -2,
        "EBIT": 2,
        "Net Income": -2
    },
    "2019-12-31": {
        "Diluted EPS": -0.06,
        "Total Revenue": 79,
        "Gross Profit": 34,
        "Operating Income": -5,
        "EBIT": -1,
        "Net Income": -1
    },
    "2019-09-30": {
        "Diluted EPS": 0.31,
        "Total Revenue": 92,
        "Gross Profit": 43,
        "Operating Income": 8,
        "EBIT": 12,
        "Net Income": 7
    },
    "2019-06-30": {
        "Diluted EPS": 0.45,
        "Total Revenue": 101,
        "Gross Profit": 50,
        "Operating Income": 12,
        "EBIT": 15,
        "Net Income": 10
    },
    "2019-03-31": {
        "Diluted EPS": 0.24,
        "Total Revenue": 90,
        "Gross Profit": 44,
        "Operating Income": 5,
        "EBIT": 8,
        "Net Income": 5
    },
    "2018-12-31": {
        "Diluted EPS": 0.44,
        "Total Revenue": 87,
        "Gross Profit": 44,
        "Operating Income": 5,
        "EBIT": 8,
        "Net Income": 10
    },
    "2018-09-30": {
        "Diluted EPS": 0.73,
        "Total Revenue": 95,
        "Gross Profit": 49,
        "Operating Income": 10,
        "EBIT": 13,
        "Net Income": 16
    },
    "2018-06-30": {
        "Diluted EPS": 0.65,
        "Total Revenue": 97,
        "Gross Profit": 48,
        "Operating Income": 14,
        "EBIT": 17,
        "Net Income": 15
    },
    "2018-03-31": {
        "Diluted EPS": 0.48,
        "Total Revenue": 79,
        "Gross Profit": 38,
        "Operating Income": 9,
        "EBIT": 12,
        "Net Income": 11
    },
    "2017-12-31": {
        "Diluted EPS": -0.02,
        "Total Revenue": 64,
        "Gross Profit": 31,
        "Operating Income": 5,
        "EBIT": 8,
        "Net Income": -1
    },
    "2017-09-30": {
        "Diluted EPS": 0.33,
        "Total Revenue": 69,
        "Gross Profit": 33,
        "Operating Income": 8,
        "EBIT": 11,
        "Net Income": 7
    },
    "2017-06-30": {
        "Diluted EPS": 0.38,
        "Total Revenue": 64,
        "Gross Profit": 32,
        "Operating Income": 8,
        "EBIT": 12,
        "Net Income": 8
    },
    "2017-03-31": {
        "Diluted EPS": 0.27,
        "Total Revenue": 53,
        "Gross Profit": 26,
        "Operating Income": 6,
        "EBIT": 9,
        "Net Income": 6
    },
    "2016-12-31": {
        "Diluted EPS": 0.24,
        "Total Revenue": 51,
        "Gross Profit": 25,
        "Operating Income": 6,
        "EBIT": 9,
        "Net Income": 5
    },
    "2016-09-30": {
        "Diluted EPS": 0.25,
        "Total Revenue": 54,
        "Gross Profit": 25,
        "Operating Income": 5,
        "EBIT": 9,
        "Net Income": 5
    },
    "2016-06-30": {
        "Diluted EPS": 0.36,
        "Total Revenue": 55,
        "Gross Profit": 26,
        "Operating Income": 8,
        "EBIT": 11,
        "Net Income": 7
    },
    "2016-03-31": {
        "Diluted EPS": 0.12,
        "Total Revenue": 43,
        "Gross Profit": 21,
        "Operating Income": 3,
        "EBIT": 7,
        "Net Income": 3
    },
    "2015-12-31": {
        "Diluted EPS": 0.18,
        "Total Revenue": 40,
        "Gross Profit": 20,
        "Operating Income": 3,
        "EBIT": 7,
        "Net Income": 4
    },
    "2015-09-30": {
        "Diluted EPS": 0.13,
        "Total Revenue": 41,
        "Gross Profit": 19,
        "Operating Income": 4,
        "EBIT": 7,
        "Net Income": 3
    },
    "2015-06-30": {
        "Diluted EPS": 0.17,
        "Total Revenue": 44,
        "Gross Profit": 21,
        "Operating Income": 5,
        "EBIT": 9,
        "Net Income": 3
    },
    "2015-03-31": {
        "Diluted EPS": 0.08,
        "Total Revenue": 34,
        "Gross Profit": 16,
        "Operating Income": 3,
        "EBIT": 6,
        "Net Income": 2
    },
    "2014-12-31": {
        "Diluted EPS": 0.09,
        "Total Revenue": 29,
        "Gross Profit": 14,
        "Operating Income": 1,
        "EBIT": 5,
        "Net Income": 1
    },
    "2014-09-30": {
        "Diluted EPS": 0.11,
        "Total Revenue": 29,
        "Gross Profit": 15,
        "Operating Income": 4,
        "EBIT": 7,
        "Net Income": 2
    },
    "2014-06-30": {
        "Diluted EPS": 0.11,
        "Total Revenue": 30,
        "Gross Profit": 15,
        "Operating Income": 4,
        "EBIT": 7,
        "Net Income": 2
    },
    "2014-03-31": {
        "Diluted EPS": -0.01,
        "Total Revenue": 24,
        "Gross Profit": 12,
        "Operating Income": 2,
        "EBIT": 4,
        "Net Income": 0
    },
    "2013-12-31": {
        "Diluted EPS": 0.89,
        "Total Revenue": 20,
        "Gross Profit": 10,
        "Operating Income": 1,
        "EBIT": 3,
        "Net Income": 22
    },
    "2013-09-30": {
        "Diluted EPS": -3.9,
        "Total Revenue": 20,
        "Gross Profit": 10,
        "Operating Income": 1,
        "EBIT": 3,
        "Net Income": -1
    },
    "2013-06-30": {
        "Diluted EPS": 0.0,
        "Total Revenue": 20,
        "Gross Profit": 11,
        "Operating Income": 2,
        "EBIT": 4,
        "Net Income": NaN
    },
    "2013-03-31": {
        "Diluted EPS": -3.65,
        "Total Revenue": 16,
        "Gross Profit": 8,
        "Operating Income": 1,
        "EBIT": 2,
        "Net Income": -1
    },
    "2012-12-31": {
        "Diluted EPS": 0.0,
        "Total Revenue": NaN,
        "Gross Profit": NaN,
        "Operating Income": NaN,
        "EBIT": NaN,
        "Net Income": NaN
    },
    "2011-12-31": {
        "Diluted EPS": 0.0,
        "Total Revenue": NaN,
        "Gross Profit": NaN,
        "Operating Income": NaN,
        "EBIT": NaN,
        "Net Income": NaN
    },
    "2023-06-30": {
        "Tax Effect Of Unusual Items": 0.0,
        "Tax Rate For Calcs": 0.21,
        "Normalized EBITDA": -7460000.0,
        "Total Unusual Items": NaN,
        "Total Unusual Items Excluding Goodwill": NaN,
        "Net Income From Continuing Operation Net Minority Interest": -9826000.0,
        "Reconciled Depreciation": 4308000.0,
        "Reconciled Cost Of Revenue": 49591000.0,
        "EBITDA": -7460000.0,
        "EBIT": -11768000.0,
        "Net Interest Income": 1646000.0,
        "Interest Income": 1646000.0,
        "Normalized Income": -9826000.0,
        "Net Income From Continuing And Discontinued Operation": -9826000.0,
        "Total Expenses": 95403000.0,
        "Rent Expense Supplemental": 4325000.0,
        "Total Operating Income As Reported": -11768000.0,
        "Diluted Average Shares": 23146117.0,
        "Basic Average Shares": 23146117.0,
        "Diluted EPS": -0.42,
        "Basic EPS": -0.42,
        "Diluted NI Availto Com Stockholders": -9826000.0,
        "Net Income Common Stockholders": -9826000.0,
        "Net Income": -9826000.0,
        "Net Income Including Noncontrolling Interests": -9826000.0,
        "Net Income Continuous Operations": -9826000.0,
        "Tax Provision": 41000.0,
        "Pretax Income": -9785000.0,
        "Other Income Expense": 337000.0,
        "Other Non Operating Income Expenses": 337000.0,
        "Special Income Charges": NaN,
        "Impairment Of Capital Assets": NaN,
        "Net Non Operating Interest Income Expense": 1646000.0,
        "Interest Income Non Operating": 1646000.0,
        "Operating Income": -11768000.0,
        "Operating Expense": 45812000.0,
        "Research And Development": 4293000.0,
        "Selling General And Administration": 41519000.0,
        "Selling And Marketing Expense": 26906000.0,
        "General And Administrative Expense": 14613000.0,
        "Other Gand A": 14613000.0,
        "Salaries And Wages": 2734000.0,
        "Gross Profit": 34044000.0,
        "Cost Of Revenue": 49591000.0,
        "Total Revenue": 83635000.0,
        "Operating Revenue": 83635000.0
    },
    "2023-09-30": {
        "Tax Effect Of Unusual Items": -6907740.0,
        "Tax Rate For Calcs": 0.21,
        "Normalized EBITDA": 23681000.0,
        "Total Unusual Items": -32894000.0,
        "Total Unusual Items Excluding Goodwill": -32894000.0,
        "Net Income From Continuing Operation Net Minority Interest": -45719000.0,
        "Reconciled Depreciation": 4614000.0,
        "Reconciled Cost Of Revenue": 50203000.0,
        "EBITDA": -9213000.0,
        "EBIT": -13827000.0,
        "Net Interest Income": 1801000.0,
        "Interest Income": 1801000.0,
        "Normalized Income": -19732740.0,
        "Net Income From Continuing And Discontinued Operation": -45719000.0,
        "Total Expenses": 97794000.0,
        "Rent Expense Supplemental": 7495000.0,
        "Total Operating Income As Reported": -46721000.0,
        "Diluted Average Shares": 23231217.0,
        "Basic Average Shares": 23231217.0,
        "Diluted EPS": -1.97,
        "Basic EPS": -1.97,
        "Diluted NI Availto Com Stockholders": -45719000.0,
        "Net Income Common Stockholders": -45719000.0,
        "Net Income": -45719000.0,
        "Net Income Including Noncontrolling Interests": -45719000.0,
        "Net Income Continuous Operations": -45719000.0,
        "Tax Provision": 401000.0,
        "Pretax Income": -45318000.0,
        "Other Income Expense": -33292000.0,
        "Other Non Operating Income Expenses": -398000.0,
        "Special Income Charges": -32894000.0,
        "Impairment Of Capital Assets": 32894000.0,
        "Net Non Operating Interest Income Expense": 1801000.0,
        "Interest Income Non Operating": 1801000.0,
        "Operating Income": -13827000.0,
        "Operating Expense": 47591000.0,
        "Research And Development": 4489000.0,
        "Selling General And Administration": 43102000.0,
        "Selling And Marketing Expense": 26091000.0,
        "General And Administrative Expense": 17011000.0,
        "Other Gand A": 17011000.0,
        "Salaries And Wages": NaN,
        "Gross Profit": 33764000.0,
        "Cost Of Revenue": 50203000.0,
        "Total Revenue": 83967000.0,
        "Operating Revenue": 83967000.0
    }
}