{
    "2023-06-30": {
        "Tax Effect Of Unusual Items": 0.0,
        "Tax Rate For Calcs": 0.093159,
        "Normalized EBITDA": 57193000.0,
        "Net Income From Continuing Operation Net Minority Interest": 55729000.0,
        "Reconciled Depreciation": 184000.0,
        "Reconciled Cost Of Revenue": 22054000.0,
        "EBITDA": 57193000.0,
        "EBIT": 57009000.0,
        "Net Interest Income": 4445000.0,
        "Interest Income": NaN,
        "Normalized Income": 55729000.0,
        "Net Income From Continuing And Discontinued Operation": 55729000.0,
        "Total Expenses": 79072000.0,
        "Total Operating Income As Reported": 57009000.0,
        "Diluted Average Shares": 85650000.0,
        "Basic Average Shares": 83405000.0,
        "Diluted EPS": 0.65,
        "Basic EPS": 0.67,
        "Diluted NI Availto Com Stockholders": 55729000.0,
        "Net Income Common Stockholders": 55729000.0,
        "Net Income": 55729000.0,
        "Minority Interests": 0.0,
        "Net Income Including Noncontrolling Interests": 55729000.0,
        "Net Income Continuous Operations": 55729000.0,
        "Tax Provision": 5725000.0,
        "Pretax Income": 61454000.0,
        "Net Non Operating Interest Income Expense": 4445000.0,
        "Total Other Finance Cost": -4445000.0,
        "Interest Income Non Operating": NaN,
        "Operating Income": 57009000.0,
        "Operating Expense": 57018000.0,
        "Research And Development": 3567000.0,
        "Selling General And Administration": 53451000.0,
        "Selling And Marketing Expense": 51059000.0,
        "General And Administrative Expense": 2392000.0,
        "Other Gand A": 2392000.0,
        "Gross Profit": 114027000.0,
        "Cost Of Revenue": 22054000.0,
        "Total Revenue": 136081000.0,
        "Operating Revenue": 136081000.0
    },
    "2023-03-31": {
        "Tax Effect Of Unusual Items": 0.0,
        "Tax Rate For Calcs": 0.085377,
        "Normalized EBITDA": 41185000.0,
        "Net Income From Continuing Operation Net Minority Interest": 40505000.0,
        "Reconciled Depreciation": 188000.0,
        "Reconciled Cost Of Revenue": 18254000.0,
        "EBITDA": 41185000.0,
        "EBIT": 40997000.0,
        "Net Interest Income": 3289000.0,
        "Interest Income": 3289000.0,
        "Normalized Income": 40505000.0,
        "Net Income From Continuing And Discontinued Operation": 40505000.0,
        "Total Expenses": 65077000.0,
        "Total Operating Income As Reported": 40997000.0,
        "Diluted Average Shares": 85387000.0,
        "Basic Average Shares": 83154000.0,
        "Diluted EPS": 0.47,
        "Basic EPS": 0.49,
        "Diluted NI Availto Com Stockholders": 40505000.0,
        "Net Income Common Stockholders": 40505000.0,
        "Net Income": 40505000.0,
        "Minority Interests": NaN,
        "Net Income Including Noncontrolling Interests": 40505000.0,
        "Net Income Continuous Operations": 40505000.0,
        "Tax Provision": 3781000.0,
        "Pretax Income": 44286000.0,
        "Net Non Operating Interest Income Expense": 3289000.0,
        "Total Other Finance Cost": NaN,
        "Interest Income Non Operating": 3289000.0,
        "Operating Income": 40997000.0,
        "Operating Expense": 46823000.0,
        "Research And Development": 3102000.0,
        "Selling General And Administration": 43721000.0,
        "Selling And Marketing Expense": 41713000.0,
        "General And Administrative Expense": 2008000.0,
        "Other Gand A": 2008000.0,
        "Gross Profit": 87820000.0,
        "Cost Of Revenue": 18254000.0,
        "Total Revenue": 106074000.0,
        "Operating Revenue": 106074000.0
    },
    "2022-12-31": {
        "Tax Effect Of Unusual Items": NaN,
        "Tax Rate For Calcs": NaN,
        "Normalized EBITDA": NaN,
        "Net Income From Continuing Operation Net Minority Interest": NaN,
        "Reconciled Depreciation": NaN,
        "Reconciled Cost Of Revenue": NaN,
        "EBITDA": NaN,
        "EBIT": NaN,
        "Net Interest Income": NaN,
        "Interest Income": NaN,
        "Normalized Income": NaN,
        "Net Income From Continuing And Discontinued Operation": NaN,
        "Total Expenses": NaN,
        "Total Operating Income As Reported": NaN,
        "Diluted Average Shares": NaN,
        "Basic Average Shares": NaN,
        "Diluted EPS": NaN,
        "Basic EPS": NaN,
        "Diluted NI Availto Com Stockholders": NaN,
        "Net Income Common Stockholders": NaN,
        "Net Income": NaN,
        "Minority Interests": 0.0,
        "Net Income Including Noncontrolling Interests": NaN,
        "Net Income Continuous Operations": NaN,
        "Tax Provision": NaN,
        "Pretax Income": NaN,
        "Net Non Operating Interest Income Expense": NaN,
        "Total Other Finance Cost": NaN,
        "Interest Income Non Operating": NaN,
        "Operating Income": NaN,
        "Operating Expense": NaN,
        "Research And Development": NaN,
        "Selling General And Administration": NaN,
        "Selling And Marketing Expense": NaN,
        "General And Administrative Expense": NaN,
        "Other Gand A": NaN,
        "Gross Profit": NaN,
        "Cost Of Revenue": NaN,
        "Total Revenue": NaN,
        "Operating Revenue": NaN
    },
    "2022-09-30": {
        "Tax Effect Of Unusual Items": NaN,
        "Tax Rate For Calcs": NaN,
        "Normalized EBITDA": NaN,
        "Net Income From Continuing Operation Net Minority Interest": NaN,
        "Reconciled Depreciation": NaN,
        "Reconciled Cost Of Revenue": NaN,
        "EBITDA": NaN,
        "EBIT": NaN,
        "Net Interest Income": NaN,
        "Interest Income": NaN,
        "Normalized Income": NaN,
        "Net Income From Continuing And Discontinued Operation": NaN,
        "Total Expenses": NaN,
        "Total Operating Income As Reported": NaN,
        "Diluted Average Shares": NaN,
        "Basic Average Shares": NaN,
        "Diluted EPS": NaN,
        "Basic EPS": NaN,
        "Diluted NI Availto Com Stockholders": NaN,
        "Net Income Common Stockholders": NaN,
        "Net Income": NaN,
        "Minority Interests": 0.0,
        "Net Income Including Noncontrolling Interests": NaN,
        "Net Income Continuous Operations": NaN,
        "Tax Provision": NaN,
        "Pretax Income": NaN,
        "Net Non Operating Interest Income Expense": NaN,
        "Total Other Finance Cost": -189000.0,
        "Interest Income Non Operating": NaN,
        "Operating Income": NaN,
        "Operating Expense": NaN,
        "Research And Development": NaN,
        "Selling General And Administration": NaN,
        "Selling And Marketing Expense": NaN,
        "General And Administrative Expense": NaN,
        "Other Gand A": NaN,
        "Gross Profit": NaN,
        "Cost Of Revenue": NaN,
        "Total Revenue": NaN,
        "Operating Revenue": NaN
    },
    "2022-06-30": {
        "Tax Effect Of Unusual Items": 0.0,
        "Tax Rate For Calcs": 0.08775,
        "Normalized EBITDA": 49358000.0,
        "Net Income From Continuing Operation Net Minority Interest": 44048000.0,
        "Reconciled Depreciation": 155000.0,
        "Reconciled Cost Of Revenue": 18946000.0,
        "EBITDA": 49358000.0,
        "EBIT": 49203000.0,
        "Net Interest Income": -918000.0,
        "Interest Income": NaN,
        "Normalized Income": 44048000.0,
        "Net Income From Continuing And Discontinued Operation": 44048000.0,
        "Total Expenses": 64344000.0,
        "Total Operating Income As Reported": 49203000.0,
        "Diluted Average Shares": 84663000.0,
        "Basic Average Shares": 82216000.0,
        "Diluted EPS": 0.52,
        "Basic EPS": 0.54,
        "Diluted NI Availto Com Stockholders": 44048000.0,
        "Net Income Common Stockholders": 44048000.0,
        "Net Income": 44048000.0,
        "Minority Interests": 0.0,
        "Net Income Including Noncontrolling Interests": 44048000.0,
        "Net Income Continuous Operations": 44048000.0,
        "Tax Provision": 4237000.0,
        "Pretax Income": 48285000.0,
        "Net Non Operating Interest Income Expense": -918000.0,
        "Total Other Finance Cost": 918000.0,
        "Interest Income Non Operating": NaN,
        "Operating Income": 49203000.0,
        "Operating Expense": 45398000.0,
        "Research And Development": 3183000.0,
        "Selling General And Administration": 42215000.0,
        "Selling And Marketing Expense": 39653000.0,
        "General And Administrative Expense": 2562000.0,
        "Other Gand A": 2562000.0,
        "Gross Profit": 94601000.0,
        "Cost Of Revenue": 18946000.0,
        "Total Revenue": 113547000.0,
        "Operating Revenue": 113547000.0
    },
    "2022-03-31": {
        "Diluted EPS": 0.36,
        "Total Revenue": 86,
        "Gross Profit": 71,
        "Operating Income": 35,
        "EBIT": 35,
        "Net Income": 31
    },
    "2021-12-31": {
        "Diluted EPS": 0.61,
        "Total Revenue": 111,
        "Gross Profit": 94,
        "Operating Income": 54,
        "EBIT": 54,
        "Net Income": 53
    },
    "2021-09-30": {
        "Diluted EPS": 0.52,
        "Total Revenue": 94,
        "Gross Profit": 80,
        "Operating Income": 45,
        "EBIT": 45,
        "Net Income": 45
    },
    "2021-06-30": {
        "Diluted EPS": 0.48,
        "Total Revenue": 87,
        "Gross Profit": 75,
        "Operating Income": 42,
        "EBIT": 42,
        "Net Income": 41
    },
    "2021-03-31": {
        "Diluted EPS": 0.31,
        "Total Revenue": 66,
        "Gross Profit": 55,
        "Operating Income": 27,
        "EBIT": 27,
        "Net Income": 27
    },
    "2020-12-31": {
        "Diluted EPS": 0.43,
        "Total Revenue": 75,
        "Gross Profit": 65,
        "Operating Income": 35,
        "EBIT": 36,
        "Net Income": 36
    },
    "2020-09-30": {
        "Diluted EPS": 0.28,
        "Total Revenue": 60,
        "Gross Profit": 50,
        "Operating Income": 23,
        "EBIT": 23,
        "Net Income": 24
    },
    "2020-06-30": {
        "Diluted EPS": 0.11,
        "Total Revenue": 31,
        "Gross Profit": 26,
        "Operating Income": 8,
        "EBIT": 8,
        "Net Income": 9
    },
    "2020-03-31": {
        "Diluted EPS": 0.08,
        "Total Revenue": 40,
        "Gross Profit": 34,
        "Operating Income": 6,
        "EBIT": 6,
        "Net Income": 6
    },
    "2019-12-31": {
        "Diluted EPS": 0.23,
        "Total Revenue": 47,
        "Gross Profit": 41,
        "Operating Income": 18,
        "EBIT": 18,
        "Net Income": 19
    },
    "2019-09-30": {
        "Diluted EPS": 0.21,
        "Total Revenue": 40,
        "Gross Profit": 35,
        "Operating Income": 16,
        "EBIT": 16,
        "Net Income": 16
    },
    "2019-06-30": {
        "Diluted EPS": 0.23,
        "Total Revenue": 39,
        "Gross Profit": 34,
        "Operating Income": 16,
        "EBIT": 16,
        "Net Income": 16
    },
    "2019-03-31": {
        "Diluted EPS": 0.14,
        "Total Revenue": 31,
        "Gross Profit": 26,
        "Operating Income": 10,
        "EBIT": 10,
        "Net Income": 10
    },
    "2018-12-31": {
        "Diluted EPS": -0.01,
        "Total Revenue": 29,
        "Gross Profit": 25,
        "Operating Income": 1,
        "EBIT": 1,
        "Net Income": 0
    },
    "2018-09-30": {
        "Diluted EPS": 0.13,
        "Total Revenue": 25,
        "Gross Profit": 22,
        "Operating Income": 8,
        "EBIT": 8,
        "Net Income": 9
    },
    "2018-06-30": {
        "Diluted EPS": 0.11,
        "Total Revenue": 25,
        "Gross Profit": 21,
        "Operating Income": 8,
        "EBIT": 8,
        "Net Income": 8
    },
    "2018-03-31": {
        "Diluted EPS": 0.09,
        "Total Revenue": 21,
        "Gross Profit": 17,
        "Operating Income": 6,
        "EBIT": 6,
        "Net Income": 6
    },
    "2017-12-31": {
        "Diluted EPS": 0.0,
        "Total Revenue": NaN,
        "Gross Profit": NaN,
        "Operating Income": NaN,
        "EBIT": NaN,
        "Net Income": NaN
    },
    "2023-09-30": {
        "Tax Effect Of Unusual Items": 0.0,
        "Tax Rate For Calcs": 0.09429,
        "Normalized EBITDA": 46539000.0,
        "Net Income From Continuing Operation Net Minority Interest": 46520000.0,
        "Reconciled Depreciation": 129000.0,
        "Reconciled Cost Of Revenue": 20136000.0,
        "EBITDA": 46539000.0,
        "EBIT": 46410000.0,
        "Net Interest Income": 4953000.0,
        "Interest Income": NaN,
        "Normalized Income": 46520000.0,
        "Net Income From Continuing And Discontinued Operation": 46520000.0,
        "Total Expenses": 76702000.0,
        "Total Operating Income As Reported": 46410000.0,
        "Diluted Average Shares": 85970000.0,
        "Basic Average Shares": 83703000.0,
        "Diluted EPS": 0.54,
        "Basic EPS": 0.56,
        "Diluted NI Availto Com Stockholders": 46520000.0,
        "Net Income Common Stockholders": 46520000.0,
        "Net Income": 46520000.0,
        "Minority Interests": NaN,
        "Net Income Including Noncontrolling Interests": 46520000.0,
        "Net Income Continuous Operations": 46520000.0,
        "Tax Provision": 4843000.0,
        "Pretax Income": 51363000.0,
        "Net Non Operating Interest Income Expense": 4953000.0,
        "Total Other Finance Cost": -4953000.0,
        "Interest Income Non Operating": NaN,
        "Operating Income": 46410000.0,
        "Operating Expense": 56566000.0,
        "Research And Development": 3268000.0,
        "Selling General And Administration": 53298000.0,
        "Selling And Marketing Expense": 50819000.0,
        "General And Administrative Expense": 2479000.0,
        "Other Gand A": 2479000.0,
        "Gross Profit": 102976000.0,
        "Cost Of Revenue": 20136000.0,
        "Total Revenue": 123112000.0,
        "Operating Revenue": 123112000.0
    },
    "2023-12-31": {
        "Tax Effect Of Unusual Items": 0.0,
        "Tax Rate For Calcs": 0.08309,
        "Normalized EBITDA": 51366000.0,
        "Net Income From Continuing Operation Net Minority Interest": 55165000.0,
        "Reconciled Depreciation": 122000.0,
        "Reconciled Cost Of Revenue": 20264000.0,
        "EBITDA": 51366000.0,
        "EBIT": 51244000.0,
        "Net Interest Income": 8920000.0,
        "Interest Income": NaN,
        "Normalized Income": 55165000.0,
        "Net Income From Continuing And Discontinued Operation": 55165000.0,
        "Total Expenses": 75537000.0,
        "Total Operating Income As Reported": 51244000.0,
        "Diluted Average Shares": 85835000.0,
        "Basic Average Shares": 83862000.0,
        "Diluted EPS": 0.64,
        "Basic EPS": 0.66,
        "Diluted NI Availto Com Stockholders": 55165000.0,
        "Net Income Common Stockholders": 55165000.0,
        "Net Income": 55165000.0,
        "Minority Interests": NaN,
        "Net Income Including Noncontrolling Interests": 55165000.0,
        "Net Income Continuous Operations": 55165000.0,
        "Tax Provision": 4999000.0,
        "Pretax Income": 60164000.0,
        "Net Non Operating Interest Income Expense": 8920000.0,
        "Total Other Finance Cost": NaN,
        "Interest Income Non Operating": NaN,
        "Operating Income": 51244000.0,
        "Operating Expense": 55273000.0,
        "Research And Development": 3473000.0,
        "Selling General And Administration": 51800000.0,
        "Selling And Marketing Expense": 49451000.0,
        "General And Administrative Expense": 2349000.0,
        "Other Gand A": 2349000.0,
        "Gross Profit": 106517000.0,
        "Cost Of Revenue": 20264000.0,
        "Total Revenue": 126781000.0,
        "Operating Revenue": 126781000.0
    },
    "2024-03-31": {
        "Tax Effect Of Unusual Items": 0.0,
        "Tax Rate For Calcs": 0.091272,
        "Normalized EBITDA": 18257000.0,
        "Net Income From Continuing Operation Net Minority Interest": 23696000.0,
        "Reconciled Depreciation": 165000.0,
        "Reconciled Cost Of Revenue": 16365000.0,
        "EBITDA": 18257000.0,
        "EBIT": 18092000.0,
        "Net Interest Income": 7984000.0,
        "Interest Income": 7984000.0,
        "Normalized Income": 23696000.0,
        "Net Income From Continuing And Discontinued Operation": 23696000.0,
        "Total Expenses": 62192000.0,
        "Total Operating Income As Reported": 18092000.0,
        "Diluted Average Shares": 85965000.0,
        "Basic Average Shares": 84523000.0,
        "Diluted EPS": 0.28,
        "Basic EPS": 0.28,
        "Diluted NI Availto Com Stockholders": 23696000.0,
        "Net Income Common Stockholders": 23696000.0,
        "Net Income": 23696000.0,
        "Minority Interests": NaN,
        "Net Income Including Noncontrolling Interests": 23696000.0,
        "Net Income Continuous Operations": 23696000.0,
        "Tax Provision": 2380000.0,
        "Pretax Income": 26076000.0,
        "Net Non Operating Interest Income Expense": 7984000.0,
        "Total Other Finance Cost": NaN,
        "Interest Income Non Operating": 7984000.0,
        "Operating Income": 18092000.0,
        "Operating Expense": 45827000.0,
        "Research And Development": 3518000.0,
        "Selling General And Administration": 42309000.0,
        "Selling And Marketing Expense": 39795000.0,
        "General And Administrative Expense": 2514000.0,
        "Other Gand A": 2514000.0,
        "Gross Profit": 63919000.0,
        "Cost Of Revenue": 16365000.0,
        "Total Revenue": 80284000.0,
        "Operating Revenue": 80284000.0
    }
}