{
    "2023-03-31": {
        "Tax Effect Of Unusual Items": NaN,
        "Tax Rate For Calcs": NaN,
        "Normalized EBITDA": NaN,
        "Net Income From Continuing Operation Net Minority Interest": NaN,
        "Reconciled Depreciation": NaN,
        "Reconciled Cost Of Revenue": NaN,
        "EBITDA": NaN,
        "EBIT": NaN,
        "Net Interest Income": NaN,
        "Interest Expense": 63000.0,
        "Interest Income": NaN,
        "Normalized Income": NaN,
        "Net Income From Continuing And Discontinued Operation": NaN,
        "Total Expenses": NaN,
        "Diluted Average Shares": NaN,
        "Basic Average Shares": NaN,
        "Diluted EPS": NaN,
        "Basic EPS": NaN,
        "Diluted NI Availto Com Stockholders": NaN,
        "Net Income Common Stockholders": NaN,
        "Net Income": NaN,
        "Minority Interests": NaN,
        "Net Income Including Noncontrolling Interests": NaN,
        "Net Income Continuous Operations": NaN,
        "Tax Provision": NaN,
        "Pretax Income": NaN,
        "Net Non Operating Interest Income Expense": NaN,
        "Total Other Finance Cost": NaN,
        "Interest Expense Non Operating": 63000.0,
        "Interest Income Non Operating": NaN,
        "Operating Income": NaN,
        "Operating Expense": NaN,
        "Selling General And Administration": NaN,
        "General And Administrative Expense": NaN,
        "Other Gand A": NaN,
        "Salaries And Wages": NaN,
        "Gross Profit": NaN,
        "Cost Of Revenue": NaN,
        "Total Revenue": NaN,
        "Operating Revenue": NaN
    },
    "2022-12-31": {
        "Tax Effect Of Unusual Items": NaN,
        "Tax Rate For Calcs": NaN,
        "Normalized EBITDA": NaN,
        "Total Unusual Items": 0.0,
        "Total Unusual Items Excluding Goodwill": 0.0,
        "Net Income From Continuing Operation Net Minority Interest": NaN,
        "Reconciled Depreciation": NaN,
        "Reconciled Cost Of Revenue": NaN,
        "EBITDA": NaN,
        "EBIT": NaN,
        "Net Interest Income": NaN,
        "Interest Expense": NaN,
        "Interest Income": NaN,
        "Normalized Income": NaN,
        "Net Income From Continuing And Discontinued Operation": NaN,
        "Total Expenses": NaN,
        "Total Operating Income As Reported": -1729000.0,
        "Diluted Average Shares": NaN,
        "Basic Average Shares": NaN,
        "Diluted EPS": NaN,
        "Basic EPS": NaN,
        "Diluted NI Availto Com Stockholders": NaN,
        "Net Income Common Stockholders": NaN,
        "Net Income": NaN,
        "Minority Interests": NaN,
        "Net Income Including Noncontrolling Interests": NaN,
        "Net Income Continuous Operations": NaN,
        "Tax Provision": NaN,
        "Pretax Income": NaN,
        "Special Income Charges": 0.0,
        "Net Non Operating Interest Income Expense": NaN,
        "Total Other Finance Cost": NaN,
        "Interest Expense Non Operating": NaN,
        "Interest Income Non Operating": NaN,
        "Operating Income": NaN,
        "Operating Expense": NaN,
        "Selling General And Administration": NaN,
        "General And Administrative Expense": NaN,
        "Other Gand A": NaN,
        "Salaries And Wages": NaN,
        "Gross Profit": NaN,
        "Cost Of Revenue": NaN,
        "Total Revenue": NaN,
        "Operating Revenue": NaN
    },
    "2022-09-30": {
        "Tax Effect Of Unusual Items": NaN,
        "Tax Rate For Calcs": NaN,
        "Normalized EBITDA": NaN,
        "Total Unusual Items": NaN,
        "Total Unusual Items Excluding Goodwill": NaN,
        "Net Income From Continuing Operation Net Minority Interest": NaN,
        "Reconciled Depreciation": NaN,
        "Reconciled Cost Of Revenue": NaN,
        "EBITDA": NaN,
        "EBIT": NaN,
        "Net Interest Income": NaN,
        "Interest Expense": NaN,
        "Interest Income": 1000.0,
        "Normalized Income": NaN,
        "Net Income From Continuing And Discontinued Operation": NaN,
        "Total Expenses": NaN,
        "Total Operating Income As Reported": -3058000.0,
        "Diluted Average Shares": NaN,
        "Basic Average Shares": NaN,
        "Diluted EPS": NaN,
        "Basic EPS": NaN,
        "Diluted NI Availto Com Stockholders": NaN,
        "Net Income Common Stockholders": NaN,
        "Net Income": NaN,
        "Minority Interests": NaN,
        "Net Income Including Noncontrolling Interests": NaN,
        "Net Income Continuous Operations": NaN,
        "Tax Provision": NaN,
        "Pretax Income": NaN,
        "Special Income Charges": NaN,
        "Net Non Operating Interest Income Expense": NaN,
        "Total Other Finance Cost": -1000.0,
        "Interest Expense Non Operating": NaN,
        "Interest Income Non Operating": 1000.0,
        "Operating Income": NaN,
        "Operating Expense": NaN,
        "Selling General And Administration": NaN,
        "General And Administrative Expense": NaN,
        "Other Gand A": NaN,
        "Salaries And Wages": NaN,
        "Gross Profit": NaN,
        "Cost Of Revenue": NaN,
        "Total Revenue": NaN,
        "Operating Revenue": NaN
    },
    "2022-06-30": {
        "Tax Effect Of Unusual Items": 0.0,
        "Tax Rate For Calcs": 0.4,
        "Normalized EBITDA": -2331000.0,
        "Total Unusual Items": 0.0,
        "Total Unusual Items Excluding Goodwill": 0.0,
        "Net Income From Continuing Operation Net Minority Interest": -3833000.0,
        "Reconciled Depreciation": 951000.0,
        "Reconciled Cost Of Revenue": 12992000.0,
        "EBITDA": -2331000.0,
        "EBIT": -3282000.0,
        "Net Interest Income": 1000.0,
        "Interest Expense": NaN,
        "Interest Income": 1000.0,
        "Normalized Income": -3833000.0,
        "Net Income From Continuing And Discontinued Operation": -3833000.0,
        "Total Expenses": 23269000.0,
        "Total Operating Income As Reported": -3281000.0,
        "Diluted Average Shares": 27226000.0,
        "Basic Average Shares": 27226000.0,
        "Diluted EPS": -0.14,
        "Basic EPS": -0.14,
        "Diluted NI Availto Com Stockholders": -3833000.0,
        "Net Income Common Stockholders": -3833000.0,
        "Net Income": -3833000.0,
        "Minority Interests": -2000.0,
        "Net Income Including Noncontrolling Interests": -3831000.0,
        "Net Income Continuous Operations": -3831000.0,
        "Tax Provision": 550000.0,
        "Pretax Income": -3281000.0,
        "Special Income Charges": 0.0,
        "Net Non Operating Interest Income Expense": 1000.0,
        "Total Other Finance Cost": NaN,
        "Interest Expense Non Operating": NaN,
        "Interest Income Non Operating": 1000.0,
        "Operating Income": -3282000.0,
        "Operating Expense": 10277000.0,
        "Selling General And Administration": 10277000.0,
        "General And Administrative Expense": NaN,
        "Other Gand A": NaN,
        "Salaries And Wages": NaN,
        "Gross Profit": 6995000.0,
        "Cost Of Revenue": 12992000.0,
        "Total Revenue": 19987000.0,
        "Operating Revenue": 19987000.0
    },
    "2022-03-31": {
        "Diluted EPS": -0.1,
        "Total Revenue": 21,
        "Gross Profit": 8,
        "Operating Income": -2,
        "EBIT": -2,
        "Net Income": -3
    },
    "2021-12-31": {
        "Diluted EPS": -0.04,
        "Total Revenue": 19,
        "Gross Profit": 7,
        "Operating Income": -1,
        "EBIT": 0,
        "Net Income": -1
    },
    "2021-09-30": {
        "Diluted EPS": -0.03,
        "Total Revenue": 17,
        "Gross Profit": 7,
        "Operating Income": -1,
        "EBIT": 0,
        "Net Income": -1
    },
    "2021-06-30": {
        "Diluted EPS": 0.0,
        "Total Revenue": 17,
        "Gross Profit": 7,
        "Operating Income": 0,
        "EBIT": 0,
        "Net Income": 0
    },
    "2021-03-31": {
        "Diluted EPS": 0.01,
        "Total Revenue": 16,
        "Gross Profit": 6,
        "Operating Income": 0,
        "EBIT": 1,
        "Net Income": 0
    },
    "2020-12-31": {
        "Diluted EPS": 0.04,
        "Total Revenue": 15,
        "Gross Profit": 6,
        "Operating Income": 1,
        "EBIT": 2,
        "Net Income": 1
    },
    "2020-09-30": {
        "Diluted EPS": 0.01,
        "Total Revenue": 15,
        "Gross Profit": 5,
        "Operating Income": 0,
        "EBIT": 1,
        "Net Income": 0
    },
    "2020-06-30": {
        "Diluted EPS": -0.02,
        "Total Revenue": 14,
        "Gross Profit": 4,
        "Operating Income": 0,
        "EBIT": 0,
        "Net Income": 0
    },
    "2020-03-31": {
        "Diluted EPS": -0.01,
        "Total Revenue": 15,
        "Gross Profit": 5,
        "Operating Income": 0,
        "EBIT": 1,
        "Net Income": 0
    },
    "2019-12-31": {
        "Diluted EPS": -0.01,
        "Total Revenue": 15,
        "Gross Profit": 6,
        "Operating Income": 0,
        "EBIT": 1,
        "Net Income": 0
    },
    "2019-09-30": {
        "Diluted EPS": -0.02,
        "Total Revenue": 14,
        "Gross Profit": 5,
        "Operating Income": 0,
        "EBIT": 0,
        "Net Income": -1
    },
    "2019-06-30": {
        "Diluted EPS": -0.03,
        "Total Revenue": 14,
        "Gross Profit": 4,
        "Operating Income": -1,
        "EBIT": 0,
        "Net Income": -1
    },
    "2019-03-31": {
        "Diluted EPS": -0.02,
        "Total Revenue": 14,
        "Gross Profit": 4,
        "Operating Income": 0,
        "EBIT": 0,
        "Net Income": 0
    },
    "2018-12-31": {
        "Diluted EPS": -0.01,
        "Total Revenue": 15,
        "Gross Profit": 5,
        "Operating Income": 0,
        "EBIT": 1,
        "Net Income": 0
    },
    "2018-09-30": {
        "Diluted EPS": 0.03,
        "Total Revenue": 14,
        "Gross Profit": 5,
        "Operating Income": 1,
        "EBIT": 2,
        "Net Income": 1
    },
    "2018-06-30": {
        "Diluted EPS": -0.02,
        "Total Revenue": 14,
        "Gross Profit": 4,
        "Operating Income": 0,
        "EBIT": 2,
        "Net Income": 0
    },
    "2018-03-31": {
        "Diluted EPS": -0.01,
        "Total Revenue": 14,
        "Gross Profit": 4,
        "Operating Income": 0,
        "EBIT": 1,
        "Net Income": 0
    },
    "2017-12-31": {
        "Diluted EPS": -0.08,
        "Total Revenue": 16,
        "Gross Profit": 4,
        "Operating Income": -3,
        "EBIT": -2,
        "Net Income": -2
    },
    "2017-09-30": {
        "Diluted EPS": -0.04,
        "Total Revenue": 15,
        "Gross Profit": 4,
        "Operating Income": -1,
        "EBIT": 0,
        "Net Income": -1
    },
    "2017-06-30": {
        "Diluted EPS": -0.01,
        "Total Revenue": 15,
        "Gross Profit": 4,
        "Operating Income": 0,
        "EBIT": 1,
        "Net Income": 0
    },
    "2017-03-31": {
        "Diluted EPS": -0.07,
        "Total Revenue": 15,
        "Gross Profit": 3,
        "Operating Income": -1,
        "EBIT": 0,
        "Net Income": -2
    },
    "2016-12-31": {
        "Diluted EPS": -0.04,
        "Total Revenue": 16,
        "Gross Profit": 4,
        "Operating Income": -2,
        "EBIT": -1,
        "Net Income": -1
    },
    "2016-09-30": {
        "Diluted EPS": -0.11,
        "Total Revenue": 16,
        "Gross Profit": 4,
        "Operating Income": -1,
        "EBIT": -1,
        "Net Income": -3
    },
    "2016-06-30": {
        "Diluted EPS": -0.07,
        "Total Revenue": 16,
        "Gross Profit": 4,
        "Operating Income": -2,
        "EBIT": -1,
        "Net Income": -2
    },
    "2016-03-31": {
        "Diluted EPS": 0.0,
        "Total Revenue": 16,
        "Gross Profit": 4,
        "Operating Income": 0,
        "EBIT": 1,
        "Net Income": 0
    },
    "2015-12-31": {
        "Diluted EPS": -0.03,
        "Total Revenue": 16,
        "Gross Profit": 4,
        "Operating Income": 0,
        "EBIT": 0,
        "Net Income": -1
    },
    "2015-09-30": {
        "Diluted EPS": 0.02,
        "Total Revenue": 15,
        "Gross Profit": 5,
        "Operating Income": 1,
        "EBIT": 1,
        "Net Income": 0
    },
    "2015-06-30": {
        "Diluted EPS": -0.03,
        "Total Revenue": 14,
        "Gross Profit": 3,
        "Operating Income": -1,
        "EBIT": 0,
        "Net Income": -1
    },
    "2015-03-31": {
        "Diluted EPS": -0.07,
        "Total Revenue": 14,
        "Gross Profit": 3,
        "Operating Income": -1,
        "EBIT": -1,
        "Net Income": -2
    },
    "2014-12-31": {
        "Diluted EPS": -0.01,
        "Total Revenue": 16,
        "Gross Profit": 4,
        "Operating Income": -1,
        "EBIT": 0,
        "Net Income": 0
    },
    "2014-09-30": {
        "Diluted EPS": -0.01,
        "Total Revenue": 15,
        "Gross Profit": 4,
        "Operating Income": 0,
        "EBIT": 1,
        "Net Income": 0
    },
    "2014-06-30": {
        "Diluted EPS": -0.03,
        "Total Revenue": 14,
        "Gross Profit": 3,
        "Operating Income": -1,
        "EBIT": 0,
        "Net Income": -1
    },
    "2014-03-31": {
        "Diluted EPS": 0.01,
        "Total Revenue": 14,
        "Gross Profit": 4,
        "Operating Income": 0,
        "EBIT": 1,
        "Net Income": 0
    },
    "2013-12-31": {
        "Diluted EPS": 0.03,
        "Total Revenue": 15,
        "Gross Profit": 4,
        "Operating Income": 0,
        "EBIT": 1,
        "Net Income": 1
    },
    "2013-09-30": {
        "Diluted EPS": -0.47,
        "Total Revenue": 16,
        "Gross Profit": 4,
        "Operating Income": -6,
        "EBIT": -5,
        "Net Income": -12
    },
    "2013-06-30": {
        "Diluted EPS": 0.0,
        "Total Revenue": 16,
        "Gross Profit": 3,
        "Operating Income": -2,
        "EBIT": -1,
        "Net Income": 0
    },
    "2013-03-31": {
        "Diluted EPS": 0.01,
        "Total Revenue": 17,
        "Gross Profit": 4,
        "Operating Income": -1,
        "EBIT": 0,
        "Net Income": 0
    },
    "2012-12-31": {
        "Diluted EPS": 0.02,
        "Total Revenue": 19,
        "Gross Profit": 6,
        "Operating Income": 0,
        "EBIT": 1,
        "Net Income": 1
    },
    "2012-09-30": {
        "Diluted EPS": 0.05,
        "Total Revenue": 20,
        "Gross Profit": 6,
        "Operating Income": 1,
        "EBIT": 2,
        "Net Income": 1
    },
    "2012-06-30": {
        "Diluted EPS": 0.08,
        "Total Revenue": 23,
        "Gross Profit": 8,
        "Operating Income": 2,
        "EBIT": 3,
        "Net Income": 2
    },
    "2012-03-31": {
        "Diluted EPS": 0.13,
        "Total Revenue": 25,
        "Gross Profit": 9,
        "Operating Income": 4,
        "EBIT": 5,
        "Net Income": 3
    },
    "2011-12-31": {
        "Diluted EPS": 0.09,
        "Total Revenue": 24,
        "Gross Profit": 8,
        "Operating Income": 2,
        "EBIT": 3,
        "Net Income": 2
    },
    "2011-09-30": {
        "Diluted EPS": 0.06,
        "Total Revenue": 19,
        "Gross Profit": 6,
        "Operating Income": 2,
        "EBIT": 2,
        "Net Income": 1
    },
    "2011-06-30": {
        "Diluted EPS": 0.03,
        "Total Revenue": 16,
        "Gross Profit": 5,
        "Operating Income": 1,
        "EBIT": 2,
        "Net Income": 1
    },
    "2011-03-31": {
        "Diluted EPS": 0.0,
        "Total Revenue": 15,
        "Gross Profit": 4,
        "Operating Income": 0,
        "EBIT": 1,
        "Net Income": 0
    },
    "2010-12-31": {
        "Diluted EPS": 0.05,
        "Total Revenue": 15,
        "Gross Profit": 3,
        "Operating Income": 0,
        "EBIT": 0,
        "Net Income": 1
    },
    "2010-09-30": {
        "Diluted EPS": 0.01,
        "Total Revenue": 16,
        "Gross Profit": 4,
        "Operating Income": 0,
        "EBIT": 1,
        "Net Income": 0
    },
    "2010-06-30": {
        "Diluted EPS": -0.03,
        "Total Revenue": 15,
        "Gross Profit": 3,
        "Operating Income": 0,
        "EBIT": 0,
        "Net Income": -1
    },
    "2010-03-31": {
        "Diluted EPS": -0.06,
        "Total Revenue": 15,
        "Gross Profit": 3,
        "Operating Income": -1,
        "EBIT": 0,
        "Net Income": -1
    },
    "2009-12-31": {
        "Diluted EPS": -0.05,
        "Total Revenue": 16,
        "Gross Profit": 3,
        "Operating Income": -3,
        "EBIT": -2,
        "Net Income": -1
    },
    "2009-09-30": {
        "Diluted EPS": 0.05,
        "Total Revenue": 19,
        "Gross Profit": 6,
        "Operating Income": 2,
        "EBIT": 3,
        "Net Income": 1
    },
    "2009-06-30": {
        "Diluted EPS": 0.13,
        "Total Revenue": 21,
        "Gross Profit": 7,
        "Operating Income": 4,
        "EBIT": 5,
        "Net Income": 3
    },
    "2009-03-31": {
        "Diluted EPS": 0.15,
        "Total Revenue": 21,
        "Gross Profit": 9,
        "Operating Income": 5,
        "EBIT": 6,
        "Net Income": 4
    },
    "2023-06-30": {
        "Tax Effect Of Unusual Items": NaN,
        "Tax Rate For Calcs": NaN,
        "Normalized EBITDA": NaN,
        "Net Income From Continuing Operation Net Minority Interest": NaN,
        "Reconciled Depreciation": NaN,
        "Reconciled Cost Of Revenue": NaN,
        "EBITDA": NaN,
        "EBIT": NaN,
        "Net Interest Income": NaN,
        "Interest Expense": NaN,
        "Interest Income": 7000.0,
        "Normalized Income": NaN,
        "Net Income From Continuing And Discontinued Operation": NaN,
        "Total Expenses": NaN,
        "Diluted Average Shares": NaN,
        "Basic Average Shares": NaN,
        "Diluted EPS": NaN,
        "Basic EPS": NaN,
        "Diluted NI Availto Com Stockholders": NaN,
        "Net Income Common Stockholders": NaN,
        "Net Income": NaN,
        "Minority Interests": NaN,
        "Net Income Including Noncontrolling Interests": NaN,
        "Net Income Continuous Operations": NaN,
        "Tax Provision": NaN,
        "Pretax Income": NaN,
        "Net Non Operating Interest Income Expense": NaN,
        "Total Other Finance Cost": -7000.0,
        "Interest Expense Non Operating": NaN,
        "Interest Income Non Operating": 7000.0,
        "Operating Income": NaN,
        "Operating Expense": NaN,
        "Selling General And Administration": NaN,
        "General And Administrative Expense": 7574000.0,
        "Other Gand A": 6617000.0,
        "Salaries And Wages": 957000.0,
        "Gross Profit": NaN,
        "Cost Of Revenue": NaN,
        "Total Revenue": NaN,
        "Operating Revenue": NaN
    },
    "2023-09-30": {
        "Tax Effect Of Unusual Items": 0.0,
        "Tax Rate For Calcs": 0.21,
        "Normalized EBITDA": 2060000.0,
        "Net Income From Continuing Operation Net Minority Interest": 371000.0,
        "Reconciled Depreciation": 1237000.0,
        "Reconciled Cost Of Revenue": 13945000.0,
        "EBITDA": 2060000.0,
        "EBIT": 823000.0,
        "Net Interest Income": -66000.0,
        "Interest Expense": NaN,
        "Interest Income": NaN,
        "Normalized Income": 371000.0,
        "Net Income From Continuing And Discontinued Operation": 371000.0,
        "Total Expenses": 21346000.0,
        "Diluted Average Shares": 32463000.0,
        "Basic Average Shares": 28459000.0,
        "Diluted EPS": 0.01,
        "Basic EPS": 0.01,
        "Diluted NI Availto Com Stockholders": 371000.0,
        "Net Income Common Stockholders": 371000.0,
        "Net Income": 371000.0,
        "Minority Interests": -12000.0,
        "Net Income Including Noncontrolling Interests": 383000.0,
        "Net Income Continuous Operations": 383000.0,
        "Tax Provision": 374000.0,
        "Pretax Income": 757000.0,
        "Net Non Operating Interest Income Expense": -66000.0,
        "Total Other Finance Cost": 66000.0,
        "Interest Expense Non Operating": NaN,
        "Interest Income Non Operating": NaN,
        "Operating Income": 823000.0,
        "Operating Expense": 7401000.0,
        "Selling General And Administration": 7401000.0,
        "General And Administrative Expense": NaN,
        "Other Gand A": NaN,
        "Salaries And Wages": NaN,
        "Gross Profit": 8224000.0,
        "Cost Of Revenue": 13945000.0,
        "Total Revenue": 22169000.0,
        "Operating Revenue": 22169000.0
    },
    "2023-12-31": {
        "Tax Effect Of Unusual Items": 0.0,
        "Tax Rate For Calcs": 0.130252,
        "Normalized EBITDA": 3198000.0,
        "Net Income From Continuing Operation Net Minority Interest": 1652000.0,
        "Reconciled Depreciation": 1237000.0,
        "Reconciled Cost Of Revenue": 15948000.0,
        "EBITDA": 3198000.0,
        "EBIT": 1961000.0,
        "Net Interest Income": -57000.0,
        "Interest Expense": NaN,
        "Interest Income": NaN,
        "Normalized Income": 1652000.0,
        "Net Income From Continuing And Discontinued Operation": 1652000.0,
        "Total Expenses": 24151000.0,
        "Diluted Average Shares": 31983000.0,
        "Basic Average Shares": 28728000.0,
        "Diluted EPS": 0.05,
        "Basic EPS": 0.06,
        "Diluted NI Availto Com Stockholders": 1652000.0,
        "Net Income Common Stockholders": 1652000.0,
        "Net Income": 1652000.0,
        "Minority Interests": -4000.0,
        "Net Income Including Noncontrolling Interests": 1656000.0,
        "Net Income Continuous Operations": 1656000.0,
        "Tax Provision": 248000.0,
        "Pretax Income": 1904000.0,
        "Net Non Operating Interest Income Expense": -57000.0,
        "Total Other Finance Cost": NaN,
        "Interest Expense Non Operating": NaN,
        "Interest Income Non Operating": NaN,
        "Operating Income": 1961000.0,
        "Operating Expense": 8203000.0,
        "Selling General And Administration": 8203000.0,
        "General And Administrative Expense": NaN,
        "Other Gand A": NaN,
        "Salaries And Wages": NaN,
        "Gross Profit": 10164000.0,
        "Cost Of Revenue": 15948000.0,
        "Total Revenue": 26112000.0,
        "Operating Revenue": 26112000.0
    },
    "2024-03-31": {
        "Tax Effect Of Unusual Items": 0.0,
        "Tax Rate For Calcs": 0.3,
        "Normalized EBITDA": 2596000.0,
        "Net Income From Continuing Operation Net Minority Interest": 989000.0,
        "Reconciled Depreciation": 1266000.0,
        "Reconciled Cost Of Revenue": 16869000.0,
        "EBITDA": 2596000.0,
        "EBIT": 1330000.0,
        "Net Interest Income": 84000.0,
        "Interest Expense": NaN,
        "Interest Income": NaN,
        "Normalized Income": 989000.0,
        "Net Income From Continuing And Discontinued Operation": 989000.0,
        "Total Expenses": 25174000.0,
        "Diluted Average Shares": 32239000.0,
        "Basic Average Shares": 28753000.0,
        "Diluted EPS": 0.03,
        "Basic EPS": 0.03,
        "Diluted NI Availto Com Stockholders": 989000.0,
        "Net Income Common Stockholders": 989000.0,
        "Net Income": 989000.0,
        "Minority Interests": -1000.0,
        "Net Income Including Noncontrolling Interests": 990000.0,
        "Net Income Continuous Operations": 990000.0,
        "Tax Provision": 424000.0,
        "Pretax Income": 1414000.0,
        "Net Non Operating Interest Income Expense": 84000.0,
        "Total Other Finance Cost": -84000.0,
        "Interest Expense Non Operating": NaN,
        "Interest Income Non Operating": NaN,
        "Operating Income": 1330000.0,
        "Operating Expense": 8305000.0,
        "Selling General And Administration": 8305000.0,
        "General And Administrative Expense": NaN,
        "Other Gand A": NaN,
        "Salaries And Wages": NaN,
        "Gross Profit": 9635000.0,
        "Cost Of Revenue": 16869000.0,
        "Total Revenue": 26504000.0,
        "Operating Revenue": 26504000.0
    },
    "2024-06-30": {
        "Tax Effect Of Unusual Items": 0.0,
        "Tax Rate For Calcs": 0.21,
        "Normalized EBITDA": 1749000.0,
        "Net Income From Continuing Operation Net Minority Interest": -14000.0,
        "Reconciled Depreciation": 1418000.0,
        "Reconciled Cost Of Revenue": 23202000.0,
        "EBITDA": 1749000.0,
        "EBIT": 331000.0,
        "Net Interest Income": -55000.0,
        "Interest Expense": NaN,
        "Interest Income": NaN,
        "Normalized Income": -14000.0,
        "Net Income From Continuing And Discontinued Operation": -14000.0,
        "Total Expenses": 32222000.0,
        "Diluted Average Shares": 28878000.0,
        "Basic Average Shares": 28878000.0,
        "Diluted EPS": -0.000485,
        "Basic EPS": -0.000485,
        "Diluted NI Availto Com Stockholders": -14000.0,
        "Net Income Common Stockholders": -14000.0,
        "Net Income": -14000.0,
        "Minority Interests": -5000.0,
        "Net Income Including Noncontrolling Interests": -9000.0,
        "Net Income Continuous Operations": -9000.0,
        "Tax Provision": 285000.0,
        "Pretax Income": 276000.0,
        "Net Non Operating Interest Income Expense": -55000.0,
        "Total Other Finance Cost": 55000.0,
        "Interest Expense Non Operating": NaN,
        "Interest Income Non Operating": NaN,
        "Operating Income": 331000.0,
        "Operating Expense": 9020000.0,
        "Selling General And Administration": 9020000.0,
        "General And Administrative Expense": NaN,
        "Other Gand A": NaN,
        "Salaries And Wages": NaN,
        "Gross Profit": 9351000.0,
        "Cost Of Revenue": 23202000.0,
        "Total Revenue": 32553000.0,
        "Operating Revenue": 32553000.0
    },
    "2024-09-30": {
        "Tax Effect Of Unusual Items": 0.0,
        "Tax Rate For Calcs": 0.21,
        "Normalized EBITDA": 12956000.0,
        "Net Income From Continuing Operation Net Minority Interest": 17389000.0,
        "Reconciled Depreciation": 1535000.0,
        "Reconciled Cost Of Revenue": 30893000.0,
        "EBITDA": 12956000.0,
        "EBIT": 11421000.0,
        "Net Interest Income": 26000.0,
        "Interest Expense": NaN,
        "Interest Income": NaN,
        "Normalized Income": 17389000.0,
        "Net Income From Continuing And Discontinued Operation": 17389000.0,
        "Total Expenses": 40803000.0,
        "Diluted Average Shares": 34007000.0,
        "Basic Average Shares": 28994000.0,
        "Diluted EPS": 0.51,
        "Basic EPS": 0.6,
        "Diluted NI Availto Com Stockholders": 17389000.0,
        "Net Income Common Stockholders": 17389000.0,
        "Net Income": 17389000.0,
        "Minority Interests": -2000.0,
        "Net Income Including Noncontrolling Interests": 17391000.0,
        "Net Income Continuous Operations": 17391000.0,
        "Tax Provision": -5944000.0,
        "Pretax Income": 11447000.0,
        "Net Non Operating Interest Income Expense": 26000.0,
        "Total Other Finance Cost": -26000.0,
        "Interest Expense Non Operating": NaN,
        "Interest Income Non Operating": NaN,
        "Operating Income": 11421000.0,
        "Operating Expense": 9910000.0,
        "Selling General And Administration": 9910000.0,
        "General And Administrative Expense": NaN,
        "Other Gand A": NaN,
        "Salaries And Wages": NaN,
        "Gross Profit": 21331000.0,
        "Cost Of Revenue": 30893000.0,
        "Total Revenue": 52224000.0,
        "Operating Revenue": 52224000.0
    }
}