{
    "2023-03-31": {
        "Tax Effect Of Unusual Items": -27300.0,
        "Tax Rate For Calcs": 0.21,
        "Normalized EBITDA": -6324000.0,
        "Total Unusual Items": -130000.0,
        "Total Unusual Items Excluding Goodwill": -130000.0,
        "Net Income From Continuing Operation Net Minority Interest": -12017000.0,
        "Reconciled Depreciation": 1564000.0,
        "Reconciled Cost Of Revenue": 791000.0,
        "EBITDA": -6454000.0,
        "EBIT": -8018000.0,
        "Net Interest Income": -1725000.0,
        "Interest Expense": NaN,
        "Normalized Income": -11914300.0,
        "Net Income From Continuing And Discontinued Operation": -16873000.0,
        "Total Expenses": 11122000.0,
        "Total Operating Income As Reported": -8182000.0,
        "Diluted Average Shares": 12238684.0,
        "Basic Average Shares": 12238684.0,
        "Diluted EPS": -1.38,
        "Basic EPS": -1.38,
        "Diluted NI Availto Com Stockholders": -16873000.0,
        "Net Income Common Stockholders": -16873000.0,
        "Otherunder Preferred Stock Dividend": 0.0,
        "Preferred Stock Dividends": NaN,
        "Net Income": -16873000.0,
        "Minority Interests": 305000.0,
        "Net Income Including Noncontrolling Interests": -17178000.0,
        "Net Income Discontinuous Operations": -4856000.0,
        "Net Income Continuous Operations": -12322000.0,
        "Tax Provision": 2478000.0,
        "Pretax Income": -9844000.0,
        "Other Income Expense": -101000.0,
        "Other Non Operating Income Expenses": 29000.0,
        "Special Income Charges": -164000.0,
        "Impairment Of Capital Assets": NaN,
        "Restructuring And Mergern Acquisition": 164000.0,
        "Gain On Sale Of Security": 34000.0,
        "Net Non Operating Interest Income Expense": -1725000.0,
        "Total Other Finance Cost": 1725000.0,
        "Interest Expense Non Operating": NaN,
        "Operating Income": -8018000.0,
        "Operating Expense": 10331000.0,
        "Other Operating Expenses": 1400000.0,
        "Depreciation Amortization Depletion Income Statement": 220000.0,
        "Depreciation And Amortization In Income Statement": 220000.0,
        "Amortization": 220000.0,
        "Amortization Of Intangibles Income Statement": 220000.0,
        "Research And Development": 1983000.0,
        "Selling General And Administration": 6728000.0,
        "Selling And Marketing Expense": 1115000.0,
        "General And Administrative Expense": 5613000.0,
        "Other Gand A": 5613000.0,
        "Gross Profit": 2313000.0,
        "Cost Of Revenue": 791000.0,
        "Total Revenue": 3104000.0,
        "Operating Revenue": 3104000.0
    },
    "2022-12-31": {
        "Tax Effect Of Unusual Items": -50158.148796,
        "Tax Rate For Calcs": 0.008991,
        "Normalized EBITDA": -3930000.0,
        "Total Unusual Items": -5579000.0,
        "Total Unusual Items Excluding Goodwill": -5579000.0,
        "Net Income From Continuing Operation Net Minority Interest": -14720000.0,
        "Reconciled Depreciation": 2059000.0,
        "Reconciled Cost Of Revenue": 748000.0,
        "EBITDA": -9509000.0,
        "EBIT": -11568000.0,
        "Net Interest Income": -611000.0,
        "Interest Expense": NaN,
        "Normalized Income": -9191158.148796,
        "Net Income From Continuing And Discontinued Operation": -14720000.0,
        "Total Expenses": 16853000.0,
        "Total Operating Income As Reported": -16353000.0,
        "Diluted Average Shares": NaN,
        "Basic Average Shares": NaN,
        "Diluted EPS": NaN,
        "Basic EPS": NaN,
        "Diluted NI Availto Com Stockholders": -14720000.0,
        "Net Income Common Stockholders": -14720000.0,
        "Otherunder Preferred Stock Dividend": 0.0,
        "Preferred Stock Dividends": 0.0,
        "Net Income": -14720000.0,
        "Minority Interests": 1704000.0,
        "Net Income Including Noncontrolling Interests": -16424000.0,
        "Net Income Discontinuous Operations": NaN,
        "Net Income Continuous Operations": -16424000.0,
        "Tax Provision": -149000.0,
        "Pretax Income": -16573000.0,
        "Other Income Expense": -4394000.0,
        "Other Non Operating Income Expenses": 2969000.0,
        "Special Income Charges": -4785000.0,
        "Impairment Of Capital Assets": 4629000.0,
        "Restructuring And Mergern Acquisition": 156000.0,
        "Gain On Sale Of Security": -794000.0,
        "Net Non Operating Interest Income Expense": -611000.0,
        "Total Other Finance Cost": 611000.0,
        "Interest Expense Non Operating": NaN,
        "Operating Income": -11568000.0,
        "Operating Expense": 15401000.0,
        "Other Operating Expenses": NaN,
        "Depreciation Amortization Depletion Income Statement": 1355000.0,
        "Depreciation And Amortization In Income Statement": 1355000.0,
        "Amortization": 1355000.0,
        "Amortization Of Intangibles Income Statement": 1355000.0,
        "Research And Development": 4019000.0,
        "Selling General And Administration": 10027000.0,
        "Selling And Marketing Expense": 2115000.0,
        "General And Administrative Expense": 7912000.0,
        "Other Gand A": 7912000.0,
        "Gross Profit": 3833000.0,
        "Cost Of Revenue": 1452000.0,
        "Total Revenue": 5285000.0,
        "Operating Revenue": 5285000.0
    },
    "2022-09-30": {
        "Tax Effect Of Unusual Items": 0.0,
        "Tax Rate For Calcs": 0.0,
        "Normalized EBITDA": -2461000.0,
        "Total Unusual Items": -5856000.0,
        "Total Unusual Items Excluding Goodwill": -5856000.0,
        "Net Income From Continuing Operation Net Minority Interest": -17591000.0,
        "Reconciled Depreciation": 2074000.0,
        "Reconciled Cost Of Revenue": 547000.0,
        "EBITDA": -8317000.0,
        "EBIT": -10391000.0,
        "Net Interest Income": -240000.0,
        "Normalized Income": -11735000.0,
        "Net Income From Continuing And Discontinued Operation": -17591000.0,
        "Total Expenses": 14568000.0,
        "Total Operating Income As Reported": -10393000.0,
        "Diluted Average Shares": 2222099.0,
        "Basic Average Shares": 2222099.0,
        "Diluted EPS": -10.184475,
        "Basic EPS": -10.184475,
        "Diluted NI Availto Com Stockholders": -22631000.0,
        "Net Income Common Stockholders": -22631000.0,
        "Otherunder Preferred Stock Dividend": 5040000.0,
        "Preferred Stock Dividends": NaN,
        "Net Income": -17591000.0,
        "Minority Interests": 402000.0,
        "Net Income Including Noncontrolling Interests": -17993000.0,
        "Net Income Discontinuous Operations": NaN,
        "Net Income Continuous Operations": -17993000.0,
        "Tax Provision": 0.0,
        "Pretax Income": -17993000.0,
        "Other Income Expense": -7362000.0,
        "Other Non Operating Income Expenses": -1506000.0,
        "Special Income Charges": -2000.0,
        "Impairment Of Capital Assets": 0.0,
        "Restructuring And Mergern Acquisition": 2000.0,
        "Gain On Sale Of Security": -5854000.0,
        "Net Non Operating Interest Income Expense": -240000.0,
        "Total Other Finance Cost": 240000.0,
        "Operating Income": -10391000.0,
        "Operating Expense": 13313000.0,
        "Other Operating Expenses": NaN,
        "Depreciation Amortization Depletion Income Statement": 1366000.0,
        "Depreciation And Amortization In Income Statement": 1366000.0,
        "Amortization": 1366000.0,
        "Amortization Of Intangibles Income Statement": 1366000.0,
        "Research And Development": 4644000.0,
        "Selling General And Administration": 7303000.0,
        "Selling And Marketing Expense": 2157000.0,
        "General And Administrative Expense": 5146000.0,
        "Other Gand A": 5146000.0,
        "Gross Profit": 2922000.0,
        "Cost Of Revenue": 1255000.0,
        "Total Revenue": 4177000.0,
        "Operating Revenue": 4177000.0
    },
    "2022-06-30": {
        "Tax Effect Of Unusual Items": -5874.373341,
        "Tax Rate For Calcs": 0.000786,
        "Normalized EBITDA": -2649000.0,
        "Total Unusual Items": -7470000.0,
        "Total Unusual Items Excluding Goodwill": -7470000.0,
        "Net Income From Continuing Operation Net Minority Interest": -19872000.0,
        "Reconciled Depreciation": 2054000.0,
        "Reconciled Cost Of Revenue": 711000.0,
        "EBITDA": -10119000.0,
        "EBIT": -12173000.0,
        "Net Interest Income": 176000.0,
        "Normalized Income": -12407874.373341,
        "Net Income From Continuing And Discontinued Operation": -19872000.0,
        "Total Expenses": 16898000.0,
        "Total Operating Income As Reported": -19890000.0,
        "Diluted Average Shares": 1931535.0,
        "Basic Average Shares": 1931535.0,
        "Diluted EPS": -12.87,
        "Basic EPS": -12.87,
        "Diluted NI Availto Com Stockholders": -24857000.0,
        "Net Income Common Stockholders": -24857000.0,
        "Otherunder Preferred Stock Dividend": 4985000.0,
        "Preferred Stock Dividends": NaN,
        "Net Income": -19872000.0,
        "Minority Interests": 458000.0,
        "Net Income Including Noncontrolling Interests": -20330000.0,
        "Net Income Discontinuous Operations": NaN,
        "Net Income Continuous Operations": -20330000.0,
        "Tax Provision": -16000.0,
        "Pretax Income": -20346000.0,
        "Other Income Expense": -8349000.0,
        "Other Non Operating Income Expenses": -879000.0,
        "Special Income Charges": -7717000.0,
        "Impairment Of Capital Assets": 7570000.0,
        "Restructuring And Mergern Acquisition": 147000.0,
        "Gain On Sale Of Security": 247000.0,
        "Net Non Operating Interest Income Expense": 176000.0,
        "Total Other Finance Cost": -176000.0,
        "Operating Income": -12173000.0,
        "Operating Expense": 15502000.0,
        "Other Operating Expenses": NaN,
        "Depreciation Amortization Depletion Income Statement": 1369000.0,
        "Depreciation And Amortization In Income Statement": 1369000.0,
        "Amortization": 1369000.0,
        "Amortization Of Intangibles Income Statement": 1369000.0,
        "Research And Development": 4912000.0,
        "Selling General And Administration": 9221000.0,
        "Selling And Marketing Expense": 2324000.0,
        "General And Administrative Expense": 6897000.0,
        "Other Gand A": 6897000.0,
        "Gross Profit": 3329000.0,
        "Cost Of Revenue": 1396000.0,
        "Total Revenue": 4725000.0,
        "Operating Revenue": 4725000.0
    },
    "2022-03-31": {
        "Diluted EPS": -9.05,
        "Total Revenue": 3,
        "Gross Profit": 2,
        "Operating Income": -9,
        "EBIT": -7,
        "Net Income": -17
    },
    "2021-12-31": {
        "Diluted EPS": -26.61,
        "Total Revenue": 5,
        "Gross Profit": 4,
        "Operating Income": -35,
        "EBIT": -33,
        "Net Income": -43
    },
    "2021-09-30": {
        "Diluted EPS": -22.31,
        "Total Revenue": 4,
        "Gross Profit": 3,
        "Operating Income": -12,
        "EBIT": -10,
        "Net Income": -37
    },
    "2021-06-30": {
        "Diluted EPS": 9.77,
        "Total Revenue": 3,
        "Gross Profit": 3,
        "Operating Income": -13,
        "EBIT": -11,
        "Net Income": 15
    },
    "2021-03-31": {
        "Diluted EPS": -12.03,
        "Total Revenue": 3,
        "Gross Profit": 2,
        "Operating Income": -12,
        "EBIT": -11,
        "Net Income": -13
    },
    "2020-12-31": {
        "Diluted EPS": 53.38,
        "Total Revenue": 4,
        "Gross Profit": 3,
        "Operating Income": -7,
        "EBIT": -5,
        "Net Income": -8
    },
    "2020-09-30": {
        "Diluted EPS": -13.53,
        "Total Revenue": 3,
        "Gross Profit": 2,
        "Operating Income": -6,
        "EBIT": -5,
        "Net Income": -7
    },
    "2020-06-30": {
        "Diluted EPS": -24.06,
        "Total Revenue": 1,
        "Gross Profit": 1,
        "Operating Income": -5,
        "EBIT": -3,
        "Net Income": -7
    },
    "2020-03-31": {
        "Diluted EPS": -91.73,
        "Total Revenue": 2,
        "Gross Profit": 1,
        "Operating Income": -6,
        "EBIT": -3,
        "Net Income": -6
    },
    "2019-12-31": {
        "Diluted EPS": NaN,
        "Total Revenue": 2,
        "Gross Profit": 1,
        "Operating Income": -6,
        "EBIT": -3,
        "Net Income": -17
    },
    "2019-09-30": {
        "Diluted EPS": -953.38,
        "Total Revenue": 2,
        "Gross Profit": 1,
        "Operating Income": -6,
        "EBIT": -4,
        "Net Income": -7
    },
    "2019-06-30": {
        "Diluted EPS": NaN,
        "Total Revenue": 1,
        "Gross Profit": 1,
        "Operating Income": -5,
        "EBIT": -3,
        "Net Income": -5
    },
    "2019-03-31": {
        "Diluted EPS": NaN,
        "Total Revenue": 1,
        "Gross Profit": 1,
        "Operating Income": -5,
        "EBIT": -3,
        "Net Income": -6
    },
    "2018-12-31": {
        "Diluted EPS": NaN,
        "Total Revenue": 1,
        "Gross Profit": 1,
        "Operating Income": -7,
        "EBIT": -5,
        "Net Income": -16
    },
    "2018-09-30": {
        "Diluted EPS": NaN,
        "Total Revenue": 1,
        "Gross Profit": 1,
        "Operating Income": -3,
        "EBIT": -2,
        "Net Income": -5
    },
    "2018-06-30": {
        "Diluted EPS": NaN,
        "Total Revenue": 1,
        "Gross Profit": 1,
        "Operating Income": -4,
        "EBIT": -3,
        "Net Income": -16
    },
    "2018-03-31": {
        "Diluted EPS": NaN,
        "Total Revenue": 1,
        "Gross Profit": 1,
        "Operating Income": -4,
        "EBIT": -2,
        "Net Income": -8
    },
    "2017-12-31": {
        "Diluted EPS": NaN,
        "Total Revenue": -26,
        "Gross Profit": -5,
        "Operating Income": 0,
        "EBIT": 3,
        "Net Income": -9
    },
    "2017-09-30": {
        "Diluted EPS": NaN,
        "Total Revenue": 1,
        "Gross Profit": 1,
        "Operating Income": -5,
        "EBIT": -3,
        "Net Income": -15
    },
    "2017-06-30": {
        "Diluted EPS": -81.26,
        "Total Revenue": 15,
        "Gross Profit": 3,
        "Operating Income": -5,
        "EBIT": -2,
        "Net Income": -6
    },
    "2017-03-31": {
        "Diluted EPS": -83.63,
        "Total Revenue": 13,
        "Gross Profit": 3,
        "Operating Income": -5,
        "EBIT": -3,
        "Net Income": -6
    },
    "2016-12-31": {
        "Diluted EPS": -460.5,
        "Total Revenue": 15,
        "Gross Profit": 4,
        "Operating Income": -11,
        "EBIT": -9,
        "Net Income": -14
    },
    "2016-09-30": {
        "Diluted EPS": -2.7,
        "Total Revenue": 11,
        "Gross Profit": 3,
        "Operating Income": -4,
        "EBIT": -3,
        "Net Income": -5
    },
    "2016-06-30": {
        "Diluted EPS": -2.49,
        "Total Revenue": 13,
        "Gross Profit": 3,
        "Operating Income": -4,
        "EBIT": -3,
        "Net Income": -4
    },
    "2016-03-31": {
        "Diluted EPS": -2.57,
        "Total Revenue": 14,
        "Gross Profit": 4,
        "Operating Income": -4,
        "EBIT": -3,
        "Net Income": -4
    },
    "2015-12-31": {
        "Diluted EPS": -7.9,
        "Total Revenue": 20,
        "Gross Profit": 5,
        "Operating Income": -4,
        "EBIT": -3,
        "Net Income": -4
    },
    "2015-09-30": {
        "Diluted EPS": -0.16,
        "Total Revenue": 15,
        "Gross Profit": 4,
        "Operating Income": -3,
        "EBIT": -2,
        "Net Income": -3
    },
    "2015-06-30": {
        "Diluted EPS": -0.09,
        "Total Revenue": 18,
        "Gross Profit": 6,
        "Operating Income": -2,
        "EBIT": -1,
        "Net Income": -2
    },
    "2015-03-31": {
        "Diluted EPS": -0.15,
        "Total Revenue": 14,
        "Gross Profit": 4,
        "Operating Income": -3,
        "EBIT": -2,
        "Net Income": -3
    },
    "2014-12-31": {
        "Diluted EPS": -0.11,
        "Total Revenue": 15,
        "Gross Profit": 4,
        "Operating Income": -2,
        "EBIT": -1,
        "Net Income": -2
    },
    "2014-09-30": {
        "Diluted EPS": -0.13,
        "Total Revenue": 14,
        "Gross Profit": 4,
        "Operating Income": -2,
        "EBIT": -2,
        "Net Income": -3
    },
    "2014-06-30": {
        "Diluted EPS": -0.13,
        "Total Revenue": 17,
        "Gross Profit": 6,
        "Operating Income": -2,
        "EBIT": -1,
        "Net Income": -2
    },
    "2014-03-31": {
        "Diluted EPS": -0.05,
        "Total Revenue": 16,
        "Gross Profit": 4,
        "Operating Income": -1,
        "EBIT": 0,
        "Net Income": -1
    },
    "2013-12-31": {
        "Diluted EPS": -0.09,
        "Total Revenue": 16,
        "Gross Profit": 4,
        "Operating Income": -2,
        "EBIT": -1,
        "Net Income": -1
    },
    "2013-09-30": {
        "Diluted EPS": -0.07,
        "Total Revenue": 14,
        "Gross Profit": 4,
        "Operating Income": -1,
        "EBIT": -1,
        "Net Income": -1
    },
    "2013-06-30": {
        "Diluted EPS": -0.03,
        "Total Revenue": 15,
        "Gross Profit": 3,
        "Operating Income": 0,
        "EBIT": 0,
        "Net Income": 0
    },
    "2013-03-31": {
        "Diluted EPS": -0.16,
        "Total Revenue": 5,
        "Gross Profit": 1,
        "Operating Income": -1,
        "EBIT": -1,
        "Net Income": -1
    },
    "2012-12-31": {
        "Diluted EPS": -0.03,
        "Total Revenue": 1,
        "Gross Profit": 0,
        "Operating Income": 0,
        "EBIT": 0,
        "Net Income": 0
    },
    "2012-09-30": {
        "Diluted EPS": -0.01,
        "Total Revenue": 1,
        "Gross Profit": 0,
        "Operating Income": 0,
        "EBIT": 0,
        "Net Income": 0
    },
    "2012-06-30": {
        "Diluted EPS": 0.0,
        "Total Revenue": 1,
        "Gross Profit": 0,
        "Operating Income": 0,
        "EBIT": 0,
        "Net Income": 0
    },
    "2012-03-31": {
        "Diluted EPS": 0.0,
        "Total Revenue": 1,
        "Gross Profit": 1,
        "Operating Income": 0,
        "EBIT": 0,
        "Net Income": 0
    },
    "2011-12-31": {
        "Diluted EPS": 0.0,
        "Total Revenue": NaN,
        "Gross Profit": NaN,
        "Operating Income": NaN,
        "EBIT": NaN,
        "Net Income": NaN
    },
    "2011-09-30": {
        "Diluted EPS": 0.0,
        "Total Revenue": 2,
        "Gross Profit": 1,
        "Operating Income": 0,
        "EBIT": 0,
        "Net Income": 0
    },
    "2010-12-31": {
        "Diluted EPS": 0.0,
        "Total Revenue": NaN,
        "Gross Profit": NaN,
        "Operating Income": NaN,
        "EBIT": NaN,
        "Net Income": NaN
    },
    "2010-06-30": {
        "Diluted EPS": 0.0,
        "Total Revenue": NaN,
        "Gross Profit": NaN,
        "Operating Income": NaN,
        "EBIT": NaN,
        "Net Income": NaN
    },
    "2023-06-30": {
        "Tax Effect Of Unusual Items": -129150.0,
        "Tax Rate For Calcs": 0.21,
        "Normalized EBITDA": -5046000.0,
        "Total Unusual Items": -615000.0,
        "Total Unusual Items Excluding Goodwill": -615000.0,
        "Net Income From Continuing Operation Net Minority Interest": -6966000.0,
        "Reconciled Depreciation": 473000.0,
        "Reconciled Cost Of Revenue": 147000.0,
        "EBITDA": -5661000.0,
        "EBIT": -6134000.0,
        "Net Interest Income": -1756000.0,
        "Interest Expense": NaN,
        "Normalized Income": -6480150.0,
        "Net Income From Continuing And Discontinued Operation": -6966000.0,
        "Total Expenses": 8191000.0,
        "Total Operating Income As Reported": -6657000.0,
        "Diluted Average Shares": 37442387.0,
        "Basic Average Shares": 37442387.0,
        "Diluted EPS": -0.19,
        "Basic EPS": -0.19,
        "Diluted NI Availto Com Stockholders": -6966000.0,
        "Net Income Common Stockholders": -6966000.0,
        "Otherunder Preferred Stock Dividend": 0.0,
        "Preferred Stock Dividends": NaN,
        "Net Income": -6966000.0,
        "Minority Interests": 363000.0,
        "Net Income Including Noncontrolling Interests": -7329000.0,
        "Net Income Discontinuous Operations": 0.0,
        "Net Income Continuous Operations": -7329000.0,
        "Tax Provision": 7000.0,
        "Pretax Income": -7322000.0,
        "Other Income Expense": 568000.0,
        "Other Non Operating Income Expenses": 1183000.0,
        "Special Income Charges": -523000.0,
        "Impairment Of Capital Assets": 0.0,
        "Restructuring And Mergern Acquisition": 523000.0,
        "Gain On Sale Of Security": -92000.0,
        "Net Non Operating Interest Income Expense": -1756000.0,
        "Total Other Finance Cost": 1756000.0,
        "Interest Expense Non Operating": NaN,
        "Operating Income": -6134000.0,
        "Operating Expense": 7801000.0,
        "Other Operating Expenses": 43000.0,
        "Depreciation Amortization Depletion Income Statement": 230000.0,
        "Depreciation And Amortization In Income Statement": 230000.0,
        "Amortization": 230000.0,
        "Amortization Of Intangibles Income Statement": 230000.0,
        "Research And Development": 2051000.0,
        "Selling General And Administration": 5477000.0,
        "Selling And Marketing Expense": 1241000.0,
        "General And Administrative Expense": 4236000.0,
        "Other Gand A": 4236000.0,
        "Gross Profit": 1667000.0,
        "Cost Of Revenue": 390000.0,
        "Total Revenue": 2057000.0,
        "Operating Revenue": 2057000.0
    },
    "2023-09-30": {
        "Tax Effect Of Unusual Items": -536970.0,
        "Tax Rate For Calcs": 0.21,
        "Normalized EBITDA": -6991000.0,
        "Total Unusual Items": -2557000.0,
        "Total Unusual Items Excluding Goodwill": -2557000.0,
        "Net Income From Continuing Operation Net Minority Interest": -10384000.0,
        "Reconciled Depreciation": 479000.0,
        "Reconciled Cost Of Revenue": 193000.0,
        "EBITDA": -9548000.0,
        "EBIT": -10027000.0,
        "Net Interest Income": -818000.0,
        "Interest Expense": 818000.0,
        "Normalized Income": -8363970.0,
        "Net Income From Continuing And Discontinued Operation": -10384000.0,
        "Total Expenses": 9442000.0,
        "Total Operating Income As Reported": -9082000.0,
        "Diluted Average Shares": 65840189.0,
        "Basic Average Shares": 65840189.0,
        "Diluted EPS": -0.16,
        "Basic EPS": -0.16,
        "Diluted NI Availto Com Stockholders": -10384000.0,
        "Net Income Common Stockholders": -10384000.0,
        "Otherunder Preferred Stock Dividend": 0.0,
        "Preferred Stock Dividends": NaN,
        "Net Income": -10384000.0,
        "Minority Interests": 464000.0,
        "Net Income Including Noncontrolling Interests": -10848000.0,
        "Net Income Discontinuous Operations": 0.0,
        "Net Income Continuous Operations": -10848000.0,
        "Tax Provision": 3000.0,
        "Pretax Income": -10845000.0,
        "Other Income Expense": -2601000.0,
        "Other Non Operating Income Expenses": -44000.0,
        "Special Income Charges": -1656000.0,
        "Impairment Of Capital Assets": 0.0,
        "Restructuring And Mergern Acquisition": 1656000.0,
        "Gain On Sale Of Security": -901000.0,
        "Net Non Operating Interest Income Expense": -818000.0,
        "Total Other Finance Cost": NaN,
        "Interest Expense Non Operating": 818000.0,
        "Operating Income": -7426000.0,
        "Operating Expense": 8991000.0,
        "Other Operating Expenses": 1527000.0,
        "Depreciation Amortization Depletion Income Statement": 221000.0,
        "Depreciation And Amortization In Income Statement": 221000.0,
        "Amortization": 221000.0,
        "Amortization Of Intangibles Income Statement": 221000.0,
        "Research And Development": 2347000.0,
        "Selling General And Administration": 4896000.0,
        "Selling And Marketing Expense": 1149000.0,
        "General And Administrative Expense": 3747000.0,
        "Other Gand A": 3747000.0,
        "Gross Profit": 1565000.0,
        "Cost Of Revenue": 451000.0,
        "Total Revenue": 2016000.0,
        "Operating Revenue": 2016000.0
    }
}