{
    "2023-03-31": {
        "Tax Effect Of Unusual Items": NaN,
        "Tax Rate For Calcs": NaN,
        "Normalized EBITDA": NaN,
        "Total Unusual Items": 0.0,
        "Total Unusual Items Excluding Goodwill": 0.0,
        "Net Income From Continuing Operation Net Minority Interest": NaN,
        "Reconciled Depreciation": NaN,
        "Reconciled Cost Of Revenue": NaN,
        "EBITDA": NaN,
        "EBIT": NaN,
        "Net Interest Income": NaN,
        "Interest Expense": NaN,
        "Normalized Income": NaN,
        "Net Income From Continuing And Discontinued Operation": NaN,
        "Total Expenses": NaN,
        "Total Operating Income As Reported": NaN,
        "Diluted Average Shares": NaN,
        "Basic Average Shares": NaN,
        "Diluted EPS": NaN,
        "Basic EPS": NaN,
        "Diluted NI Availto Com Stockholders": NaN,
        "Net Income Common Stockholders": NaN,
        "Net Income": NaN,
        "Net Income Including Noncontrolling Interests": NaN,
        "Net Income Continuous Operations": NaN,
        "Tax Provision": NaN,
        "Pretax Income": NaN,
        "Special Income Charges": 0.0,
        "Gain On Sale Of Business": 0.0,
        "Restructuring And Mergern Acquisition": 0.0,
        "Net Non Operating Interest Income Expense": NaN,
        "Total Other Finance Cost": NaN,
        "Interest Expense Non Operating": NaN,
        "Operating Income": NaN,
        "Operating Expense": NaN,
        "Depreciation Amortization Depletion Income Statement": NaN,
        "Depreciation And Amortization In Income Statement": NaN,
        "Selling General And Administration": NaN,
        "Gross Profit": NaN,
        "Cost Of Revenue": NaN,
        "Total Revenue": NaN,
        "Operating Revenue": NaN
    },
    "2022-12-31": {
        "Tax Effect Of Unusual Items": NaN,
        "Tax Rate For Calcs": NaN,
        "Normalized EBITDA": NaN,
        "Total Unusual Items": -200000.0,
        "Total Unusual Items Excluding Goodwill": -200000.0,
        "Net Income From Continuing Operation Net Minority Interest": NaN,
        "Reconciled Depreciation": NaN,
        "Reconciled Cost Of Revenue": NaN,
        "EBITDA": NaN,
        "EBIT": NaN,
        "Net Interest Income": NaN,
        "Interest Expense": NaN,
        "Normalized Income": NaN,
        "Net Income From Continuing And Discontinued Operation": NaN,
        "Total Expenses": NaN,
        "Total Operating Income As Reported": NaN,
        "Diluted Average Shares": NaN,
        "Basic Average Shares": NaN,
        "Diluted EPS": NaN,
        "Basic EPS": NaN,
        "Diluted NI Availto Com Stockholders": NaN,
        "Net Income Common Stockholders": NaN,
        "Net Income": NaN,
        "Net Income Including Noncontrolling Interests": NaN,
        "Net Income Continuous Operations": NaN,
        "Tax Provision": NaN,
        "Pretax Income": NaN,
        "Other Income Expense": -200000.0,
        "Special Income Charges": -200000.0,
        "Gain On Sale Of Business": 0.0,
        "Restructuring And Mergern Acquisition": 200000.0,
        "Net Non Operating Interest Income Expense": NaN,
        "Total Other Finance Cost": NaN,
        "Interest Expense Non Operating": NaN,
        "Operating Income": NaN,
        "Operating Expense": NaN,
        "Depreciation Amortization Depletion Income Statement": NaN,
        "Depreciation And Amortization In Income Statement": NaN,
        "Selling General And Administration": NaN,
        "Gross Profit": NaN,
        "Cost Of Revenue": NaN,
        "Total Revenue": NaN,
        "Operating Revenue": NaN
    },
    "2022-09-30": {
        "Tax Effect Of Unusual Items": NaN,
        "Tax Rate For Calcs": NaN,
        "Normalized EBITDA": NaN,
        "Total Unusual Items": NaN,
        "Total Unusual Items Excluding Goodwill": NaN,
        "Net Income From Continuing Operation Net Minority Interest": NaN,
        "Reconciled Depreciation": NaN,
        "Reconciled Cost Of Revenue": NaN,
        "EBITDA": NaN,
        "EBIT": NaN,
        "Net Interest Income": NaN,
        "Interest Expense": NaN,
        "Normalized Income": NaN,
        "Net Income From Continuing And Discontinued Operation": NaN,
        "Total Expenses": NaN,
        "Total Operating Income As Reported": NaN,
        "Diluted Average Shares": NaN,
        "Basic Average Shares": NaN,
        "Diluted EPS": NaN,
        "Basic EPS": NaN,
        "Diluted NI Availto Com Stockholders": NaN,
        "Net Income Common Stockholders": NaN,
        "Net Income": NaN,
        "Net Income Including Noncontrolling Interests": NaN,
        "Net Income Continuous Operations": NaN,
        "Tax Provision": NaN,
        "Pretax Income": NaN,
        "Other Income Expense": -100000.0,
        "Special Income Charges": NaN,
        "Gain On Sale Of Business": NaN,
        "Restructuring And Mergern Acquisition": NaN,
        "Net Non Operating Interest Income Expense": NaN,
        "Total Other Finance Cost": NaN,
        "Interest Expense Non Operating": NaN,
        "Operating Income": NaN,
        "Operating Expense": NaN,
        "Depreciation Amortization Depletion Income Statement": NaN,
        "Depreciation And Amortization In Income Statement": NaN,
        "Selling General And Administration": NaN,
        "Gross Profit": NaN,
        "Cost Of Revenue": NaN,
        "Total Revenue": NaN,
        "Operating Revenue": NaN
    },
    "2022-06-30": {
        "Tax Effect Of Unusual Items": -2600.0,
        "Tax Rate For Calcs": 0.026,
        "Normalized EBITDA": 24800000.0,
        "Total Unusual Items": -100000.0,
        "Total Unusual Items Excluding Goodwill": -100000.0,
        "Net Income From Continuing Operation Net Minority Interest": 7500000.0,
        "Reconciled Depreciation": 10500000.0,
        "Reconciled Cost Of Revenue": 15400000.0,
        "EBITDA": 24700000.0,
        "EBIT": 14200000.0,
        "Net Interest Income": -5700000.0,
        "Interest Expense": 6500000.0,
        "Interest Income": NaN,
        "Normalized Income": 7597400.0,
        "Net Income From Continuing And Discontinued Operation": 7500000.0,
        "Total Expenses": 57800000.0,
        "Total Operating Income As Reported": 13400000.0,
        "Diluted Average Shares": 29262690.0,
        "Basic Average Shares": 26826014.0,
        "Diluted EPS": 0.25,
        "Basic EPS": 0.27,
        "Diluted NI Availto Com Stockholders": 7500000.0,
        "Net Income Common Stockholders": 7500000.0,
        "Net Income": 7500000.0,
        "Net Income Including Noncontrolling Interests": 7500000.0,
        "Net Income Continuous Operations": 7500000.0,
        "Tax Provision": 200000.0,
        "Pretax Income": 7700000.0,
        "Other Income Expense": -100000.0,
        "Special Income Charges": -100000.0,
        "Gain On Sale Of Business": 0.0,
        "Restructuring And Mergern Acquisition": 100000.0,
        "Net Non Operating Interest Income Expense": -5700000.0,
        "Total Other Finance Cost": -800000.0,
        "Interest Expense Non Operating": 6500000.0,
        "Interest Income Non Operating": NaN,
        "Operating Income": 13500000.0,
        "Operating Expense": 41700000.0,
        "Depreciation Amortization Depletion Income Statement": 9800000.0,
        "Depreciation And Amortization In Income Statement": 9800000.0,
        "Selling General And Administration": 31900000.0,
        "General And Administrative Expense": NaN,
        "Other Gand A": NaN,
        "Gross Profit": 55200000.0,
        "Cost Of Revenue": 16100000.0,
        "Total Revenue": 71300000.0,
        "Operating Revenue": 71300000.0
    },
    "2022-03-31": {
        "Diluted EPS": 0.05,
        "Total Revenue": 61,
        "Gross Profit": 47,
        "Operating Income": 7,
        "EBIT": 18,
        "Net Income": 2
    },
    "2021-12-31": {
        "Diluted EPS": 0.78,
        "Total Revenue": 67,
        "Gross Profit": 51,
        "Operating Income": 6,
        "EBIT": 18,
        "Net Income": -1
    },
    "2021-09-30": {
        "Diluted EPS": 0.3,
        "Total Revenue": 78,
        "Gross Profit": 59,
        "Operating Income": 15,
        "EBIT": 27,
        "Net Income": 25
    },
    "2021-06-30": {
        "Diluted EPS": -1.94,
        "Total Revenue": 42,
        "Gross Profit": 31,
        "Operating Income": -10,
        "EBIT": 3,
        "Net Income": -44
    },
    "2021-03-31": {
        "Diluted EPS": -0.74,
        "Total Revenue": 23,
        "Gross Profit": 18,
        "Operating Income": -12,
        "EBIT": 2,
        "Net Income": -17
    },
    "2020-12-31": {
        "Diluted EPS": 0.12,
        "Total Revenue": 72,
        "Gross Profit": 59,
        "Operating Income": 19,
        "EBIT": 33,
        "Net Income": 3
    },
    "2020-09-30": {
        "Diluted EPS": 0.02,
        "Total Revenue": 60,
        "Gross Profit": 46,
        "Operating Income": 8,
        "EBIT": 23,
        "Net Income": 1
    },
    "2020-06-30": {
        "Diluted EPS": -1.15,
        "Total Revenue": 16,
        "Gross Profit": 13,
        "Operating Income": -14,
        "EBIT": 1,
        "Net Income": -26
    },
    "2020-03-31": {
        "Diluted EPS": -0.44,
        "Total Revenue": 52,
        "Gross Profit": 38,
        "Operating Income": -7,
        "EBIT": 6,
        "Net Income": -10
    },
    "2019-12-31": {
        "Diluted EPS": -0.78,
        "Total Revenue": 66,
        "Gross Profit": 48,
        "Operating Income": -2,
        "EBIT": 14,
        "Net Income": -17
    },
    "2019-09-30": {
        "Diluted EPS": -0.38,
        "Total Revenue": 27,
        "Gross Profit": 20,
        "Operating Income": -6,
        "EBIT": 3,
        "Net Income": -9
    },
    "2019-06-30": {
        "Diluted EPS": -0.48,
        "Total Revenue": 27,
        "Gross Profit": 20,
        "Operating Income": -5,
        "EBIT": 5,
        "Net Income": -11
    },
    "2019-03-31": {
        "Diluted EPS": -0.24,
        "Total Revenue": 34,
        "Gross Profit": 27,
        "Operating Income": -1,
        "EBIT": 9,
        "Net Income": -5
    },
    "2018-12-31": {
        "Diluted EPS": -0.23,
        "Total Revenue": 31,
        "Gross Profit": 24,
        "Operating Income": -2,
        "EBIT": -25,
        "Net Income": -5
    },
    "2018-09-30": {
        "Diluted EPS": -0.57,
        "Total Revenue": 36,
        "Gross Profit": 29,
        "Operating Income": -4,
        "EBIT": 7,
        "Net Income": -12
    },
    "2018-06-30": {
        "Diluted EPS": -0.19,
        "Total Revenue": 37,
        "Gross Profit": 29,
        "Operating Income": 2,
        "EBIT": 12,
        "Net Income": -4
    },
    "2018-03-31": {
        "Diluted EPS": -0.02,
        "Total Revenue": 37,
        "Gross Profit": 27,
        "Operating Income": -1,
        "EBIT": 10,
        "Net Income": 0
    },
    "2017-12-31": {
        "Diluted EPS": -0.2,
        "Total Revenue": 31,
        "Gross Profit": 25,
        "Operating Income": 31,
        "EBIT": 31,
        "Net Income": -4
    },
    "2017-09-30": {
        "Diluted EPS": 0.0,
        "Total Revenue": NaN,
        "Gross Profit": NaN,
        "Operating Income": NaN,
        "EBIT": NaN,
        "Net Income": NaN
    },
    "2017-06-30": {
        "Diluted EPS": -0.41,
        "Total Revenue": 32,
        "Gross Profit": 23,
        "Operating Income": -1,
        "EBIT": 8,
        "Net Income": -8
    },
    "2017-03-31": {
        "Diluted EPS": -0.45,
        "Total Revenue": 28,
        "Gross Profit": 22,
        "Operating Income": -2,
        "EBIT": 13,
        "Net Income": -9
    },
    "2016-12-31": {
        "Diluted EPS": -1.79,
        "Total Revenue": 27,
        "Gross Profit": 22,
        "Operating Income": -9,
        "EBIT": -2,
        "Net Income": -22
    },
    "2016-09-30": {
        "Diluted EPS": 0.0,
        "Total Revenue": 60,
        "Gross Profit": 49,
        "Operating Income": 0,
        "EBIT": -28,
        "Net Income": -29
    },
    "2016-06-30": {
        "Diluted EPS": -1.15,
        "Total Revenue": 29,
        "Gross Profit": 25,
        "Operating Income": 1,
        "EBIT": 10,
        "Net Income": -14
    },
    "2016-03-31": {
        "Diluted EPS": -1.15,
        "Total Revenue": 30,
        "Gross Profit": 26,
        "Operating Income": 2,
        "EBIT": 20,
        "Net Income": -14
    },
    "2015-12-31": {
        "Diluted EPS": 0.0,
        "Total Revenue": NaN,
        "Gross Profit": NaN,
        "Operating Income": NaN,
        "EBIT": NaN,
        "Net Income": NaN
    },
    "2015-09-30": {
        "Diluted EPS": 0.0,
        "Total Revenue": NaN,
        "Gross Profit": NaN,
        "Operating Income": NaN,
        "EBIT": NaN,
        "Net Income": NaN
    },
    "2014-12-31": {
        "Diluted EPS": 0.0,
        "Total Revenue": NaN,
        "Gross Profit": NaN,
        "Operating Income": NaN,
        "EBIT": NaN,
        "Net Income": NaN
    },
    "2023-06-30": {
        "Tax Effect Of Unusual Items": NaN,
        "Tax Rate For Calcs": NaN,
        "Normalized EBITDA": NaN,
        "Total Unusual Items": 0.0,
        "Total Unusual Items Excluding Goodwill": 0.0,
        "Net Income From Continuing Operation Net Minority Interest": NaN,
        "Reconciled Depreciation": NaN,
        "Reconciled Cost Of Revenue": NaN,
        "EBITDA": NaN,
        "EBIT": NaN,
        "Net Interest Income": NaN,
        "Interest Expense": NaN,
        "Normalized Income": NaN,
        "Net Income From Continuing And Discontinued Operation": NaN,
        "Total Expenses": NaN,
        "Total Operating Income As Reported": NaN,
        "Diluted Average Shares": 29041781.0,
        "Basic Average Shares": 26267215.0,
        "Diluted EPS": 0.14,
        "Basic EPS": 0.16,
        "Diluted NI Availto Com Stockholders": NaN,
        "Net Income Common Stockholders": NaN,
        "Net Income": NaN,
        "Net Income Including Noncontrolling Interests": NaN,
        "Net Income Continuous Operations": NaN,
        "Tax Provision": NaN,
        "Pretax Income": NaN,
        "Special Income Charges": 0.0,
        "Gain On Sale Of Business": 0.0,
        "Restructuring And Mergern Acquisition": 0.0,
        "Net Non Operating Interest Income Expense": NaN,
        "Total Other Finance Cost": NaN,
        "Interest Expense Non Operating": NaN,
        "Operating Income": NaN,
        "Operating Expense": NaN,
        "Depreciation Amortization Depletion Income Statement": NaN,
        "Depreciation And Amortization In Income Statement": NaN,
        "Selling General And Administration": NaN,
        "Gross Profit": NaN,
        "Cost Of Revenue": NaN,
        "Total Revenue": NaN,
        "Operating Revenue": NaN
    },
    "2023-09-30": {
        "Tax Effect Of Unusual Items": 0.0,
        "Tax Rate For Calcs": 0.376,
        "Normalized EBITDA": 24300000.0,
        "Total Unusual Items": 0.0,
        "Total Unusual Items Excluding Goodwill": 0.0,
        "Net Income From Continuing Operation Net Minority Interest": 3400000.0,
        "Reconciled Depreciation": 11200000.0,
        "Reconciled Cost Of Revenue": 47200000.0,
        "EBITDA": 24300000.0,
        "EBIT": 13100000.0,
        "Net Interest Income": -6800000.0,
        "Interest Expense": 7700000.0,
        "Normalized Income": 3400000.0,
        "Net Income From Continuing And Discontinued Operation": 3400000.0,
        "Total Expenses": 85300000.0,
        "Total Operating Income As Reported": 12200000.0,
        "Diluted Average Shares": 29105267.0,
        "Basic Average Shares": 28104365.0,
        "Diluted EPS": 0.12,
        "Basic EPS": 0.12,
        "Diluted NI Availto Com Stockholders": 3400000.0,
        "Net Income Common Stockholders": 3400000.0,
        "Net Income": 3400000.0,
        "Net Income Including Noncontrolling Interests": 3400000.0,
        "Net Income Continuous Operations": 3400000.0,
        "Tax Provision": 2000000.0,
        "Pretax Income": 5400000.0,
        "Special Income Charges": 0.0,
        "Gain On Sale Of Business": 0.0,
        "Restructuring And Mergern Acquisition": 0.0,
        "Net Non Operating Interest Income Expense": -6800000.0,
        "Total Other Finance Cost": -900000.0,
        "Interest Expense Non Operating": 7700000.0,
        "Operating Income": 12200000.0,
        "Operating Expense": 37200000.0,
        "Depreciation Amortization Depletion Income Statement": 10300000.0,
        "Depreciation And Amortization In Income Statement": 10300000.0,
        "Selling General And Administration": 26900000.0,
        "Gross Profit": 49400000.0,
        "Cost Of Revenue": 48100000.0,
        "Total Revenue": 97500000.0,
        "Operating Revenue": 97500000.0
    },
    "2023-12-31": {
        "Tax Effect Of Unusual Items": 0.0,
        "Tax Rate For Calcs": 0.21,
        "Normalized EBITDA": 21400000.0,
        "Total Unusual Items": 0.0,
        "Total Unusual Items Excluding Goodwill": 0.0,
        "Net Income From Continuing Operation Net Minority Interest": 0.0,
        "Reconciled Depreciation": 11100000.0,
        "Reconciled Cost Of Revenue": 28000000.0,
        "EBITDA": 21400000.0,
        "EBIT": 10300000.0,
        "Net Interest Income": -7100000.0,
        "Interest Expense": 8100000.0,
        "Normalized Income": 0.0,
        "Net Income From Continuing And Discontinued Operation": 0.0,
        "Total Expenses": 71900000.0,
        "Total Operating Income As Reported": 9300000.0,
        "Diluted Average Shares": NaN,
        "Basic Average Shares": NaN,
        "Diluted EPS": NaN,
        "Basic EPS": NaN,
        "Diluted NI Availto Com Stockholders": 0.0,
        "Net Income Common Stockholders": 0.0,
        "Net Income": 0.0,
        "Net Income Including Noncontrolling Interests": 0.0,
        "Net Income Continuous Operations": 0.0,
        "Tax Provision": 2200000.0,
        "Pretax Income": 2200000.0,
        "Special Income Charges": 0.0,
        "Gain On Sale Of Business": 0.0,
        "Restructuring And Mergern Acquisition": 0.0,
        "Net Non Operating Interest Income Expense": -7100000.0,
        "Total Other Finance Cost": -1000000.0,
        "Interest Expense Non Operating": 8100000.0,
        "Operating Income": 9300000.0,
        "Operating Expense": 42900000.0,
        "Depreciation Amortization Depletion Income Statement": 10100000.0,
        "Depreciation And Amortization In Income Statement": 10100000.0,
        "Selling General And Administration": 32800000.0,
        "Gross Profit": 52200000.0,
        "Cost Of Revenue": 29000000.0,
        "Total Revenue": 81200000.0,
        "Operating Revenue": 81200000.0
    },
    "2024-03-31": {
        "Tax Effect Of Unusual Items": 0.0,
        "Tax Rate For Calcs": 0.274,
        "Normalized EBITDA": 10600000.0,
        "Total Unusual Items": NaN,
        "Total Unusual Items Excluding Goodwill": NaN,
        "Net Income From Continuing Operation Net Minority Interest": -5700000.0,
        "Reconciled Depreciation": 11000000.0,
        "Reconciled Cost Of Revenue": 19300000.0,
        "EBITDA": 10600000.0,
        "EBIT": -400000.0,
        "Net Interest Income": -6500000.0,
        "Interest Expense": 7500000.0,
        "Normalized Income": -5700000.0,
        "Net Income From Continuing And Discontinued Operation": -5700000.0,
        "Total Expenses": 64500000.0,
        "Total Operating Income As Reported": -1400000.0,
        "Diluted Average Shares": 28603734.0,
        "Basic Average Shares": 28603734.0,
        "Diluted EPS": -0.2,
        "Basic EPS": -0.2,
        "Diluted NI Availto Com Stockholders": -5700000.0,
        "Net Income Common Stockholders": -5700000.0,
        "Net Income": -5700000.0,
        "Net Income Including Noncontrolling Interests": -5700000.0,
        "Net Income Continuous Operations": -5700000.0,
        "Tax Provision": -2200000.0,
        "Pretax Income": -7900000.0,
        "Special Income Charges": NaN,
        "Gain On Sale Of Business": NaN,
        "Restructuring And Mergern Acquisition": NaN,
        "Net Non Operating Interest Income Expense": -6500000.0,
        "Total Other Finance Cost": -1000000.0,
        "Interest Expense Non Operating": 7500000.0,
        "Operating Income": -1400000.0,
        "Operating Expense": 44100000.0,
        "Depreciation Amortization Depletion Income Statement": 9900000.0,
        "Depreciation And Amortization In Income Statement": 9900000.0,
        "Selling General And Administration": 34200000.0,
        "Gross Profit": 42700000.0,
        "Cost Of Revenue": 20400000.0,
        "Total Revenue": 63100000.0,
        "Operating Revenue": 63100000.0
    },
    "2024-06-30": {
        "Tax Effect Of Unusual Items": 0.0,
        "Tax Rate For Calcs": 0.268,
        "Normalized EBITDA": 21900000.0,
        "Total Unusual Items": NaN,
        "Total Unusual Items Excluding Goodwill": NaN,
        "Net Income From Continuing Operation Net Minority Interest": 2000000.0,
        "Reconciled Depreciation": 11500000.0,
        "Reconciled Cost Of Revenue": 23900000.0,
        "EBITDA": 21900000.0,
        "EBIT": 10400000.0,
        "Net Interest Income": -6600000.0,
        "Interest Expense": 7600000.0,
        "Normalized Income": 2000000.0,
        "Net Income From Continuing And Discontinued Operation": 2000000.0,
        "Total Expenses": 66200000.0,
        "Total Operating Income As Reported": 9400000.0,
        "Diluted Average Shares": 29046281.0,
        "Basic Average Shares": 28474059.0,
        "Diluted EPS": 0.07,
        "Basic EPS": 0.07,
        "Diluted NI Availto Com Stockholders": 2000000.0,
        "Net Income Common Stockholders": 2000000.0,
        "Net Income": 2000000.0,
        "Net Income Including Noncontrolling Interests": 2000000.0,
        "Net Income Continuous Operations": 2000000.0,
        "Tax Provision": 800000.0,
        "Pretax Income": 2800000.0,
        "Special Income Charges": NaN,
        "Gain On Sale Of Business": NaN,
        "Restructuring And Mergern Acquisition": NaN,
        "Net Non Operating Interest Income Expense": -6600000.0,
        "Total Other Finance Cost": -1000000.0,
        "Interest Expense Non Operating": 7600000.0,
        "Operating Income": 9400000.0,
        "Operating Expense": 41400000.0,
        "Depreciation Amortization Depletion Income Statement": 10600000.0,
        "Depreciation And Amortization In Income Statement": 10600000.0,
        "Selling General And Administration": 30800000.0,
        "Gross Profit": 50800000.0,
        "Cost Of Revenue": 24800000.0,
        "Total Revenue": 75600000.0,
        "Operating Revenue": 75600000.0
    },
    "2024-09-30": {
        "Tax Effect Of Unusual Items": 0.0,
        "Tax Rate For Calcs": 0.233,
        "Normalized EBITDA": 25500000.0,
        "Total Unusual Items": NaN,
        "Total Unusual Items Excluding Goodwill": NaN,
        "Net Income From Continuing Operation Net Minority Interest": 3400000.0,
        "Reconciled Depreciation": 12600000.0,
        "Reconciled Cost Of Revenue": 22100000.0,
        "EBITDA": 25500000.0,
        "EBIT": 12900000.0,
        "Net Interest Income": -7500000.0,
        "Interest Expense": 8500000.0,
        "Normalized Income": 3400000.0,
        "Net Income From Continuing And Discontinued Operation": 3400000.0,
        "Total Expenses": 66100000.0,
        "Total Operating Income As Reported": 11900000.0,
        "Diluted Average Shares": 29188787.0,
        "Basic Average Shares": 28496801.0,
        "Diluted EPS": 0.12,
        "Basic EPS": 0.12,
        "Diluted NI Availto Com Stockholders": 3400000.0,
        "Net Income Common Stockholders": 3400000.0,
        "Net Income": 3400000.0,
        "Net Income Including Noncontrolling Interests": 3400000.0,
        "Net Income Continuous Operations": 3400000.0,
        "Tax Provision": 1000000.0,
        "Pretax Income": 4400000.0,
        "Special Income Charges": NaN,
        "Gain On Sale Of Business": NaN,
        "Restructuring And Mergern Acquisition": NaN,
        "Net Non Operating Interest Income Expense": -7500000.0,
        "Total Other Finance Cost": -1000000.0,
        "Interest Expense Non Operating": 8500000.0,
        "Operating Income": 11900000.0,
        "Operating Expense": 42700000.0,
        "Depreciation Amortization Depletion Income Statement": 11300000.0,
        "Depreciation And Amortization In Income Statement": 11300000.0,
        "Selling General And Administration": 31400000.0,
        "Gross Profit": 54600000.0,
        "Cost Of Revenue": 23400000.0,
        "Total Revenue": 78000000.0,
        "Operating Revenue": 78000000.0
    }
}