{
    "2023-03-31": {
        "Tax Effect Of Unusual Items": NaN,
        "Tax Rate For Calcs": NaN,
        "Normalized EBITDA": NaN,
        "Total Unusual Items": NaN,
        "Total Unusual Items Excluding Goodwill": NaN,
        "Net Income From Continuing Operation Net Minority Interest": NaN,
        "Reconciled Depreciation": NaN,
        "Reconciled Cost Of Revenue": NaN,
        "EBITDA": NaN,
        "EBIT": NaN,
        "Net Interest Income": NaN,
        "Interest Expense": NaN,
        "Normalized Income": NaN,
        "Net Income From Continuing And Discontinued Operation": NaN,
        "Total Expenses": NaN,
        "Total Operating Income As Reported": NaN,
        "Diluted Average Shares": NaN,
        "Basic Average Shares": NaN,
        "Diluted EPS": NaN,
        "Basic EPS": NaN,
        "Diluted NI Availto Com Stockholders": NaN,
        "Net Income Common Stockholders": NaN,
        "Preferred Stock Dividends": NaN,
        "Net Income": NaN,
        "Minority Interests": NaN,
        "Net Income Including Noncontrolling Interests": NaN,
        "Net Income Continuous Operations": NaN,
        "Tax Provision": NaN,
        "Pretax Income": NaN,
        "Other Income Expense": NaN,
        "Other Non Operating Income Expenses": NaN,
        "Special Income Charges": NaN,
        "Gain On Sale Of Business": NaN,
        "Other Special Charges": NaN,
        "Impairment Of Capital Assets": NaN,
        "Net Non Operating Interest Income Expense": NaN,
        "Interest Expense Non Operating": NaN,
        "Operating Income": NaN,
        "Operating Expense": NaN,
        "Depreciation Amortization Depletion Income Statement": NaN,
        "Depreciation And Amortization In Income Statement": NaN,
        "Amortization": 429000.0,
        "Amortization Of Intangibles Income Statement": 429000.0,
        "Research And Development": NaN,
        "Selling General And Administration": NaN,
        "Selling And Marketing Expense": NaN,
        "General And Administrative Expense": NaN,
        "Other Gand A": NaN,
        "Gross Profit": NaN,
        "Cost Of Revenue": NaN,
        "Total Revenue": NaN,
        "Operating Revenue": NaN
    },
    "2022-12-31": {
        "Tax Effect Of Unusual Items": NaN,
        "Tax Rate For Calcs": NaN,
        "Normalized EBITDA": NaN,
        "Total Unusual Items": NaN,
        "Total Unusual Items Excluding Goodwill": NaN,
        "Net Income From Continuing Operation Net Minority Interest": NaN,
        "Reconciled Depreciation": NaN,
        "Reconciled Cost Of Revenue": NaN,
        "EBITDA": NaN,
        "EBIT": NaN,
        "Net Interest Income": NaN,
        "Interest Expense": NaN,
        "Normalized Income": NaN,
        "Net Income From Continuing And Discontinued Operation": NaN,
        "Total Expenses": NaN,
        "Total Operating Income As Reported": NaN,
        "Diluted Average Shares": NaN,
        "Basic Average Shares": NaN,
        "Diluted EPS": NaN,
        "Basic EPS": NaN,
        "Diluted NI Availto Com Stockholders": NaN,
        "Net Income Common Stockholders": NaN,
        "Preferred Stock Dividends": NaN,
        "Net Income": NaN,
        "Minority Interests": 0.0,
        "Net Income Including Noncontrolling Interests": NaN,
        "Net Income Continuous Operations": NaN,
        "Tax Provision": NaN,
        "Pretax Income": NaN,
        "Other Income Expense": NaN,
        "Other Non Operating Income Expenses": NaN,
        "Special Income Charges": NaN,
        "Gain On Sale Of Business": 0.0,
        "Other Special Charges": 0.0,
        "Impairment Of Capital Assets": NaN,
        "Net Non Operating Interest Income Expense": NaN,
        "Interest Expense Non Operating": NaN,
        "Operating Income": NaN,
        "Operating Expense": NaN,
        "Depreciation Amortization Depletion Income Statement": NaN,
        "Depreciation And Amortization In Income Statement": NaN,
        "Amortization": 430000.0,
        "Amortization Of Intangibles Income Statement": 430000.0,
        "Research And Development": NaN,
        "Selling General And Administration": NaN,
        "Selling And Marketing Expense": NaN,
        "General And Administrative Expense": NaN,
        "Other Gand A": NaN,
        "Gross Profit": NaN,
        "Cost Of Revenue": NaN,
        "Total Revenue": NaN,
        "Operating Revenue": NaN
    },
    "2022-09-30": {
        "Tax Effect Of Unusual Items": NaN,
        "Tax Rate For Calcs": NaN,
        "Normalized EBITDA": NaN,
        "Total Unusual Items": NaN,
        "Total Unusual Items Excluding Goodwill": NaN,
        "Net Income From Continuing Operation Net Minority Interest": NaN,
        "Reconciled Depreciation": NaN,
        "Reconciled Cost Of Revenue": NaN,
        "EBITDA": NaN,
        "EBIT": NaN,
        "Net Interest Income": NaN,
        "Interest Expense": NaN,
        "Normalized Income": NaN,
        "Net Income From Continuing And Discontinued Operation": NaN,
        "Total Expenses": NaN,
        "Total Operating Income As Reported": NaN,
        "Diluted Average Shares": NaN,
        "Basic Average Shares": NaN,
        "Diluted EPS": NaN,
        "Basic EPS": NaN,
        "Diluted NI Availto Com Stockholders": NaN,
        "Net Income Common Stockholders": NaN,
        "Preferred Stock Dividends": NaN,
        "Net Income": NaN,
        "Minority Interests": 0.0,
        "Net Income Including Noncontrolling Interests": NaN,
        "Net Income Continuous Operations": NaN,
        "Tax Provision": NaN,
        "Pretax Income": NaN,
        "Other Income Expense": NaN,
        "Other Non Operating Income Expenses": NaN,
        "Special Income Charges": NaN,
        "Gain On Sale Of Business": 0.0,
        "Other Special Charges": NaN,
        "Impairment Of Capital Assets": NaN,
        "Net Non Operating Interest Income Expense": NaN,
        "Interest Expense Non Operating": NaN,
        "Operating Income": NaN,
        "Operating Expense": NaN,
        "Depreciation Amortization Depletion Income Statement": NaN,
        "Depreciation And Amortization In Income Statement": NaN,
        "Amortization": 433000.0,
        "Amortization Of Intangibles Income Statement": 433000.0,
        "Research And Development": NaN,
        "Selling General And Administration": NaN,
        "Selling And Marketing Expense": NaN,
        "General And Administrative Expense": NaN,
        "Other Gand A": NaN,
        "Gross Profit": NaN,
        "Cost Of Revenue": NaN,
        "Total Revenue": NaN,
        "Operating Revenue": NaN
    },
    "2022-06-30": {
        "Tax Effect Of Unusual Items": 0.0,
        "Tax Rate For Calcs": 0.023898,
        "Normalized EBITDA": -4303000.0,
        "Total Unusual Items": 0.0,
        "Total Unusual Items Excluding Goodwill": 0.0,
        "Net Income From Continuing Operation Net Minority Interest": -12376000.0,
        "Reconciled Depreciation": 6712000.0,
        "Reconciled Cost Of Revenue": 37695000.0,
        "EBITDA": -4303000.0,
        "EBIT": -11015000.0,
        "Net Interest Income": -1664000.0,
        "Interest Expense": 1664000.0,
        "Normalized Income": -12376000.0,
        "Net Income From Continuing And Discontinued Operation": -12376000.0,
        "Total Expenses": 71889000.0,
        "Total Operating Income As Reported": -10033000.0,
        "Diluted Average Shares": 107511660.0,
        "Basic Average Shares": 107511660.0,
        "Diluted EPS": -0.12,
        "Basic EPS": -0.12,
        "Diluted NI Availto Com Stockholders": -13053000.0,
        "Net Income Common Stockholders": -13053000.0,
        "Preferred Stock Dividends": 677000.0,
        "Net Income": -12376000.0,
        "Minority Interests": 0.0,
        "Net Income Including Noncontrolling Interests": -12376000.0,
        "Net Income Continuous Operations": -12376000.0,
        "Tax Provision": -303000.0,
        "Pretax Income": -12679000.0,
        "Other Income Expense": -982000.0,
        "Other Non Operating Income Expenses": -982000.0,
        "Special Income Charges": 0.0,
        "Gain On Sale Of Business": NaN,
        "Other Special Charges": NaN,
        "Impairment Of Capital Assets": 0.0,
        "Net Non Operating Interest Income Expense": -1664000.0,
        "Interest Expense Non Operating": 1664000.0,
        "Operating Income": -10033000.0,
        "Operating Expense": 27925000.0,
        "Depreciation Amortization Depletion Income Statement": 443000.0,
        "Depreciation And Amortization In Income Statement": 443000.0,
        "Amortization": 443000.0,
        "Amortization Of Intangibles Income Statement": 443000.0,
        "Research And Development": 13619000.0,
        "Selling General And Administration": 13863000.0,
        "Selling And Marketing Expense": 7721000.0,
        "General And Administrative Expense": 6142000.0,
        "Other Gand A": 6142000.0,
        "Gross Profit": 17892000.0,
        "Cost Of Revenue": 43964000.0,
        "Total Revenue": 61856000.0,
        "Operating Revenue": 61856000.0
    },
    "2022-03-31": {
        "Diluted EPS": -0.24,
        "Total Revenue": 61,
        "Gross Profit": 15,
        "Operating Income": -22,
        "EBIT": -13,
        "Net Income": -26
    },
    "2021-12-31": {
        "Diluted EPS": -0.1,
        "Total Revenue": 73,
        "Gross Profit": 18,
        "Operating Income": -10,
        "EBIT": -3,
        "Net Income": -11
    },
    "2021-09-30": {
        "Diluted EPS": -0.09,
        "Total Revenue": 66,
        "Gross Profit": 19,
        "Operating Income": -10,
        "EBIT": -4,
        "Net Income": -9
    },
    "2021-06-30": {
        "Diluted EPS": -0.14,
        "Total Revenue": 66,
        "Gross Profit": 20,
        "Operating Income": -11,
        "EBIT": -3,
        "Net Income": -14
    },
    "2021-03-31": {
        "Diluted EPS": -0.18,
        "Total Revenue": 58,
        "Gross Profit": 18,
        "Operating Income": -16,
        "EBIT": -10,
        "Net Income": -18
    },
    "2020-12-31": {
        "Diluted EPS": -0.15,
        "Total Revenue": 86,
        "Gross Profit": 26,
        "Operating Income": -9,
        "EBIT": 4,
        "Net Income": -14
    },
    "2020-09-30": {
        "Diluted EPS": -0.06,
        "Total Revenue": 90,
        "Gross Profit": 25,
        "Operating Income": -3,
        "EBIT": 3,
        "Net Income": -6
    },
    "2020-06-30": {
        "Diluted EPS": -0.78,
        "Total Revenue": 81,
        "Gross Profit": 22,
        "Operating Income": -5,
        "EBIT": 1,
        "Net Income": -76
    },
    "2020-03-31": {
        "Diluted EPS": -0.2,
        "Total Revenue": 57,
        "Gross Profit": 17,
        "Operating Income": -8,
        "EBIT": -2,
        "Net Income": -19
    },
    "2019-12-31": {
        "Diluted EPS": -0.17,
        "Total Revenue": 52,
        "Gross Profit": 15,
        "Operating Income": -9,
        "EBIT": -1,
        "Net Income": -13
    },
    "2019-09-30": {
        "Diluted EPS": -0.11,
        "Total Revenue": 63,
        "Gross Profit": 19,
        "Operating Income": -3,
        "EBIT": 5,
        "Net Income": -9
    },
    "2019-06-30": {
        "Diluted EPS": -0.14,
        "Total Revenue": 56,
        "Gross Profit": 16,
        "Operating Income": -5,
        "EBIT": 1,
        "Net Income": -11
    },
    "2019-03-31": {
        "Diluted EPS": -0.1,
        "Total Revenue": 49,
        "Gross Profit": 15,
        "Operating Income": -2,
        "EBIT": 3,
        "Net Income": -7
    },
    "2018-12-31": {
        "Diluted EPS": -0.03,
        "Total Revenue": 56,
        "Gross Profit": 20,
        "Operating Income": 1,
        "EBIT": 6,
        "Net Income": -4
    },
    "2018-09-30": {
        "Diluted EPS": 0.15,
        "Total Revenue": 51,
        "Gross Profit": 18,
        "Operating Income": 17,
        "EBIT": 22,
        "Net Income": 11
    },
    "2018-06-30": {
        "Diluted EPS": -0.11,
        "Total Revenue": 49,
        "Gross Profit": 18,
        "Operating Income": -1,
        "EBIT": 5,
        "Net Income": -7
    },
    "2018-03-31": {
        "Diluted EPS": -0.13,
        "Total Revenue": 47,
        "Gross Profit": 16,
        "Operating Income": -3,
        "EBIT": 4,
        "Net Income": -8
    },
    "2017-12-31": {
        "Diluted EPS": -0.06,
        "Total Revenue": 47,
        "Gross Profit": 18,
        "Operating Income": 1,
        "EBIT": 6,
        "Net Income": -4
    },
    "2017-09-30": {
        "Diluted EPS": -0.23,
        "Total Revenue": 57,
        "Gross Profit": 16,
        "Operating Income": -6,
        "EBIT": 0,
        "Net Income": -14
    },
    "2017-06-30": {
        "Diluted EPS": -0.21,
        "Total Revenue": 60,
        "Gross Profit": 17,
        "Operating Income": -6,
        "EBIT": 1,
        "Net Income": -12
    },
    "2017-03-31": {
        "Diluted EPS": -0.28,
        "Total Revenue": 55,
        "Gross Profit": 16,
        "Operating Income": -11,
        "EBIT": -5,
        "Net Income": -16
    },
    "2016-12-31": {
        "Diluted EPS": -0.51,
        "Total Revenue": 53,
        "Gross Profit": 9,
        "Operating Income": -22,
        "EBIT": -17,
        "Net Income": -27
    },
    "2016-09-30": {
        "Diluted EPS": -0.34,
        "Total Revenue": 61,
        "Gross Profit": 23,
        "Operating Income": -12,
        "EBIT": -6,
        "Net Income": -19
    },
    "2016-06-30": {
        "Diluted EPS": -0.05,
        "Total Revenue": 63,
        "Gross Profit": 23,
        "Operating Income": -5,
        "EBIT": 1,
        "Net Income": -3
    },
    "2016-03-31": {
        "Diluted EPS": -0.22,
        "Total Revenue": 67,
        "Gross Profit": 21,
        "Operating Income": -6,
        "EBIT": 1,
        "Net Income": -12
    },
    "2015-12-31": {
        "Diluted EPS": -0.27,
        "Total Revenue": 62,
        "Gross Profit": 17,
        "Operating Income": -14,
        "EBIT": -5,
        "Net Income": -14
    },
    "2015-09-30": {
        "Diluted EPS": -0.38,
        "Total Revenue": 54,
        "Gross Profit": 14,
        "Operating Income": -8,
        "EBIT": -3,
        "Net Income": -21
    },
    "2015-06-30": {
        "Diluted EPS": -0.17,
        "Total Revenue": 52,
        "Gross Profit": 15,
        "Operating Income": -8,
        "EBIT": -6,
        "Net Income": -9
    },
    "2015-03-31": {
        "Diluted EPS": -0.17,
        "Total Revenue": 53,
        "Gross Profit": 13,
        "Operating Income": -8,
        "EBIT": -6,
        "Net Income": -8
    },
    "2014-12-31": {
        "Diluted EPS": -0.05,
        "Total Revenue": 55,
        "Gross Profit": 13,
        "Operating Income": -5,
        "EBIT": -4,
        "Net Income": -4
    },
    "2014-09-30": {
        "Diluted EPS": -0.23,
        "Total Revenue": 44,
        "Gross Profit": 10,
        "Operating Income": -4,
        "EBIT": -2,
        "Net Income": -9
    },
    "2014-06-30": {
        "Diluted EPS": -0.51,
        "Total Revenue": 37,
        "Gross Profit": 4,
        "Operating Income": -17,
        "EBIT": -15,
        "Net Income": -17
    },
    "2014-03-31": {
        "Diluted EPS": -0.26,
        "Total Revenue": 48,
        "Gross Profit": 10,
        "Operating Income": -9,
        "EBIT": -7,
        "Net Income": -9
    },
    "2013-12-31": {
        "Diluted EPS": -0.63,
        "Total Revenue": 65,
        "Gross Profit": 12,
        "Operating Income": -21,
        "EBIT": -19,
        "Net Income": -21
    },
    "2013-09-30": {
        "Diluted EPS": -0.15,
        "Total Revenue": 93,
        "Gross Profit": 20,
        "Operating Income": -5,
        "EBIT": -3,
        "Net Income": -5
    },
    "2013-06-30": {
        "Diluted EPS": -0.23,
        "Total Revenue": 91,
        "Gross Profit": 19,
        "Operating Income": -8,
        "EBIT": -6,
        "Net Income": -8
    },
    "2013-03-31": {
        "Diluted EPS": -0.27,
        "Total Revenue": 86,
        "Gross Profit": 17,
        "Operating Income": -9,
        "EBIT": -7,
        "Net Income": -9
    },
    "2012-12-31": {
        "Diluted EPS": -0.44,
        "Total Revenue": 71,
        "Gross Profit": 14,
        "Operating Income": -15,
        "EBIT": -12,
        "Net Income": -15
    },
    "2012-09-30": {
        "Diluted EPS": -0.97,
        "Total Revenue": 71,
        "Gross Profit": 15,
        "Operating Income": -32,
        "EBIT": -29,
        "Net Income": -32
    },
    "2012-06-30": {
        "Diluted EPS": -0.14,
        "Total Revenue": 102,
        "Gross Profit": 23,
        "Operating Income": -4,
        "EBIT": -1,
        "Net Income": -5
    },
    "2012-03-31": {
        "Diluted EPS": -1.17,
        "Total Revenue": 100,
        "Gross Profit": 21,
        "Operating Income": -38,
        "EBIT": -34,
        "Net Income": -38
    },
    "2011-12-31": {
        "Diluted EPS": -0.11,
        "Total Revenue": 110,
        "Gross Profit": 26,
        "Operating Income": -3,
        "EBIT": 2,
        "Net Income": -3
    },
    "2011-09-30": {
        "Diluted EPS": 0.14,
        "Total Revenue": 113,
        "Gross Profit": 27,
        "Operating Income": -6,
        "EBIT": -2,
        "Net Income": 4
    },
    "2011-06-30": {
        "Diluted EPS": -0.12,
        "Total Revenue": 118,
        "Gross Profit": 26,
        "Operating Income": -3,
        "EBIT": 2,
        "Net Income": -4
    },
    "2011-03-31": {
        "Diluted EPS": -0.69,
        "Total Revenue": 62,
        "Gross Profit": 6,
        "Operating Income": -22,
        "EBIT": -17,
        "Net Income": -22
    },
    "2010-12-31": {
        "Diluted EPS": -0.03,
        "Total Revenue": 119,
        "Gross Profit": 22,
        "Operating Income": -6,
        "EBIT": -2,
        "Net Income": -1
    },
    "2010-09-30": {
        "Diluted EPS": -0.22,
        "Total Revenue": 76,
        "Gross Profit": 13,
        "Operating Income": -6,
        "EBIT": -4,
        "Net Income": -7
    },
    "2010-06-30": {
        "Diluted EPS": -0.7,
        "Total Revenue": 72,
        "Gross Profit": 14,
        "Operating Income": -8,
        "EBIT": -5,
        "Net Income": -22
    },
    "2010-03-31": {
        "Diluted EPS": -0.11,
        "Total Revenue": 72,
        "Gross Profit": 18,
        "Operating Income": -5,
        "EBIT": -2,
        "Net Income": -3
    },
    "2009-12-31": {
        "Diluted EPS": 0.04,
        "Total Revenue": 89,
        "Gross Profit": 23,
        "Operating Income": 1,
        "EBIT": 4,
        "Net Income": 1
    },
    "2009-09-30": {
        "Diluted EPS": 0.2,
        "Total Revenue": 94,
        "Gross Profit": 30,
        "Operating Income": 7,
        "EBIT": 11,
        "Net Income": 6
    },
    "2009-06-30": {
        "Diluted EPS": -0.03,
        "Total Revenue": 84,
        "Gross Profit": 19,
        "Operating Income": -1,
        "EBIT": 2,
        "Net Income": -1
    },
    "2009-03-31": {
        "Diluted EPS": -0.08,
        "Total Revenue": 70,
        "Gross Profit": 16,
        "Operating Income": -4,
        "EBIT": 0,
        "Net Income": -2
    },
    "2023-06-30": {
        "Tax Effect Of Unusual Items": 0.0,
        "Tax Rate For Calcs": 0.21,
        "Normalized EBITDA": 2771000.0,
        "Total Unusual Items": 0.0,
        "Total Unusual Items Excluding Goodwill": 0.0,
        "Net Income From Continuing Operation Net Minority Interest": -4936000.0,
        "Reconciled Depreciation": 5389000.0,
        "Reconciled Cost Of Revenue": 33960000.0,
        "EBITDA": 2771000.0,
        "EBIT": -2618000.0,
        "Net Interest Income": -2014000.0,
        "Interest Expense": 2014000.0,
        "Normalized Income": -4936000.0,
        "Net Income From Continuing And Discontinued Operation": -4936000.0,
        "Total Expenses": 56833000.0,
        "Total Operating Income As Reported": -3276000.0,
        "Diluted Average Shares": 11108029.0,
        "Basic Average Shares": 11108029.0,
        "Diluted EPS": -0.51,
        "Basic EPS": -0.51,
        "Diluted NI Availto Com Stockholders": -5675000.0,
        "Net Income Common Stockholders": -5675000.0,
        "Preferred Stock Dividends": 739000.0,
        "Net Income": -4936000.0,
        "Minority Interests": NaN,
        "Net Income Including Noncontrolling Interests": -4936000.0,
        "Net Income Continuous Operations": -4936000.0,
        "Tax Provision": 304000.0,
        "Pretax Income": -4632000.0,
        "Other Income Expense": 658000.0,
        "Other Non Operating Income Expenses": 658000.0,
        "Special Income Charges": 0.0,
        "Gain On Sale Of Business": NaN,
        "Other Special Charges": NaN,
        "Impairment Of Capital Assets": 0.0,
        "Net Non Operating Interest Income Expense": -2014000.0,
        "Interest Expense Non Operating": 2014000.0,
        "Operating Income": -3276000.0,
        "Operating Expense": 22172000.0,
        "Depreciation Amortization Depletion Income Statement": 4688000.0,
        "Depreciation And Amortization In Income Statement": 4688000.0,
        "Amortization": 424000.0,
        "Amortization Of Intangibles Income Statement": 424000.0,
        "Research And Development": 6266000.0,
        "Selling General And Administration": 11218000.0,
        "Selling And Marketing Expense": 5787000.0,
        "General And Administrative Expense": 5431000.0,
        "Other Gand A": 5431000.0,
        "Gross Profit": 18896000.0,
        "Cost Of Revenue": 34661000.0,
        "Total Revenue": 53557000.0,
        "Operating Revenue": 53557000.0
    },
    "2023-09-30": {
        "Tax Effect Of Unusual Items": -448.008799,
        "Tax Rate For Calcs": 0.000733,
        "Normalized EBITDA": -12868000.0,
        "Total Unusual Items": -611000.0,
        "Total Unusual Items Excluding Goodwill": -611000.0,
        "Net Income From Continuing Operation Net Minority Interest": -21805000.0,
        "Reconciled Depreciation": 5451000.0,
        "Reconciled Cost Of Revenue": 41661000.0,
        "EBITDA": -13479000.0,
        "EBIT": -18930000.0,
        "Net Interest Income": -2891000.0,
        "Interest Expense": 2891000.0,
        "Normalized Income": -21194448.008799,
        "Net Income From Continuing And Discontinued Operation": -21805000.0,
        "Total Expenses": 66324000.0,
        "Total Operating Income As Reported": -18352000.0,
        "Diluted Average Shares": 11696754.0,
        "Basic Average Shares": 11696754.0,
        "Diluted EPS": -1.9,
        "Basic EPS": -1.9,
        "Diluted NI Availto Com Stockholders": -22561000.0,
        "Net Income Common Stockholders": -22561000.0,
        "Preferred Stock Dividends": 756000.0,
        "Net Income": -21805000.0,
        "Minority Interests": NaN,
        "Net Income Including Noncontrolling Interests": -21805000.0,
        "Net Income Continuous Operations": -21805000.0,
        "Tax Provision": -16000.0,
        "Pretax Income": -21821000.0,
        "Other Income Expense": -1189000.0,
        "Other Non Operating Income Expenses": -578000.0,
        "Special Income Charges": -611000.0,
        "Gain On Sale Of Business": NaN,
        "Other Special Charges": NaN,
        "Impairment Of Capital Assets": 611000.0,
        "Net Non Operating Interest Income Expense": -2891000.0,
        "Interest Expense Non Operating": 2891000.0,
        "Operating Income": -17741000.0,
        "Operating Expense": 19636000.0,
        "Depreciation Amortization Depletion Income Statement": 424000.0,
        "Depreciation And Amortization In Income Statement": 424000.0,
        "Amortization": 424000.0,
        "Amortization Of Intangibles Income Statement": 424000.0,
        "Research And Development": 8951000.0,
        "Selling General And Administration": 10261000.0,
        "Selling And Marketing Expense": 5355000.0,
        "General And Administrative Expense": 4906000.0,
        "Other Gand A": 4906000.0,
        "Gross Profit": 1895000.0,
        "Cost Of Revenue": 46688000.0,
        "Total Revenue": 48583000.0,
        "Operating Revenue": 48583000.0
    },
    "2023-12-31": {
        "Tax Effect Of Unusual Items": -866040.0,
        "Tax Rate For Calcs": 0.21,
        "Normalized EBITDA": 10722000.0,
        "Total Unusual Items": -4124000.0,
        "Total Unusual Items Excluding Goodwill": -4124000.0,
        "Net Income From Continuing Operation Net Minority Interest": -14339000.0,
        "Reconciled Depreciation": 6252000.0,
        "Reconciled Cost Of Revenue": 41508000.0,
        "EBITDA": 6598000.0,
        "EBIT": -11884000.0,
        "Net Interest Income": -2170000.0,
        "Interest Expense": 2170000.0,
        "Normalized Income": -11081040.0,
        "Net Income From Continuing And Discontinued Operation": -14339000.0,
        "Total Expenses": 49693000.0,
        "Total Operating Income As Reported": -11063000.0,
        "Diluted Average Shares": 11809306.0,
        "Basic Average Shares": 11809306.0,
        "Diluted EPS": -1.28,
        "Basic EPS": -1.28,
        "Diluted NI Availto Com Stockholders": -15112000.0,
        "Net Income Common Stockholders": -15112000.0,
        "Preferred Stock Dividends": 773000.0,
        "Net Income": -14339000.0,
        "Minority Interests": NaN,
        "Net Income Including Noncontrolling Interests": -14339000.0,
        "Net Income Continuous Operations": -14339000.0,
        "Tax Provision": 285000.0,
        "Pretax Income": -14054000.0,
        "Other Income Expense": -4945000.0,
        "Other Non Operating Income Expenses": -821000.0,
        "Special Income Charges": -4124000.0,
        "Gain On Sale Of Business": NaN,
        "Other Special Charges": NaN,
        "Impairment Of Capital Assets": 4124000.0,
        "Net Non Operating Interest Income Expense": -2170000.0,
        "Interest Expense Non Operating": 2170000.0,
        "Operating Income": -6939000.0,
        "Operating Expense": 20415000.0,
        "Depreciation Amortization Depletion Income Statement": 18482000.0,
        "Depreciation And Amortization In Income Statement": 18482000.0,
        "Amortization": NaN,
        "Amortization Of Intangibles Income Statement": NaN,
        "Research And Development": -5614000.0,
        "Selling General And Administration": 7547000.0,
        "Selling And Marketing Expense": 3529000.0,
        "General And Administrative Expense": 4018000.0,
        "Other Gand A": 4018000.0,
        "Gross Profit": 13476000.0,
        "Cost Of Revenue": 29278000.0,
        "Total Revenue": 42754000.0,
        "Operating Revenue": 42754000.0
    },
    "2024-03-31": {
        "Tax Effect Of Unusual Items": -88200.0,
        "Tax Rate For Calcs": 0.21,
        "Normalized EBITDA": 2751000.0,
        "Total Unusual Items": -420000.0,
        "Total Unusual Items Excluding Goodwill": -420000.0,
        "Net Income From Continuing Operation Net Minority Interest": -4455000.0,
        "Reconciled Depreciation": 4375000.0,
        "Reconciled Cost Of Revenue": 26877000.0,
        "EBITDA": 2331000.0,
        "EBIT": -2044000.0,
        "Net Interest Income": -2174000.0,
        "Interest Expense": 2174000.0,
        "Normalized Income": -4123200.0,
        "Net Income From Continuing And Discontinued Operation": -4455000.0,
        "Total Expenses": 46273000.0,
        "Total Operating Income As Reported": -1684000.0,
        "Diluted Average Shares": 11879719.0,
        "Basic Average Shares": 11879719.0,
        "Diluted EPS": -0.44,
        "Basic EPS": -0.44,
        "Diluted NI Availto Com Stockholders": -5245000.0,
        "Net Income Common Stockholders": -5245000.0,
        "Preferred Stock Dividends": 790000.0,
        "Net Income": -4455000.0,
        "Minority Interests": NaN,
        "Net Income Including Noncontrolling Interests": -4455000.0,
        "Net Income Continuous Operations": -4455000.0,
        "Tax Provision": 237000.0,
        "Pretax Income": -4218000.0,
        "Other Income Expense": -780000.0,
        "Other Non Operating Income Expenses": -360000.0,
        "Special Income Charges": -420000.0,
        "Gain On Sale Of Business": NaN,
        "Other Special Charges": NaN,
        "Impairment Of Capital Assets": 420000.0,
        "Net Non Operating Interest Income Expense": -2174000.0,
        "Interest Expense Non Operating": 2174000.0,
        "Operating Income": -1264000.0,
        "Operating Expense": 18656000.0,
        "Depreciation Amortization Depletion Income Statement": 3635000.0,
        "Depreciation And Amortization In Income Statement": 3635000.0,
        "Amortization": NaN,
        "Amortization Of Intangibles Income Statement": NaN,
        "Research And Development": 5043000.0,
        "Selling General And Administration": 9978000.0,
        "Selling And Marketing Expense": 4995000.0,
        "General And Administrative Expense": 4983000.0,
        "Other Gand A": 4983000.0,
        "Gross Profit": 17392000.0,
        "Cost Of Revenue": 27617000.0,
        "Total Revenue": 45009000.0,
        "Operating Revenue": 45009000.0
    },
    "2024-06-30": {
        "Tax Effect Of Unusual Items": 0.0,
        "Tax Rate For Calcs": 0.329032,
        "Normalized EBITDA": 7398000.0,
        "Total Unusual Items": 0.0,
        "Total Unusual Items Excluding Goodwill": 0.0,
        "Net Income From Continuing Operation Net Minority Interest": 624000.0,
        "Reconciled Depreciation": 4694000.0,
        "Reconciled Cost Of Revenue": 35424000.0,
        "EBITDA": 7398000.0,
        "EBIT": 2704000.0,
        "Net Interest Income": -1774000.0,
        "Interest Expense": 1774000.0,
        "Normalized Income": 624000.0,
        "Net Income From Continuing And Discontinued Operation": 624000.0,
        "Total Expenses": 56800000.0,
        "Total Operating Income As Reported": 2349000.0,
        "Diluted Average Shares": 11894746.0,
        "Basic Average Shares": 11894746.0,
        "Diluted EPS": -0.02,
        "Basic EPS": -0.02,
        "Diluted NI Availto Com Stockholders": -184000.0,
        "Net Income Common Stockholders": -184000.0,
        "Preferred Stock Dividends": 808000.0,
        "Net Income": 624000.0,
        "Minority Interests": NaN,
        "Net Income Including Noncontrolling Interests": 624000.0,
        "Net Income Continuous Operations": 624000.0,
        "Tax Provision": 306000.0,
        "Pretax Income": 930000.0,
        "Other Income Expense": 355000.0,
        "Other Non Operating Income Expenses": 355000.0,
        "Special Income Charges": 0.0,
        "Gain On Sale Of Business": NaN,
        "Other Special Charges": NaN,
        "Impairment Of Capital Assets": 0.0,
        "Net Non Operating Interest Income Expense": -1774000.0,
        "Interest Expense Non Operating": 1774000.0,
        "Operating Income": 2349000.0,
        "Operating Expense": 20691000.0,
        "Depreciation Amortization Depletion Income Statement": 4009000.0,
        "Depreciation And Amortization In Income Statement": 4009000.0,
        "Amortization": NaN,
        "Amortization Of Intangibles Income Statement": NaN,
        "Research And Development": 5486000.0,
        "Selling General And Administration": 11196000.0,
        "Selling And Marketing Expense": 5391000.0,
        "General And Administrative Expense": 5805000.0,
        "Other Gand A": 5805000.0,
        "Gross Profit": 23040000.0,
        "Cost Of Revenue": 36109000.0,
        "Total Revenue": 59149000.0,
        "Operating Revenue": 59149000.0
    }
}