{
    "2023-03-31": {
        "Tax Effect Of Unusual Items": 0.0,
        "Tax Rate For Calcs": 0.21,
        "Normalized EBITDA": -18905000.0,
        "Net Income From Continuing Operation Net Minority Interest": -15424000.0,
        "Reconciled Depreciation": 593000.0,
        "Reconciled Cost Of Revenue": 19888000.0,
        "EBITDA": -18905000.0,
        "EBIT": -19498000.0,
        "Net Interest Income": 4273000.0,
        "Interest Expense": 0.0,
        "Interest Income": 4273000.0,
        "Normalized Income": -15424000.0,
        "Net Income From Continuing And Discontinued Operation": -15424000.0,
        "Total Expenses": 147395000.0,
        "Total Operating Income As Reported": -19498000.0,
        "Diluted Average Shares": 29089950.0,
        "Basic Average Shares": 29089950.0,
        "Diluted EPS": -0.53,
        "Basic EPS": -0.53,
        "Diluted NI Availto Com Stockholders": -15424000.0,
        "Net Income Common Stockholders": -15424000.0,
        "Net Income": -15424000.0,
        "Net Income Including Noncontrolling Interests": -15424000.0,
        "Net Income Continuous Operations": -15424000.0,
        "Tax Provision": 216000.0,
        "Pretax Income": -15208000.0,
        "Other Income Expense": 17000.0,
        "Other Non Operating Income Expenses": 17000.0,
        "Net Non Operating Interest Income Expense": 4273000.0,
        "Interest Expense Non Operating": 0.0,
        "Interest Income Non Operating": 4273000.0,
        "Operating Income": -19498000.0,
        "Operating Expense": 127507000.0,
        "Research And Development": 25519000.0,
        "Selling General And Administration": 101988000.0,
        "Gross Profit": 108009000.0,
        "Cost Of Revenue": 19888000.0,
        "Total Revenue": 127897000.0,
        "Operating Revenue": 127897000.0
    },
    "2022-12-31": {
        "Tax Effect Of Unusual Items": NaN,
        "Tax Rate For Calcs": NaN,
        "Normalized EBITDA": NaN,
        "Net Income From Continuing Operation Net Minority Interest": NaN,
        "Reconciled Depreciation": NaN,
        "Reconciled Cost Of Revenue": NaN,
        "EBITDA": NaN,
        "EBIT": NaN,
        "Net Interest Income": NaN,
        "Interest Expense": 0.0,
        "Interest Income": NaN,
        "Normalized Income": NaN,
        "Net Income From Continuing And Discontinued Operation": NaN,
        "Total Expenses": NaN,
        "Total Operating Income As Reported": NaN,
        "Diluted Average Shares": NaN,
        "Basic Average Shares": NaN,
        "Diluted EPS": NaN,
        "Basic EPS": NaN,
        "Diluted NI Availto Com Stockholders": NaN,
        "Net Income Common Stockholders": NaN,
        "Net Income": NaN,
        "Net Income Including Noncontrolling Interests": NaN,
        "Net Income Continuous Operations": NaN,
        "Tax Provision": NaN,
        "Pretax Income": NaN,
        "Other Income Expense": NaN,
        "Other Non Operating Income Expenses": NaN,
        "Net Non Operating Interest Income Expense": NaN,
        "Interest Expense Non Operating": 0.0,
        "Interest Income Non Operating": NaN,
        "Operating Income": NaN,
        "Operating Expense": NaN,
        "Research And Development": NaN,
        "Selling General And Administration": NaN,
        "Gross Profit": NaN,
        "Cost Of Revenue": NaN,
        "Total Revenue": NaN,
        "Operating Revenue": NaN
    },
    "2022-09-30": {
        "Tax Effect Of Unusual Items": 0.0,
        "Tax Rate For Calcs": 0.4,
        "Normalized EBITDA": -15432000.0,
        "Net Income From Continuing Operation Net Minority Interest": -16847000.0,
        "Reconciled Depreciation": 513000.0,
        "Reconciled Cost Of Revenue": 19786000.0,
        "EBITDA": -15432000.0,
        "EBIT": -15945000.0,
        "Net Interest Income": 694000.0,
        "Interest Expense": 656000.0,
        "Interest Income": 1350000.0,
        "Normalized Income": -16847000.0,
        "Net Income From Continuing And Discontinued Operation": -16847000.0,
        "Total Expenses": 126382000.0,
        "Total Operating Income As Reported": -17194000.0,
        "Diluted Average Shares": 28226345.0,
        "Basic Average Shares": 28226345.0,
        "Diluted EPS": -0.6,
        "Basic EPS": -0.6,
        "Diluted NI Availto Com Stockholders": -16847000.0,
        "Net Income Common Stockholders": -16847000.0,
        "Net Income": -16847000.0,
        "Net Income Including Noncontrolling Interests": -16847000.0,
        "Net Income Continuous Operations": -16847000.0,
        "Tax Provision": 246000.0,
        "Pretax Income": -16601000.0,
        "Other Income Expense": -101000.0,
        "Other Non Operating Income Expenses": -101000.0,
        "Net Non Operating Interest Income Expense": 694000.0,
        "Interest Expense Non Operating": 656000.0,
        "Interest Income Non Operating": 1350000.0,
        "Operating Income": -17194000.0,
        "Operating Expense": 106596000.0,
        "Research And Development": 20993000.0,
        "Selling General And Administration": 85603000.0,
        "Gross Profit": 89402000.0,
        "Cost Of Revenue": 19786000.0,
        "Total Revenue": 109188000.0,
        "Operating Revenue": 109188000.0
    },
    "2022-06-30": {
        "Tax Effect Of Unusual Items": 0.0,
        "Tax Rate For Calcs": 0.4,
        "Normalized EBITDA": -13437000.0,
        "Net Income From Continuing Operation Net Minority Interest": -14490000.0,
        "Reconciled Depreciation": 417000.0,
        "Reconciled Cost Of Revenue": 14173000.0,
        "EBITDA": -13437000.0,
        "EBIT": -13854000.0,
        "Net Interest Income": -197000.0,
        "Interest Expense": 494000.0,
        "Interest Income": 297000.0,
        "Normalized Income": -14490000.0,
        "Net Income From Continuing And Discontinued Operation": -14490000.0,
        "Total Expenses": 105393000.0,
        "Total Operating Income As Reported": -14007000.0,
        "Diluted Average Shares": 27594874.0,
        "Basic Average Shares": 27594874.0,
        "Diluted EPS": -0.53,
        "Basic EPS": -0.53,
        "Diluted NI Availto Com Stockholders": -14490000.0,
        "Net Income Common Stockholders": -14490000.0,
        "Net Income": -14490000.0,
        "Net Income Including Noncontrolling Interests": -14490000.0,
        "Net Income Continuous Operations": -14490000.0,
        "Tax Provision": 142000.0,
        "Pretax Income": -14348000.0,
        "Other Income Expense": -144000.0,
        "Other Non Operating Income Expenses": -144000.0,
        "Net Non Operating Interest Income Expense": -197000.0,
        "Interest Expense Non Operating": 494000.0,
        "Interest Income Non Operating": 297000.0,
        "Operating Income": -14007000.0,
        "Operating Expense": 91220000.0,
        "Research And Development": 14534000.0,
        "Selling General And Administration": 76686000.0,
        "Gross Profit": 77213000.0,
        "Cost Of Revenue": 14173000.0,
        "Total Revenue": 91386000.0,
        "Operating Revenue": 91386000.0
    },
    "2023-06-30": {
        "Tax Effect Of Unusual Items": 0.0,
        "Tax Rate For Calcs": 0.21,
        "Normalized EBITDA": -11079000.0,
        "Net Income From Continuing Operation Net Minority Interest": -11952000.0,
        "Reconciled Depreciation": 659000.0,
        "Reconciled Cost Of Revenue": 24252000.0,
        "EBITDA": -11079000.0,
        "EBIT": -11738000.0,
        "Net Interest Income": 4922000.0,
        "Interest Expense": 0.0,
        "Interest Income": 4922000.0,
        "Normalized Income": -11952000.0,
        "Net Income From Continuing And Discontinued Operation": -11952000.0,
        "Total Expenses": 167691000.0,
        "Total Operating Income As Reported": -16599000.0,
        "Diluted Average Shares": 29229922.0,
        "Basic Average Shares": 29229922.0,
        "Diluted EPS": -0.41,
        "Basic EPS": -0.41,
        "Diluted NI Availto Com Stockholders": -11952000.0,
        "Net Income Common Stockholders": -11952000.0,
        "Net Income": -11952000.0,
        "Net Income Including Noncontrolling Interests": -11952000.0,
        "Net Income Continuous Operations": -11952000.0,
        "Tax Provision": 214000.0,
        "Pretax Income": -11738000.0,
        "Other Income Expense": -61000.0,
        "Other Non Operating Income Expenses": -61000.0,
        "Net Non Operating Interest Income Expense": 4922000.0,
        "Interest Expense Non Operating": 0.0,
        "Interest Income Non Operating": 4922000.0,
        "Operating Income": -16599000.0,
        "Operating Expense": 143439000.0,
        "Research And Development": 30821000.0,
        "Selling General And Administration": 112618000.0,
        "Gross Profit": 126840000.0,
        "Cost Of Revenue": 24252000.0,
        "Total Revenue": 151092000.0,
        "Operating Revenue": 151092000.0
    },
    "2022-03-31": {
        "Diluted EPS": -0.61,
        "Total Revenue": 69,
        "Gross Profit": 59,
        "Operating Income": -16,
        "EBIT": -16,
        "Net Income": -17
    },
    "2021-12-31": {
        "Diluted EPS": -0.08,
        "Total Revenue": 78,
        "Gross Profit": 67,
        "Operating Income": -2,
        "EBIT": -1,
        "Net Income": -2
    },
    "2021-09-30": {
        "Diluted EPS": -0.38,
        "Total Revenue": 62,
        "Gross Profit": 53,
        "Operating Income": -10,
        "EBIT": -9,
        "Net Income": -10
    },
    "2021-06-30": {
        "Diluted EPS": -0.48,
        "Total Revenue": 53,
        "Gross Profit": 45,
        "Operating Income": -13,
        "EBIT": -12,
        "Net Income": -13
    },
    "2021-03-31": {
        "Diluted EPS": -0.6,
        "Total Revenue": 40,
        "Gross Profit": 34,
        "Operating Income": -16,
        "EBIT": -15,
        "Net Income": -16
    },
    "2020-12-31": {
        "Diluted EPS": -0.25,
        "Total Revenue": 46,
        "Gross Profit": 39,
        "Operating Income": -7,
        "EBIT": -7,
        "Net Income": -7
    },
    "2020-09-30": {
        "Diluted EPS": -0.39,
        "Total Revenue": 36,
        "Gross Profit": 31,
        "Operating Income": -10,
        "EBIT": -10,
        "Net Income": -10
    },
    "2020-06-30": {
        "Diluted EPS": -0.88,
        "Total Revenue": 12,
        "Gross Profit": 10,
        "Operating Income": -23,
        "EBIT": -23,
        "Net Income": -23
    },
    "2020-03-31": {
        "Diluted EPS": -0.67,
        "Total Revenue": 21,
        "Gross Profit": 18,
        "Operating Income": -16,
        "EBIT": -16,
        "Net Income": -16
    },
    "2019-12-31": {
        "Diluted EPS": -0.39,
        "Total Revenue": 27,
        "Gross Profit": 23,
        "Operating Income": -9,
        "EBIT": -9,
        "Net Income": -9
    },
    "2019-09-30": {
        "Diluted EPS": -0.34,
        "Total Revenue": 21,
        "Gross Profit": 17,
        "Operating Income": -9,
        "EBIT": -9,
        "Net Income": -8
    },
    "2019-06-30": {
        "Diluted EPS": -0.32,
        "Total Revenue": 18,
        "Gross Profit": 15,
        "Operating Income": -8,
        "EBIT": -8,
        "Net Income": -8
    },
    "2019-03-31": {
        "Diluted EPS": -0.35,
        "Total Revenue": 16,
        "Gross Profit": 13,
        "Operating Income": -9,
        "EBIT": -9,
        "Net Income": -8
    },
    "2018-12-31": {
        "Diluted EPS": 4.2,
        "Total Revenue": 17,
        "Gross Profit": 13,
        "Operating Income": -5,
        "EBIT": -5,
        "Net Income": -5
    },
    "2018-09-30": {
        "Diluted EPS": -0.22,
        "Total Revenue": 13,
        "Gross Profit": 11,
        "Operating Income": -5,
        "EBIT": -4,
        "Net Income": -5
    },
    "2018-06-30": {
        "Diluted EPS": -0.43,
        "Total Revenue": 11,
        "Gross Profit": 9,
        "Operating Income": -6,
        "EBIT": -5,
        "Net Income": -6
    },
    "2018-03-31": {
        "Diluted EPS": -5.05,
        "Total Revenue": 10,
        "Gross Profit": 8,
        "Operating Income": -5,
        "EBIT": -5,
        "Net Income": -7
    },
    "2017-12-31": {
        "Diluted EPS": -3.42,
        "Total Revenue": 10,
        "Gross Profit": 8,
        "Operating Income": -4,
        "EBIT": -4,
        "Net Income": -4
    },
    "2017-09-30": {
        "Diluted EPS": -3.42,
        "Total Revenue": 7,
        "Gross Profit": 6,
        "Operating Income": -4,
        "EBIT": -3,
        "Net Income": -4
    },
    "2017-06-30": {
        "Diluted EPS": -4.14,
        "Total Revenue": 6,
        "Gross Profit": 5,
        "Operating Income": -4,
        "EBIT": -4,
        "Net Income": -5
    },
    "2017-03-31": {
        "Diluted EPS": -3.9,
        "Total Revenue": 5,
        "Gross Profit": 4,
        "Operating Income": -4,
        "EBIT": -4,
        "Net Income": -4
    },
    "2016-12-31": {
        "Diluted EPS": 0.0,
        "Total Revenue": NaN,
        "Gross Profit": NaN,
        "Operating Income": NaN,
        "EBIT": NaN,
        "Net Income": NaN
    },
    "2023-09-30": {
        "Tax Effect Of Unusual Items": 0.0,
        "Tax Rate For Calcs": 0.21,
        "Normalized EBITDA": -7423000.0,
        "Net Income From Continuing Operation Net Minority Interest": -8540000.0,
        "Reconciled Depreciation": 777000.0,
        "Reconciled Cost Of Revenue": 24382000.0,
        "EBITDA": -7423000.0,
        "EBIT": -8200000.0,
        "Net Interest Income": 5495000.0,
        "Interest Expense": 0.0,
        "Interest Income": 5495000.0,
        "Normalized Income": -8540000.0,
        "Net Income From Continuing And Discontinued Operation": -8540000.0,
        "Total Expenses": 166773000.0,
        "Total Operating Income As Reported": -13471000.0,
        "Diluted Average Shares": 29365968.0,
        "Basic Average Shares": 29365968.0,
        "Diluted EPS": -0.29,
        "Basic EPS": -0.29,
        "Diluted NI Availto Com Stockholders": -8540000.0,
        "Net Income Common Stockholders": -8540000.0,
        "Net Income": -8540000.0,
        "Net Income Including Noncontrolling Interests": -8540000.0,
        "Net Income Continuous Operations": -8540000.0,
        "Tax Provision": 340000.0,
        "Pretax Income": -8200000.0,
        "Other Income Expense": -224000.0,
        "Other Non Operating Income Expenses": -224000.0,
        "Net Non Operating Interest Income Expense": 5495000.0,
        "Interest Expense Non Operating": 0.0,
        "Interest Income Non Operating": 5495000.0,
        "Operating Income": -13471000.0,
        "Operating Expense": 142391000.0,
        "Research And Development": 29144000.0,
        "Selling General And Administration": 113247000.0,
        "Gross Profit": 128920000.0,
        "Cost Of Revenue": 24382000.0,
        "Total Revenue": 153302000.0,
        "Operating Revenue": 153302000.0
    },
    "2023-12-31": {
        "Tax Effect Of Unusual Items": 0.0,
        "Tax Rate For Calcs": 0.031299,
        "Normalized EBITDA": 16057000.0,
        "Net Income From Continuing Operation Net Minority Interest": 14763000.0,
        "Reconciled Depreciation": 817000.0,
        "Reconciled Cost Of Revenue": 28054000.0,
        "EBITDA": 16057000.0,
        "EBIT": 15240000.0,
        "Net Interest Income": 5870000.0,
        "Interest Expense": 0.0,
        "Interest Income": 5870000.0,
        "Normalized Income": 14763000.0,
        "Net Income From Continuing And Discontinued Operation": 14763000.0,
        "Total Expenses": 183211000.0,
        "Total Operating Income As Reported": 9297000.0,
        "Diluted Average Shares": 30236821.0,
        "Basic Average Shares": 29517375.0,
        "Diluted EPS": 0.49,
        "Basic EPS": 0.5,
        "Diluted NI Availto Com Stockholders": 14763000.0,
        "Net Income Common Stockholders": 14763000.0,
        "Net Income": 14763000.0,
        "Net Income Including Noncontrolling Interests": 14763000.0,
        "Net Income Continuous Operations": 14763000.0,
        "Tax Provision": 477000.0,
        "Pretax Income": 15240000.0,
        "Other Income Expense": 73000.0,
        "Other Non Operating Income Expenses": 73000.0,
        "Net Non Operating Interest Income Expense": 5870000.0,
        "Interest Expense Non Operating": 0.0,
        "Interest Income Non Operating": 5870000.0,
        "Operating Income": 9297000.0,
        "Operating Expense": 155157000.0,
        "Research And Development": 31052000.0,
        "Selling General And Administration": 124105000.0,
        "Gross Profit": 164454000.0,
        "Cost Of Revenue": 28054000.0,
        "Total Revenue": 192508000.0,
        "Operating Revenue": 192508000.0
    },
    "2024-03-31": {
        "Tax Effect Of Unusual Items": 0.0,
        "Tax Rate For Calcs": 0.4,
        "Normalized EBITDA": -14379000.0,
        "Net Income From Continuing Operation Net Minority Interest": -10005000.0,
        "Reconciled Depreciation": 839000.0,
        "Reconciled Cost Of Revenue": 24757000.0,
        "EBITDA": -14379000.0,
        "EBIT": -15218000.0,
        "Net Interest Income": 5923000.0,
        "Interest Expense": NaN,
        "Interest Income": 5923000.0,
        "Normalized Income": -10005000.0,
        "Net Income From Continuing And Discontinued Operation": -10005000.0,
        "Total Expenses": 179228000.0,
        "Total Operating Income As Reported": -15218000.0,
        "Diluted Average Shares": 29615166.0,
        "Basic Average Shares": 29615166.0,
        "Diluted EPS": -0.34,
        "Basic EPS": -0.34,
        "Diluted NI Availto Com Stockholders": -10005000.0,
        "Net Income Common Stockholders": -10005000.0,
        "Net Income": -10005000.0,
        "Net Income Including Noncontrolling Interests": -10005000.0,
        "Net Income Continuous Operations": -10005000.0,
        "Tax Provision": 650000.0,
        "Pretax Income": -9355000.0,
        "Other Income Expense": -60000.0,
        "Other Non Operating Income Expenses": -60000.0,
        "Net Non Operating Interest Income Expense": 5923000.0,
        "Interest Expense Non Operating": NaN,
        "Interest Income Non Operating": 5923000.0,
        "Operating Income": -15218000.0,
        "Operating Expense": 154471000.0,
        "Research And Development": 28850000.0,
        "Selling General And Administration": 125621000.0,
        "Gross Profit": 139253000.0,
        "Cost Of Revenue": 24757000.0,
        "Total Revenue": 164010000.0,
        "Operating Revenue": 164010000.0
    }
}