{
    "2023-06-30": {
        "Tax Effect Of Unusual Items": 0.0,
        "Tax Rate For Calcs": 0.057707,
        "Normalized EBITDA": 35480000.0,
        "Total Unusual Items": NaN,
        "Total Unusual Items Excluding Goodwill": NaN,
        "Net Income From Continuing Operation Net Minority Interest": -10973000.0,
        "Reconciled Depreciation": 36836000.0,
        "Reconciled Cost Of Revenue": 45289000.0,
        "EBITDA": 35480000.0,
        "EBIT": -1356000.0,
        "Net Interest Income": -9969000.0,
        "Interest Expense": 10289000.0,
        "Interest Income": 320000.0,
        "Normalized Income": -10973000.0,
        "Net Income From Continuing And Discontinued Operation": -10973000.0,
        "Total Expenses": 133148000.0,
        "Total Operating Income As Reported": -2078000.0,
        "Diluted Average Shares": 143647000.0,
        "Basic Average Shares": 143647000.0,
        "Diluted EPS": -0.08,
        "Basic EPS": -0.08,
        "Diluted NI Availto Com Stockholders": -10973000.0,
        "Net Income Common Stockholders": -10973000.0,
        "Net Income": -10973000.0,
        "Net Income Including Noncontrolling Interests": -10973000.0,
        "Net Income Continuous Operations": -10973000.0,
        "Tax Provision": -672000.0,
        "Pretax Income": -11645000.0,
        "Other Income Expense": 402000.0,
        "Other Non Operating Income Expenses": 402000.0,
        "Special Income Charges": NaN,
        "Write Off": NaN,
        "Net Non Operating Interest Income Expense": -9969000.0,
        "Interest Expense Non Operating": 10289000.0,
        "Interest Income Non Operating": 320000.0,
        "Operating Income": -2078000.0,
        "Operating Expense": 87859000.0,
        "Research And Development": 21482000.0,
        "Selling General And Administration": 66377000.0,
        "Selling And Marketing Expense": 52159000.0,
        "General And Administrative Expense": 14218000.0,
        "Other Gand A": 14218000.0,
        "Gross Profit": 85781000.0,
        "Cost Of Revenue": 45289000.0,
        "Total Revenue": 131070000.0,
        "Operating Revenue": 131070000.0
    },
    "2023-03-31": {
        "Tax Effect Of Unusual Items": 0.0,
        "Tax Rate For Calcs": 0.151981,
        "Normalized EBITDA": 32455000.0,
        "Total Unusual Items": NaN,
        "Total Unusual Items Excluding Goodwill": NaN,
        "Net Income From Continuing Operation Net Minority Interest": -11857000.0,
        "Reconciled Depreciation": 36952000.0,
        "Reconciled Cost Of Revenue": 45832000.0,
        "EBITDA": 32455000.0,
        "EBIT": -4497000.0,
        "Net Interest Income": -8144000.0,
        "Interest Expense": 9485000.0,
        "Interest Income": 1341000.0,
        "Normalized Income": -11857000.0,
        "Net Income From Continuing And Discontinued Operation": -11857000.0,
        "Total Expenses": 134757000.0,
        "Total Operating Income As Reported": -5914000.0,
        "Diluted Average Shares": 143112000.0,
        "Basic Average Shares": 143112000.0,
        "Diluted EPS": -0.08,
        "Basic EPS": -0.08,
        "Diluted NI Availto Com Stockholders": -11857000.0,
        "Net Income Common Stockholders": -11857000.0,
        "Net Income": -11857000.0,
        "Net Income Including Noncontrolling Interests": -11857000.0,
        "Net Income Continuous Operations": -11857000.0,
        "Tax Provision": -2125000.0,
        "Pretax Income": -13982000.0,
        "Other Income Expense": 76000.0,
        "Other Non Operating Income Expenses": 76000.0,
        "Special Income Charges": NaN,
        "Write Off": NaN,
        "Net Non Operating Interest Income Expense": -8144000.0,
        "Interest Expense Non Operating": 9485000.0,
        "Interest Income Non Operating": 1341000.0,
        "Operating Income": -5914000.0,
        "Operating Expense": 88925000.0,
        "Research And Development": 23702000.0,
        "Selling General And Administration": 65223000.0,
        "Selling And Marketing Expense": 50850000.0,
        "General And Administrative Expense": 14373000.0,
        "Other Gand A": 14373000.0,
        "Gross Profit": 83011000.0,
        "Cost Of Revenue": 45832000.0,
        "Total Revenue": 128843000.0,
        "Operating Revenue": 128843000.0
    },
    "2022-12-31": {
        "Tax Effect Of Unusual Items": 0.0,
        "Tax Rate For Calcs": 0.150386,
        "Normalized EBITDA": 37390000.0,
        "Total Unusual Items": 0.0,
        "Total Unusual Items Excluding Goodwill": 0.0,
        "Net Income From Continuing Operation Net Minority Interest": -5723000.0,
        "Reconciled Depreciation": 35868000.0,
        "Reconciled Cost Of Revenue": 44812000.0,
        "EBITDA": 37390000.0,
        "EBIT": 1522000.0,
        "Net Interest Income": -6945000.0,
        "Interest Expense": 8258000.0,
        "Interest Income": 1313000.0,
        "Normalized Income": -5723000.0,
        "Net Income From Continuing And Discontinued Operation": -5723000.0,
        "Total Expenses": 128506000.0,
        "Total Operating Income As Reported": -3780000.0,
        "Diluted Average Shares": 142643000.0,
        "Basic Average Shares": 142643000.0,
        "Diluted EPS": -0.04,
        "Basic EPS": -0.04,
        "Diluted NI Availto Com Stockholders": -5723000.0,
        "Net Income Common Stockholders": -5723000.0,
        "Net Income": -5723000.0,
        "Net Income Including Noncontrolling Interests": -5723000.0,
        "Net Income Continuous Operations": -5723000.0,
        "Tax Provision": -1013000.0,
        "Pretax Income": -6736000.0,
        "Other Income Expense": 3989000.0,
        "Other Non Operating Income Expenses": 3989000.0,
        "Special Income Charges": 0.0,
        "Write Off": 0.0,
        "Net Non Operating Interest Income Expense": -6945000.0,
        "Interest Expense Non Operating": 8258000.0,
        "Interest Income Non Operating": 1313000.0,
        "Operating Income": -3780000.0,
        "Operating Expense": 83694000.0,
        "Research And Development": 20723000.0,
        "Selling General And Administration": 62971000.0,
        "Selling And Marketing Expense": 46801000.0,
        "General And Administrative Expense": 16170000.0,
        "Other Gand A": 16170000.0,
        "Gross Profit": 79914000.0,
        "Cost Of Revenue": 44812000.0,
        "Total Revenue": 124726000.0,
        "Operating Revenue": 124726000.0
    },
    "2022-09-30": {
        "Tax Effect Of Unusual Items": 0.0,
        "Tax Rate For Calcs": 0.233087,
        "Normalized EBITDA": 29411000.0,
        "Total Unusual Items": 0.0,
        "Total Unusual Items Excluding Goodwill": 0.0,
        "Net Income From Continuing Operation Net Minority Interest": -10055000.0,
        "Reconciled Depreciation": 35349000.0,
        "Reconciled Cost Of Revenue": 44073000.0,
        "EBITDA": 29411000.0,
        "EBIT": -5938000.0,
        "Net Interest Income": -6870000.0,
        "Interest Expense": 7173000.0,
        "Interest Income": 303000.0,
        "Normalized Income": -10055000.0,
        "Net Income From Continuing And Discontinued Operation": -10055000.0,
        "Total Expenses": 124814000.0,
        "Total Operating Income As Reported": -2385000.0,
        "Diluted Average Shares": 142108000.0,
        "Basic Average Shares": 142108000.0,
        "Diluted EPS": -0.07,
        "Basic EPS": -0.07,
        "Diluted NI Availto Com Stockholders": -10055000.0,
        "Net Income Common Stockholders": -10055000.0,
        "Net Income": -10055000.0,
        "Net Income Including Noncontrolling Interests": -10055000.0,
        "Net Income Continuous Operations": -10055000.0,
        "Tax Provision": -3056000.0,
        "Pretax Income": -13111000.0,
        "Other Income Expense": -3856000.0,
        "Other Non Operating Income Expenses": -3856000.0,
        "Special Income Charges": 0.0,
        "Write Off": 0.0,
        "Net Non Operating Interest Income Expense": -6870000.0,
        "Interest Expense Non Operating": 7173000.0,
        "Interest Income Non Operating": 303000.0,
        "Operating Income": -2385000.0,
        "Operating Expense": 80741000.0,
        "Research And Development": 20596000.0,
        "Selling General And Administration": 60145000.0,
        "Selling And Marketing Expense": 45737000.0,
        "General And Administrative Expense": 14408000.0,
        "Other Gand A": 14408000.0,
        "Gross Profit": 78356000.0,
        "Cost Of Revenue": 44073000.0,
        "Total Revenue": 122429000.0,
        "Operating Revenue": 122429000.0
    },
    "2022-06-30": {
        "Tax Effect Of Unusual Items": 0.0,
        "Tax Rate For Calcs": 0.116891,
        "Normalized EBITDA": 25228000.0,
        "Total Unusual Items": 0.0,
        "Total Unusual Items Excluding Goodwill": 0.0,
        "Net Income From Continuing Operation Net Minority Interest": -12919000.0,
        "Reconciled Depreciation": 35246000.0,
        "Reconciled Cost Of Revenue": 42398000.0,
        "EBITDA": 25228000.0,
        "EBIT": -10018000.0,
        "Net Interest Income": -4584000.0,
        "Interest Expense": 4611000.0,
        "Interest Income": 27000.0,
        "Normalized Income": -12919000.0,
        "Net Income From Continuing And Discontinued Operation": -12919000.0,
        "Total Expenses": 121205000.0,
        "Total Operating Income As Reported": -6628000.0,
        "Diluted Average Shares": 141534000.0,
        "Basic Average Shares": 141534000.0,
        "Diluted EPS": -0.09,
        "Basic EPS": -0.09,
        "Diluted NI Availto Com Stockholders": -12919000.0,
        "Net Income Common Stockholders": -12919000.0,
        "Net Income": -12919000.0,
        "Net Income Including Noncontrolling Interests": -12919000.0,
        "Net Income Continuous Operations": -12919000.0,
        "Tax Provision": -1710000.0,
        "Pretax Income": -14629000.0,
        "Other Income Expense": -3417000.0,
        "Other Non Operating Income Expenses": -3417000.0,
        "Special Income Charges": 0.0,
        "Write Off": 0.0,
        "Net Non Operating Interest Income Expense": -4584000.0,
        "Interest Expense Non Operating": 4611000.0,
        "Interest Income Non Operating": 27000.0,
        "Operating Income": -6628000.0,
        "Operating Expense": 78807000.0,
        "Research And Development": 18669000.0,
        "Selling General And Administration": 60138000.0,
        "Selling And Marketing Expense": 45885000.0,
        "General And Administrative Expense": 14253000.0,
        "Other Gand A": 14253000.0,
        "Gross Profit": 72179000.0,
        "Cost Of Revenue": 42398000.0,
        "Total Revenue": 114577000.0,
        "Operating Revenue": 114577000.0
    },
    "2022-03-31": {
        "Diluted EPS": -0.04,
        "Total Revenue": 113,
        "Gross Profit": 72,
        "Operating Income": -4,
        "EBIT": 31,
        "Net Income": -6
    },
    "2021-12-31": {
        "Diluted EPS": -0.14,
        "Total Revenue": 111,
        "Gross Profit": 69,
        "Operating Income": -5,
        "EBIT": 30,
        "Net Income": -21
    },
    "2021-09-30": {
        "Diluted EPS": -0.1,
        "Total Revenue": 107,
        "Gross Profit": 66,
        "Operating Income": -5,
        "EBIT": 30,
        "Net Income": -13
    },
    "2021-06-30": {
        "Diluted EPS": -0.17,
        "Total Revenue": 94,
        "Gross Profit": 53,
        "Operating Income": -12,
        "EBIT": 23,
        "Net Income": -22
    },
    "2021-03-31": {
        "Diluted EPS": -0.26,
        "Total Revenue": 94,
        "Gross Profit": 48,
        "Operating Income": -25,
        "EBIT": 10,
        "Net Income": -33
    },
    "2020-12-31": {
        "Diluted EPS": 0.0,
        "Total Revenue": NaN,
        "Gross Profit": NaN,
        "Operating Income": NaN,
        "EBIT": NaN,
        "Net Income": NaN
    },
    "2020-09-30": {
        "Diluted EPS": -0.48,
        "Total Revenue": 82,
        "Gross Profit": 41,
        "Operating Income": -60,
        "EBIT": -60,
        "Net Income": -60
    },
    "2020-06-30": {
        "Diluted EPS": -0.61,
        "Total Revenue": 61,
        "Gross Profit": 22,
        "Operating Income": -79,
        "EBIT": -79,
        "Net Income": -77
    },
    "2019-12-31": {
        "Diluted EPS": 0.0,
        "Total Revenue": NaN,
        "Gross Profit": NaN,
        "Operating Income": NaN,
        "EBIT": NaN,
        "Net Income": NaN
    },
    "2023-09-30": {
        "Tax Effect Of Unusual Items": 0.0,
        "Tax Rate For Calcs": 0.259424,
        "Normalized EBITDA": 40397000.0,
        "Total Unusual Items": NaN,
        "Total Unusual Items Excluding Goodwill": NaN,
        "Net Income From Continuing Operation Net Minority Interest": -5481000.0,
        "Reconciled Depreciation": 36930000.0,
        "Reconciled Cost Of Revenue": 47427000.0,
        "EBITDA": 40397000.0,
        "EBIT": 3467000.0,
        "Net Interest Income": -9508000.0,
        "Interest Expense": 10868000.0,
        "Interest Income": 1360000.0,
        "Normalized Income": -5481000.0,
        "Net Income From Continuing And Discontinued Operation": -5481000.0,
        "Total Expenses": 130371000.0,
        "Total Operating Income As Reported": 4550000.0,
        "Diluted Average Shares": 144222000.0,
        "Basic Average Shares": 144222000.0,
        "Diluted EPS": -0.04,
        "Basic EPS": -0.04,
        "Diluted NI Availto Com Stockholders": -5481000.0,
        "Net Income Common Stockholders": -5481000.0,
        "Net Income": -5481000.0,
        "Net Income Including Noncontrolling Interests": -5481000.0,
        "Net Income Continuous Operations": -5481000.0,
        "Tax Provision": -1920000.0,
        "Pretax Income": -7401000.0,
        "Other Income Expense": -2443000.0,
        "Other Non Operating Income Expenses": -2443000.0,
        "Special Income Charges": NaN,
        "Write Off": NaN,
        "Net Non Operating Interest Income Expense": -9508000.0,
        "Interest Expense Non Operating": 10868000.0,
        "Interest Income Non Operating": 1360000.0,
        "Operating Income": 4550000.0,
        "Operating Expense": 82944000.0,
        "Research And Development": 20688000.0,
        "Selling General And Administration": 62256000.0,
        "Selling And Marketing Expense": 46734000.0,
        "General And Administrative Expense": 15522000.0,
        "Other Gand A": 15522000.0,
        "Gross Profit": 87494000.0,
        "Cost Of Revenue": 47427000.0,
        "Total Revenue": 134921000.0,
        "Operating Revenue": 134921000.0
    },
    "2023-12-31": {
        "Tax Effect Of Unusual Items": 0.0,
        "Tax Rate For Calcs": 0.21,
        "Normalized EBITDA": 43109000.0,
        "Total Unusual Items": NaN,
        "Total Unusual Items Excluding Goodwill": NaN,
        "Net Income From Continuing Operation Net Minority Interest": -5767000.0,
        "Reconciled Depreciation": 37035000.0,
        "Reconciled Cost Of Revenue": 47767000.0,
        "EBITDA": 43109000.0,
        "EBIT": 6074000.0,
        "Net Interest Income": -8665000.0,
        "Interest Expense": 11382000.0,
        "Interest Income": 2717000.0,
        "Normalized Income": -5767000.0,
        "Net Income From Continuing And Discontinued Operation": -5767000.0,
        "Total Expenses": 135152000.0,
        "Total Operating Income As Reported": 224000.0,
        "Diluted Average Shares": NaN,
        "Basic Average Shares": NaN,
        "Diluted EPS": NaN,
        "Basic EPS": NaN,
        "Diluted NI Availto Com Stockholders": -5767000.0,
        "Net Income Common Stockholders": -5767000.0,
        "Net Income": -5767000.0,
        "Net Income Including Noncontrolling Interests": -5767000.0,
        "Net Income Continuous Operations": -5767000.0,
        "Tax Provision": 459000.0,
        "Pretax Income": -5308000.0,
        "Other Income Expense": 3133000.0,
        "Other Non Operating Income Expenses": 3133000.0,
        "Special Income Charges": NaN,
        "Write Off": NaN,
        "Net Non Operating Interest Income Expense": -8665000.0,
        "Interest Expense Non Operating": 11382000.0,
        "Interest Income Non Operating": 2717000.0,
        "Operating Income": 224000.0,
        "Operating Expense": 87385000.0,
        "Research And Development": 22290000.0,
        "Selling General And Administration": 65095000.0,
        "Selling And Marketing Expense": 47947000.0,
        "General And Administrative Expense": 17148000.0,
        "Other Gand A": 17148000.0,
        "Gross Profit": 87609000.0,
        "Cost Of Revenue": 47767000.0,
        "Total Revenue": 135376000.0,
        "Operating Revenue": 135376000.0
    }
}