{
    "2023-03-31": {
        "Tax Effect Of Unusual Items": NaN,
        "Tax Rate For Calcs": NaN,
        "Normalized EBITDA": NaN,
        "Total Unusual Items": NaN,
        "Total Unusual Items Excluding Goodwill": NaN,
        "Net Income From Continuing Operation Net Minority Interest": NaN,
        "Reconciled Depreciation": NaN,
        "Reconciled Cost Of Revenue": NaN,
        "EBITDA": NaN,
        "EBIT": NaN,
        "Net Interest Income": NaN,
        "Interest Expense": NaN,
        "Interest Income": NaN,
        "Normalized Income": NaN,
        "Net Income From Continuing And Discontinued Operation": NaN,
        "Total Expenses": NaN,
        "Rent Expense Supplemental": NaN,
        "Total Operating Income As Reported": NaN,
        "Diluted Average Shares": NaN,
        "Basic Average Shares": NaN,
        "Diluted EPS": NaN,
        "Basic EPS": NaN,
        "Diluted NI Availto Com Stockholders": NaN,
        "Net Income Common Stockholders": NaN,
        "Net Income": NaN,
        "Net Income Including Noncontrolling Interests": NaN,
        "Net Income Continuous Operations": NaN,
        "Tax Provision": NaN,
        "Pretax Income": NaN,
        "Other Income Expense": NaN,
        "Other Non Operating Income Expenses": NaN,
        "Special Income Charges": NaN,
        "Gain On Sale Of Ppe": NaN,
        "Other Special Charges": NaN,
        "Earnings From Equity Interest": 0.0,
        "Net Non Operating Interest Income Expense": NaN,
        "Interest Expense Non Operating": NaN,
        "Interest Income Non Operating": NaN,
        "Operating Income": NaN,
        "Operating Expense": NaN,
        "Other Operating Expenses": NaN,
        "Selling General And Administration": NaN,
        "General And Administrative Expense": NaN,
        "Other Gand A": NaN,
        "Gross Profit": NaN,
        "Cost Of Revenue": NaN,
        "Total Revenue": NaN,
        "Operating Revenue": NaN
    },
    "2022-12-31": {
        "Tax Effect Of Unusual Items": NaN,
        "Tax Rate For Calcs": NaN,
        "Normalized EBITDA": NaN,
        "Total Unusual Items": NaN,
        "Total Unusual Items Excluding Goodwill": NaN,
        "Net Income From Continuing Operation Net Minority Interest": NaN,
        "Reconciled Depreciation": NaN,
        "Reconciled Cost Of Revenue": NaN,
        "EBITDA": NaN,
        "EBIT": NaN,
        "Net Interest Income": NaN,
        "Interest Expense": NaN,
        "Interest Income": NaN,
        "Normalized Income": NaN,
        "Net Income From Continuing And Discontinued Operation": NaN,
        "Total Expenses": NaN,
        "Rent Expense Supplemental": NaN,
        "Total Operating Income As Reported": NaN,
        "Diluted Average Shares": NaN,
        "Basic Average Shares": NaN,
        "Diluted EPS": NaN,
        "Basic EPS": NaN,
        "Diluted NI Availto Com Stockholders": NaN,
        "Net Income Common Stockholders": NaN,
        "Net Income": NaN,
        "Minority Interests": 0.0,
        "Net Income Including Noncontrolling Interests": NaN,
        "Net Income Continuous Operations": NaN,
        "Tax Provision": NaN,
        "Pretax Income": NaN,
        "Other Income Expense": NaN,
        "Other Non Operating Income Expenses": 385000.0,
        "Special Income Charges": NaN,
        "Gain On Sale Of Ppe": NaN,
        "Other Special Charges": NaN,
        "Restructuring And Mergern Acquisition": 0.0,
        "Earnings From Equity Interest": 280000.0,
        "Net Non Operating Interest Income Expense": NaN,
        "Interest Expense Non Operating": NaN,
        "Interest Income Non Operating": NaN,
        "Operating Income": NaN,
        "Operating Expense": NaN,
        "Other Operating Expenses": NaN,
        "Selling General And Administration": NaN,
        "General And Administrative Expense": NaN,
        "Other Gand A": NaN,
        "Gross Profit": NaN,
        "Cost Of Revenue": NaN,
        "Total Revenue": NaN,
        "Operating Revenue": NaN
    },
    "2022-09-30": {
        "Tax Effect Of Unusual Items": NaN,
        "Tax Rate For Calcs": NaN,
        "Normalized EBITDA": NaN,
        "Total Unusual Items": NaN,
        "Total Unusual Items Excluding Goodwill": NaN,
        "Net Income From Continuing Operation Net Minority Interest": NaN,
        "Reconciled Depreciation": NaN,
        "Reconciled Cost Of Revenue": NaN,
        "EBITDA": NaN,
        "EBIT": NaN,
        "Net Interest Income": NaN,
        "Interest Expense": NaN,
        "Interest Income": NaN,
        "Normalized Income": NaN,
        "Net Income From Continuing And Discontinued Operation": NaN,
        "Total Expenses": NaN,
        "Rent Expense Supplemental": NaN,
        "Total Operating Income As Reported": NaN,
        "Diluted Average Shares": NaN,
        "Basic Average Shares": NaN,
        "Diluted EPS": NaN,
        "Basic EPS": NaN,
        "Diluted NI Availto Com Stockholders": NaN,
        "Net Income Common Stockholders": NaN,
        "Net Income": NaN,
        "Minority Interests": 0.0,
        "Net Income Including Noncontrolling Interests": NaN,
        "Net Income Continuous Operations": NaN,
        "Tax Provision": NaN,
        "Pretax Income": NaN,
        "Other Income Expense": NaN,
        "Other Non Operating Income Expenses": 360000.0,
        "Special Income Charges": NaN,
        "Gain On Sale Of Ppe": NaN,
        "Other Special Charges": NaN,
        "Restructuring And Mergern Acquisition": 0.0,
        "Earnings From Equity Interest": NaN,
        "Net Non Operating Interest Income Expense": NaN,
        "Interest Expense Non Operating": NaN,
        "Interest Income Non Operating": NaN,
        "Operating Income": NaN,
        "Operating Expense": NaN,
        "Selling General And Administration": NaN,
        "General And Administrative Expense": NaN,
        "Other Gand A": NaN,
        "Gross Profit": NaN,
        "Cost Of Revenue": NaN,
        "Total Revenue": NaN,
        "Operating Revenue": NaN
    },
    "2022-06-30": {
        "Tax Effect Of Unusual Items": 5420.680871,
        "Tax Rate For Calcs": 0.000753,
        "Normalized EBITDA": 102607000.0,
        "Total Unusual Items": 7202000.0,
        "Total Unusual Items Excluding Goodwill": 7202000.0,
        "Net Income From Continuing Operation Net Minority Interest": 69036000.0,
        "Reconciled Depreciation": 27256000.0,
        "Reconciled Cost Of Revenue": 97170000.0,
        "EBITDA": 109809000.0,
        "EBIT": 82553000.0,
        "Net Interest Income": -12558000.0,
        "Interest Expense": 13465000.0,
        "Interest Income": 907000.0,
        "Normalized Income": 61839420.680871,
        "Net Income From Continuing And Discontinued Operation": 69036000.0,
        "Total Expenses": 108017000.0,
        "Rent Expense Supplemental": 7693000.0,
        "Total Operating Income As Reported": 82220000.0,
        "Diluted Average Shares": 49878645.0,
        "Basic Average Shares": 49602181.0,
        "Diluted EPS": 1.38,
        "Basic EPS": 1.39,
        "Diluted NI Availto Com Stockholders": 69036000.0,
        "Net Income Common Stockholders": 69036000.0,
        "Net Income": 69036000.0,
        "Minority Interests": NaN,
        "Net Income Including Noncontrolling Interests": 69036000.0,
        "Net Income Continuous Operations": 69036000.0,
        "Tax Provision": 52000.0,
        "Pretax Income": 69088000.0,
        "Other Income Expense": 1466000.0,
        "Other Non Operating Income Expenses": -574000.0,
        "Special Income Charges": 7202000.0,
        "Gain On Sale Of Ppe": 8102000.0,
        "Other Special Charges": 900000.0,
        "Restructuring And Mergern Acquisition": 0.0,
        "Earnings From Equity Interest": -5162000.0,
        "Net Non Operating Interest Income Expense": -12558000.0,
        "Interest Expense Non Operating": 13465000.0,
        "Interest Income Non Operating": 907000.0,
        "Operating Income": 80180000.0,
        "Operating Expense": 10847000.0,
        "Selling General And Administration": 10847000.0,
        "General And Administrative Expense": 10847000.0,
        "Other Gand A": 10847000.0,
        "Gross Profit": 91027000.0,
        "Cost Of Revenue": 97170000.0,
        "Total Revenue": 188197000.0,
        "Operating Revenue": 188197000.0
    },
    "2022-03-31": {
        "Diluted EPS": -0.26,
        "Total Revenue": 101,
        "Gross Profit": 30,
        "Operating Income": 0,
        "EBIT": 28,
        "Net Income": -13
    },
    "2021-12-31": {
        "Diluted EPS": -0.89,
        "Total Revenue": 95,
        "Gross Profit": 16,
        "Operating Income": -15,
        "EBIT": 17,
        "Net Income": -34
    },
    "2021-09-30": {
        "Diluted EPS": -1.44,
        "Total Revenue": 85,
        "Gross Profit": 9,
        "Operating Income": -57,
        "EBIT": -29,
        "Net Income": -67
    },
    "2021-06-30": {
        "Diluted EPS": -0.67,
        "Total Revenue": 46,
        "Gross Profit": 11,
        "Operating Income": -12,
        "EBIT": 6,
        "Net Income": -19
    },
    "2021-03-31": {
        "Diluted EPS": -0.48,
        "Total Revenue": 47,
        "Gross Profit": 13,
        "Operating Income": -6,
        "EBIT": 11,
        "Net Income": -13
    },
    "2020-12-31": {
        "Diluted EPS": -4.06,
        "Total Revenue": 57,
        "Gross Profit": 13,
        "Operating Income": -110,
        "EBIT": 12,
        "Net Income": -117
    },
    "2020-09-30": {
        "Diluted EPS": 0.5,
        "Total Revenue": 100,
        "Gross Profit": 56,
        "Operating Income": 22,
        "EBIT": 42,
        "Net Income": 14
    },
    "2020-06-30": {
        "Diluted EPS": 2.24,
        "Total Revenue": 140,
        "Gross Profit": 97,
        "Operating Income": 73,
        "EBIT": 93,
        "Net Income": 64
    },
    "2020-03-31": {
        "Diluted EPS": 1.12,
        "Total Revenue": 125,
        "Gross Profit": 77,
        "Operating Income": 58,
        "EBIT": 78,
        "Net Income": 33
    },
    "2019-12-31": {
        "Diluted EPS": 0.55,
        "Total Revenue": 124,
        "Gross Profit": 73,
        "Operating Income": 33,
        "EBIT": 54,
        "Net Income": 16
    },
    "2019-09-30": {
        "Diluted EPS": -0.38,
        "Total Revenue": 71,
        "Gross Profit": 21,
        "Operating Income": 6,
        "EBIT": 26,
        "Net Income": -11
    },
    "2019-06-30": {
        "Diluted EPS": -0.57,
        "Total Revenue": 69,
        "Gross Profit": 19,
        "Operating Income": 0,
        "EBIT": 21,
        "Net Income": -17
    },
    "2019-03-31": {
        "Diluted EPS": 0.37,
        "Total Revenue": 102,
        "Gross Profit": 46,
        "Operating Income": 27,
        "EBIT": 48,
        "Net Income": 11
    },
    "2018-12-31": {
        "Diluted EPS": 0.25,
        "Total Revenue": 101,
        "Gross Profit": 46,
        "Operating Income": 25,
        "EBIT": 64,
        "Net Income": 7
    },
    "2018-09-30": {
        "Diluted EPS": -1.64,
        "Total Revenue": 61,
        "Gross Profit": 6,
        "Operating Income": -31,
        "EBIT": -10,
        "Net Income": -48
    },
    "2018-06-30": {
        "Diluted EPS": -0.65,
        "Total Revenue": 57,
        "Gross Profit": 8,
        "Operating Income": -1,
        "EBIT": 17,
        "Net Income": -19
    },
    "2018-03-31": {
        "Diluted EPS": -1.01,
        "Total Revenue": 52,
        "Gross Profit": 4,
        "Operating Income": -18,
        "EBIT": 1,
        "Net Income": -29
    },
    "2017-12-31": {
        "Diluted EPS": -3.11,
        "Total Revenue": 69,
        "Gross Profit": 21,
        "Operating Income": -79,
        "EBIT": 31,
        "Net Income": -91
    },
    "2017-09-30": {
        "Diluted EPS": -0.75,
        "Total Revenue": 60,
        "Gross Profit": 9,
        "Operating Income": -11,
        "EBIT": 11,
        "Net Income": -22
    },
    "2017-06-30": {
        "Diluted EPS": -0.4,
        "Total Revenue": 72,
        "Gross Profit": 23,
        "Operating Income": 4,
        "EBIT": 25,
        "Net Income": -12
    },
    "2017-03-31": {
        "Diluted EPS": 0.62,
        "Total Revenue": 89,
        "Gross Profit": 39,
        "Operating Income": 27,
        "EBIT": 48,
        "Net Income": 18
    },
    "2016-12-31": {
        "Diluted EPS": -1.98,
        "Total Revenue": 86,
        "Gross Profit": 34,
        "Operating Income": -46,
        "EBIT": 54,
        "Net Income": -58
    },
    "2016-09-30": {
        "Diluted EPS": -1.74,
        "Total Revenue": 81,
        "Gross Profit": 32,
        "Operating Income": -35,
        "EBIT": -13,
        "Net Income": -51
    },
    "2016-06-30": {
        "Diluted EPS": 1.05,
        "Total Revenue": 103,
        "Gross Profit": 58,
        "Operating Income": 41,
        "EBIT": 63,
        "Net Income": 31
    },
    "2016-03-31": {
        "Diluted EPS": 2.05,
        "Total Revenue": 129,
        "Gross Profit": 81,
        "Operating Income": 65,
        "EBIT": 86,
        "Net Income": 60
    },
    "2015-12-31": {
        "Diluted EPS": 0.0,
        "Total Revenue": NaN,
        "Gross Profit": NaN,
        "Operating Income": NaN,
        "EBIT": NaN,
        "Net Income": NaN
    },
    "2015-09-30": {
        "Diluted EPS": 1.78,
        "Total Revenue": 131,
        "Gross Profit": 82,
        "Operating Income": 64,
        "EBIT": 86,
        "Net Income": 52
    },
    "2015-06-30": {
        "Diluted EPS": 0.0,
        "Total Revenue": NaN,
        "Gross Profit": NaN,
        "Operating Income": NaN,
        "EBIT": NaN,
        "Net Income": NaN
    },
    "2014-12-31": {
        "Diluted EPS": 0.0,
        "Total Revenue": NaN,
        "Gross Profit": NaN,
        "Operating Income": NaN,
        "EBIT": NaN,
        "Net Income": NaN
    },
    "2013-12-31": {
        "Diluted EPS": 0.0,
        "Total Revenue": NaN,
        "Gross Profit": NaN,
        "Operating Income": NaN,
        "EBIT": NaN,
        "Net Income": NaN
    },
    "2023-06-30": {
        "Tax Effect Of Unusual Items": NaN,
        "Tax Rate For Calcs": NaN,
        "Normalized EBITDA": NaN,
        "Total Unusual Items": NaN,
        "Total Unusual Items Excluding Goodwill": NaN,
        "Net Income From Continuing Operation Net Minority Interest": NaN,
        "Reconciled Depreciation": NaN,
        "Reconciled Cost Of Revenue": NaN,
        "EBITDA": NaN,
        "EBIT": NaN,
        "Net Interest Income": NaN,
        "Interest Expense": NaN,
        "Interest Income": NaN,
        "Normalized Income": NaN,
        "Net Income From Continuing And Discontinued Operation": NaN,
        "Total Expenses": NaN,
        "Rent Expense Supplemental": NaN,
        "Total Operating Income As Reported": NaN,
        "Diluted Average Shares": 49404837.0,
        "Basic Average Shares": 49029784.0,
        "Diluted EPS": 3.11,
        "Basic EPS": 3.13,
        "Diluted NI Availto Com Stockholders": NaN,
        "Net Income Common Stockholders": NaN,
        "Net Income": NaN,
        "Net Income Including Noncontrolling Interests": NaN,
        "Net Income Continuous Operations": NaN,
        "Tax Provision": NaN,
        "Pretax Income": NaN,
        "Other Income Expense": NaN,
        "Other Non Operating Income Expenses": 3381000.0,
        "Special Income Charges": NaN,
        "Gain On Sale Of Ppe": NaN,
        "Other Special Charges": 13000.0,
        "Earnings From Equity Interest": 0.0,
        "Net Non Operating Interest Income Expense": NaN,
        "Interest Expense Non Operating": NaN,
        "Interest Income Non Operating": NaN,
        "Operating Income": NaN,
        "Operating Expense": NaN,
        "Other Operating Expenses": NaN,
        "Selling General And Administration": NaN,
        "General And Administrative Expense": NaN,
        "Other Gand A": NaN,
        "Gross Profit": NaN,
        "Cost Of Revenue": NaN,
        "Total Revenue": NaN,
        "Operating Revenue": NaN
    },
    "2023-09-30": {
        "Tax Effect Of Unusual Items": -117.809142,
        "Tax Rate For Calcs": 0.000531,
        "Normalized EBITDA": 151256000.0,
        "Total Unusual Items": -222000.0,
        "Total Unusual Items Excluding Goodwill": -222000.0,
        "Net Income From Continuing Operation Net Minority Interest": 97937000.0,
        "Reconciled Depreciation": 33363000.0,
        "Reconciled Cost Of Revenue": 115012000.0,
        "EBITDA": 151034000.0,
        "EBIT": 117671000.0,
        "Net Interest Income": -16817000.0,
        "Interest Expense": 19682000.0,
        "Interest Income": 2865000.0,
        "Normalized Income": 98158882.190858,
        "Net Income From Continuing And Discontinued Operation": 97937000.0,
        "Total Expenses": 127326000.0,
        "Rent Expense Supplemental": 11297000.0,
        "Total Operating Income As Reported": 114160000.0,
        "Diluted Average Shares": 49275022.0,
        "Basic Average Shares": 48861356.0,
        "Diluted EPS": 1.99,
        "Basic EPS": 2.0,
        "Diluted NI Availto Com Stockholders": 97937000.0,
        "Net Income Common Stockholders": 97937000.0,
        "Net Income": 97937000.0,
        "Net Income Including Noncontrolling Interests": 97937000.0,
        "Net Income Continuous Operations": 97937000.0,
        "Tax Provision": 52000.0,
        "Pretax Income": 97989000.0,
        "Other Income Expense": 424000.0,
        "Other Non Operating Income Expenses": 646000.0,
        "Special Income Charges": -222000.0,
        "Gain On Sale Of Ppe": -74000.0,
        "Other Special Charges": 148000.0,
        "Earnings From Equity Interest": 0.0,
        "Net Non Operating Interest Income Expense": -16817000.0,
        "Interest Expense Non Operating": 19682000.0,
        "Interest Income Non Operating": 2865000.0,
        "Operating Income": 114382000.0,
        "Operating Expense": 12314000.0,
        "Other Operating Expenses": NaN,
        "Selling General And Administration": 12314000.0,
        "General And Administrative Expense": 12314000.0,
        "Other Gand A": 12314000.0,
        "Gross Profit": 126696000.0,
        "Cost Of Revenue": 115012000.0,
        "Total Revenue": 241708000.0,
        "Operating Revenue": 241708000.0
    },
    "2023-12-31": {
        "Tax Effect Of Unusual Items": 616929.580997,
        "Tax Rate For Calcs": 0.02542,
        "Normalized EBITDA": 151038000.0,
        "Total Unusual Items": 24269000.0,
        "Total Unusual Items Excluding Goodwill": 24269000.0,
        "Net Income From Continuing Operation Net Minority Interest": 132114000.0,
        "Reconciled Depreciation": 33682000.0,
        "Reconciled Cost Of Revenue": 116332000.0,
        "EBITDA": 175307000.0,
        "EBIT": 141625000.0,
        "Net Interest Income": -11418000.0,
        "Interest Expense": 6065000.0,
        "Interest Income": -5353000.0,
        "Normalized Income": 108461929.580997,
        "Net Income From Continuing And Discontinued Operation": 132114000.0,
        "Total Expenses": 128723000.0,
        "Rent Expense Supplemental": 8805000.0,
        "Total Operating Income As Reported": 147297000.0,
        "Diluted Average Shares": NaN,
        "Basic Average Shares": NaN,
        "Diluted EPS": NaN,
        "Basic EPS": NaN,
        "Diluted NI Availto Com Stockholders": 131711000.0,
        "Net Income Common Stockholders": 131711000.0,
        "Net Income": 132114000.0,
        "Net Income Including Noncontrolling Interests": 132114000.0,
        "Net Income Continuous Operations": 132114000.0,
        "Tax Provision": 3446000.0,
        "Pretax Income": 135560000.0,
        "Other Income Expense": 24967000.0,
        "Other Non Operating Income Expenses": NaN,
        "Special Income Charges": 24269000.0,
        "Gain On Sale Of Ppe": 25286000.0,
        "Other Special Charges": 1017000.0,
        "Earnings From Equity Interest": 0.0,
        "Net Non Operating Interest Income Expense": -11418000.0,
        "Interest Expense Non Operating": 6065000.0,
        "Interest Income Non Operating": -5353000.0,
        "Operating Income": 122011000.0,
        "Operating Expense": 12391000.0,
        "Other Operating Expenses": NaN,
        "Selling General And Administration": 12391000.0,
        "General And Administrative Expense": 12391000.0,
        "Other Gand A": 12391000.0,
        "Gross Profit": 134402000.0,
        "Cost Of Revenue": 116332000.0,
        "Total Revenue": 250734000.0,
        "Operating Revenue": 250734000.0
    },
    "2024-03-31": {
        "Tax Effect Of Unusual Items": 0.0,
        "Tax Rate For Calcs": 0.0,
        "Normalized EBITDA": 193904000.0,
        "Total Unusual Items": 51000.0,
        "Total Unusual Items Excluding Goodwill": 51000.0,
        "Net Income From Continuing Operation Net Minority Interest": 144490000.0,
        "Reconciled Depreciation": 34153000.0,
        "Reconciled Cost Of Revenue": 107655000.0,
        "EBITDA": 193955000.0,
        "EBIT": 159802000.0,
        "Net Interest Income": -12887000.0,
        "Interest Expense": 15312000.0,
        "Interest Income": 2425000.0,
        "Normalized Income": 144439000.0,
        "Net Income From Continuing And Discontinued Operation": 144490000.0,
        "Total Expenses": 120029000.0,
        "Rent Expense Supplemental": 6648000.0,
        "Total Operating Income As Reported": 154423000.0,
        "Diluted Average Shares": 49377948.0,
        "Basic Average Shares": 48972842.0,
        "Diluted EPS": 2.92,
        "Basic EPS": 2.95,
        "Diluted NI Availto Com Stockholders": 144490000.0,
        "Net Income Common Stockholders": 144490000.0,
        "Net Income": 144490000.0,
        "Net Income Including Noncontrolling Interests": 144490000.0,
        "Net Income Continuous Operations": 144490000.0,
        "Tax Provision": 0.0,
        "Pretax Income": 144490000.0,
        "Other Income Expense": 3005000.0,
        "Other Non Operating Income Expenses": 2954000.0,
        "Special Income Charges": 51000.0,
        "Gain On Sale Of Ppe": 51000.0,
        "Other Special Charges": NaN,
        "Earnings From Equity Interest": NaN,
        "Net Non Operating Interest Income Expense": -12887000.0,
        "Interest Expense Non Operating": 15312000.0,
        "Interest Income Non Operating": 2425000.0,
        "Operating Income": 154372000.0,
        "Operating Expense": 12374000.0,
        "Other Operating Expenses": NaN,
        "Selling General And Administration": 12374000.0,
        "General And Administrative Expense": 12374000.0,
        "Other Gand A": 12374000.0,
        "Gross Profit": 166746000.0,
        "Cost Of Revenue": 107655000.0,
        "Total Revenue": 274401000.0,
        "Operating Revenue": 274401000.0
    },
    "2024-06-30": {
        "Tax Effect Of Unusual Items": 0.0,
        "Tax Rate For Calcs": 0.0,
        "Normalized EBITDA": 168132000.0,
        "Total Unusual Items": 27684000.0,
        "Total Unusual Items Excluding Goodwill": 27684000.0,
        "Net Income From Continuing Operation Net Minority Interest": 144723000.0,
        "Reconciled Depreciation": 36517000.0,
        "Reconciled Cost Of Revenue": 116866000.0,
        "EBITDA": 195816000.0,
        "EBIT": 159299000.0,
        "Net Interest Income": -12425000.0,
        "Interest Expense": 14576000.0,
        "Interest Income": 2151000.0,
        "Normalized Income": 117039000.0,
        "Net Income From Continuing And Discontinued Operation": 144723000.0,
        "Total Expenses": 130305000.0,
        "Rent Expense Supplemental": 6948000.0,
        "Total Operating Income As Reported": 154788000.0,
        "Diluted Average Shares": 49721858.0,
        "Basic Average Shares": 49387193.0,
        "Diluted EPS": 2.91,
        "Basic EPS": 2.93,
        "Diluted NI Availto Com Stockholders": 144723000.0,
        "Net Income Common Stockholders": 144723000.0,
        "Net Income": 144723000.0,
        "Net Income Including Noncontrolling Interests": 144723000.0,
        "Net Income Continuous Operations": 144723000.0,
        "Tax Provision": 0.0,
        "Pretax Income": 144723000.0,
        "Other Income Expense": 30044000.0,
        "Other Non Operating Income Expenses": 2360000.0,
        "Special Income Charges": 27684000.0,
        "Gain On Sale Of Ppe": 27852000.0,
        "Other Special Charges": 168000.0,
        "Earnings From Equity Interest": NaN,
        "Net Non Operating Interest Income Expense": -12425000.0,
        "Interest Expense Non Operating": 14576000.0,
        "Interest Income Non Operating": 2151000.0,
        "Operating Income": 127104000.0,
        "Operating Expense": 13439000.0,
        "Other Operating Expenses": 1454000.0,
        "Selling General And Administration": 11985000.0,
        "General And Administrative Expense": 11985000.0,
        "Other Gand A": 11985000.0,
        "Gross Profit": 140543000.0,
        "Cost Of Revenue": 116866000.0,
        "Total Revenue": 257409000.0,
        "Operating Revenue": 257409000.0
    },
    "2024-09-30": {
        "Tax Effect Of Unusual Items": 2825550.0,
        "Tax Rate For Calcs": 0.21,
        "Normalized EBITDA": 131925000.0,
        "Total Unusual Items": 13455000.0,
        "Total Unusual Items Excluding Goodwill": 13455000.0,
        "Net Income From Continuing Operation Net Minority Interest": 91688000.0,
        "Reconciled Depreciation": 39304000.0,
        "Reconciled Cost Of Revenue": 123321000.0,
        "EBITDA": 145380000.0,
        "EBIT": 106076000.0,
        "Net Interest Income": -12496000.0,
        "Interest Expense": 14389000.0,
        "Interest Income": 1893000.0,
        "Normalized Income": 81058550.0,
        "Net Income From Continuing And Discontinued Operation": 91688000.0,
        "Total Expenses": 137673000.0,
        "Rent Expense Supplemental": 7245000.0,
        "Total Operating Income As Reported": 100972000.0,
        "Diluted Average Shares": 49881317.0,
        "Basic Average Shares": 49544412.0,
        "Diluted EPS": 1.84,
        "Basic EPS": 1.85,
        "Diluted NI Availto Com Stockholders": 91688000.0,
        "Net Income Common Stockholders": 91688000.0,
        "Net Income": 91688000.0,
        "Net Income Including Noncontrolling Interests": 91688000.0,
        "Net Income Continuous Operations": 91688000.0,
        "Tax Provision": -1000.0,
        "Pretax Income": 91687000.0,
        "Other Income Expense": 16666000.0,
        "Other Non Operating Income Expenses": 3211000.0,
        "Special Income Charges": 13455000.0,
        "Gain On Sale Of Ppe": 13499000.0,
        "Other Special Charges": 44000.0,
        "Earnings From Equity Interest": NaN,
        "Net Non Operating Interest Income Expense": -12496000.0,
        "Interest Expense Non Operating": 14389000.0,
        "Interest Income Non Operating": 1893000.0,
        "Operating Income": 87517000.0,
        "Operating Expense": 14352000.0,
        "Other Operating Expenses": NaN,
        "Selling General And Administration": 14352000.0,
        "General And Administrative Expense": 14352000.0,
        "Other Gand A": 14352000.0,
        "Gross Profit": 101869000.0,
        "Cost Of Revenue": 123321000.0,
        "Total Revenue": 225190000.0,
        "Operating Revenue": 225190000.0
    }
}