{
    "2023-03-31": {
        "Tax Effect Of Unusual Items": NaN,
        "Tax Rate For Calcs": NaN,
        "Normalized EBITDA": NaN,
        "Total Unusual Items": NaN,
        "Total Unusual Items Excluding Goodwill": NaN,
        "Net Income From Continuing Operation Net Minority Interest": NaN,
        "Reconciled Depreciation": NaN,
        "Reconciled Cost Of Revenue": NaN,
        "EBITDA": NaN,
        "EBIT": NaN,
        "Net Interest Income": -253000.0,
        "Interest Expense": 253000.0,
        "Interest Income": NaN,
        "Normalized Income": NaN,
        "Net Income From Continuing And Discontinued Operation": NaN,
        "Total Expenses": NaN,
        "Total Operating Income As Reported": NaN,
        "Diluted Average Shares": NaN,
        "Basic Average Shares": NaN,
        "Diluted EPS": NaN,
        "Basic EPS": NaN,
        "Diluted NI Availto Com Stockholders": NaN,
        "Net Income Common Stockholders": NaN,
        "Net Income": NaN,
        "Net Income Including Noncontrolling Interests": NaN,
        "Net Income Continuous Operations": NaN,
        "Tax Provision": NaN,
        "Pretax Income": NaN,
        "Other Income Expense": -214000.0,
        "Other Non Operating Income Expenses": -214000.0,
        "Special Income Charges": NaN,
        "Other Special Charges": NaN,
        "Write Off": 0.0,
        "Net Non Operating Interest Income Expense": -253000.0,
        "Total Other Finance Cost": NaN,
        "Interest Expense Non Operating": 253000.0,
        "Interest Income Non Operating": NaN,
        "Operating Income": NaN,
        "Operating Expense": NaN,
        "Research And Development": NaN,
        "Selling General And Administration": NaN,
        "Selling And Marketing Expense": NaN,
        "General And Administrative Expense": NaN,
        "Other Gand A": NaN,
        "Gross Profit": NaN,
        "Cost Of Revenue": NaN,
        "Total Revenue": NaN,
        "Operating Revenue": NaN
    },
    "2022-12-31": {
        "Tax Effect Of Unusual Items": NaN,
        "Tax Rate For Calcs": NaN,
        "Normalized EBITDA": NaN,
        "Total Unusual Items": NaN,
        "Total Unusual Items Excluding Goodwill": NaN,
        "Net Income From Continuing Operation Net Minority Interest": NaN,
        "Reconciled Depreciation": NaN,
        "Reconciled Cost Of Revenue": NaN,
        "EBITDA": NaN,
        "EBIT": NaN,
        "Net Interest Income": -39000.0,
        "Interest Expense": 39000.0,
        "Interest Income": NaN,
        "Normalized Income": NaN,
        "Net Income From Continuing And Discontinued Operation": NaN,
        "Total Expenses": NaN,
        "Total Operating Income As Reported": NaN,
        "Diluted Average Shares": NaN,
        "Basic Average Shares": NaN,
        "Diluted EPS": NaN,
        "Basic EPS": NaN,
        "Diluted NI Availto Com Stockholders": NaN,
        "Net Income Common Stockholders": NaN,
        "Net Income": NaN,
        "Net Income Including Noncontrolling Interests": NaN,
        "Net Income Continuous Operations": NaN,
        "Tax Provision": NaN,
        "Pretax Income": NaN,
        "Other Income Expense": 488000.0,
        "Other Non Operating Income Expenses": 140000.0,
        "Special Income Charges": NaN,
        "Other Special Charges": -348000.0,
        "Write Off": -348000.0,
        "Net Non Operating Interest Income Expense": -39000.0,
        "Interest Expense Non Operating": 39000.0,
        "Interest Income Non Operating": NaN,
        "Operating Income": NaN,
        "Operating Expense": NaN,
        "Research And Development": NaN,
        "Selling General And Administration": NaN,
        "Selling And Marketing Expense": NaN,
        "General And Administrative Expense": NaN,
        "Other Gand A": NaN,
        "Gross Profit": NaN,
        "Cost Of Revenue": NaN,
        "Total Revenue": NaN,
        "Operating Revenue": NaN
    },
    "2022-09-30": {
        "Tax Effect Of Unusual Items": NaN,
        "Tax Rate For Calcs": NaN,
        "Normalized EBITDA": NaN,
        "Total Unusual Items": NaN,
        "Total Unusual Items Excluding Goodwill": NaN,
        "Net Income From Continuing Operation Net Minority Interest": NaN,
        "Reconciled Depreciation": NaN,
        "Reconciled Cost Of Revenue": NaN,
        "EBITDA": NaN,
        "EBIT": NaN,
        "Net Interest Income": NaN,
        "Interest Expense": 39000.0,
        "Interest Income": NaN,
        "Normalized Income": NaN,
        "Net Income From Continuing And Discontinued Operation": NaN,
        "Total Expenses": NaN,
        "Total Operating Income As Reported": NaN,
        "Diluted Average Shares": NaN,
        "Basic Average Shares": NaN,
        "Diluted EPS": NaN,
        "Basic EPS": NaN,
        "Diluted NI Availto Com Stockholders": NaN,
        "Net Income Common Stockholders": NaN,
        "Net Income": NaN,
        "Net Income Including Noncontrolling Interests": NaN,
        "Net Income Continuous Operations": NaN,
        "Tax Provision": NaN,
        "Pretax Income": NaN,
        "Other Income Expense": NaN,
        "Other Non Operating Income Expenses": NaN,
        "Special Income Charges": NaN,
        "Other Special Charges": 1949000.0,
        "Write Off": 1949000.0,
        "Impairment Of Capital Assets": 1949000.0,
        "Net Non Operating Interest Income Expense": NaN,
        "Interest Expense Non Operating": 39000.0,
        "Interest Income Non Operating": NaN,
        "Operating Income": NaN,
        "Operating Expense": NaN,
        "Research And Development": NaN,
        "Selling General And Administration": NaN,
        "Selling And Marketing Expense": NaN,
        "General And Administrative Expense": NaN,
        "Other Gand A": NaN,
        "Gross Profit": NaN,
        "Cost Of Revenue": NaN,
        "Total Revenue": NaN,
        "Operating Revenue": NaN
    },
    "2022-06-30": {
        "Tax Effect Of Unusual Items": 0.0,
        "Tax Rate For Calcs": 0.101739,
        "Normalized EBITDA": -19762000.0,
        "Total Unusual Items": 0.0,
        "Total Unusual Items Excluding Goodwill": 0.0,
        "Net Income From Continuing Operation Net Minority Interest": -21587000.0,
        "Reconciled Depreciation": 4232000.0,
        "Reconciled Cost Of Revenue": 27154000.0,
        "EBITDA": -19762000.0,
        "EBIT": -23994000.0,
        "Net Interest Income": -38000.0,
        "Interest Expense": 38000.0,
        "Normalized Income": -21587000.0,
        "Net Income From Continuing And Discontinued Operation": -21587000.0,
        "Total Expenses": 98351000.0,
        "Total Operating Income As Reported": -22830000.0,
        "Diluted Average Shares": 62464000.0,
        "Basic Average Shares": 62464000.0,
        "Diluted EPS": -0.35,
        "Basic EPS": -0.35,
        "Diluted NI Availto Com Stockholders": -21587000.0,
        "Net Income Common Stockholders": -21587000.0,
        "Net Income": -21587000.0,
        "Net Income Including Noncontrolling Interests": -21587000.0,
        "Net Income Continuous Operations": -21587000.0,
        "Tax Provision": -2445000.0,
        "Pretax Income": -24032000.0,
        "Other Income Expense": -1164000.0,
        "Other Non Operating Income Expenses": -1164000.0,
        "Special Income Charges": 0.0,
        "Other Special Charges": 0.0,
        "Write Off": NaN,
        "Impairment Of Capital Assets": NaN,
        "Net Non Operating Interest Income Expense": -38000.0,
        "Interest Expense Non Operating": 38000.0,
        "Operating Income": -22830000.0,
        "Operating Expense": 71197000.0,
        "Research And Development": 19631000.0,
        "Selling General And Administration": 51566000.0,
        "Selling And Marketing Expense": 30661000.0,
        "General And Administrative Expense": 20905000.0,
        "Other Gand A": 20905000.0,
        "Gross Profit": 48367000.0,
        "Cost Of Revenue": 27154000.0,
        "Total Revenue": 75521000.0,
        "Operating Revenue": 75521000.0
    },
    "2022-03-31": {
        "Diluted EPS": -0.47,
        "Total Revenue": 70,
        "Gross Profit": 44,
        "Operating Income": -29,
        "EBIT": -24,
        "Net Income": -29
    },
    "2021-12-31": {
        "Diluted EPS": -0.4,
        "Total Revenue": 65,
        "Gross Profit": 41,
        "Operating Income": -24,
        "EBIT": -20,
        "Net Income": -24
    },
    "2021-09-30": {
        "Diluted EPS": -0.42,
        "Total Revenue": 62,
        "Gross Profit": 40,
        "Operating Income": -24,
        "EBIT": -20,
        "Net Income": -25
    },
    "2021-06-30": {
        "Diluted EPS": -0.68,
        "Total Revenue": 61,
        "Gross Profit": 41,
        "Operating Income": -10,
        "EBIT": -6,
        "Net Income": -16
    },
    "2021-03-31": {
        "Diluted EPS": -0.49,
        "Total Revenue": 56,
        "Gross Profit": 36,
        "Operating Income": -4,
        "EBIT": -1,
        "Net Income": -14
    },
    "2020-12-31": {
        "Diluted EPS": -0.51,
        "Total Revenue": 50,
        "Gross Profit": 32,
        "Operating Income": -5,
        "EBIT": -1,
        "Net Income": -14
    },
    "2020-09-30": {
        "Diluted EPS": -0.55,
        "Total Revenue": 48,
        "Gross Profit": 31,
        "Operating Income": -4,
        "EBIT": -1,
        "Net Income": -14
    },
    "2020-06-30": {
        "Diluted EPS": 0.0,
        "Total Revenue": NaN,
        "Gross Profit": NaN,
        "Operating Income": NaN,
        "EBIT": NaN,
        "Net Income": NaN
    },
    "2019-06-30": {
        "Diluted EPS": 0.0,
        "Total Revenue": NaN,
        "Gross Profit": NaN,
        "Operating Income": NaN,
        "EBIT": NaN,
        "Net Income": NaN
    },
    "2023-06-30": {
        "Tax Effect Of Unusual Items": NaN,
        "Tax Rate For Calcs": NaN,
        "Normalized EBITDA": NaN,
        "Total Unusual Items": 0.0,
        "Total Unusual Items Excluding Goodwill": 0.0,
        "Net Income From Continuing Operation Net Minority Interest": NaN,
        "Reconciled Depreciation": NaN,
        "Reconciled Cost Of Revenue": NaN,
        "EBITDA": NaN,
        "EBIT": NaN,
        "Net Interest Income": NaN,
        "Interest Expense": 39000.0,
        "Interest Income": NaN,
        "Normalized Income": NaN,
        "Net Income From Continuing And Discontinued Operation": NaN,
        "Total Expenses": NaN,
        "Total Operating Income As Reported": NaN,
        "Diluted Average Shares": NaN,
        "Basic Average Shares": NaN,
        "Diluted EPS": NaN,
        "Basic EPS": NaN,
        "Diluted NI Availto Com Stockholders": NaN,
        "Net Income Common Stockholders": NaN,
        "Net Income": NaN,
        "Net Income Including Noncontrolling Interests": NaN,
        "Net Income Continuous Operations": NaN,
        "Tax Provision": NaN,
        "Pretax Income": NaN,
        "Other Income Expense": 216000.0,
        "Other Non Operating Income Expenses": 216000.0,
        "Special Income Charges": 0.0,
        "Other Special Charges": 0.0,
        "Write Off": 0.0,
        "Net Non Operating Interest Income Expense": NaN,
        "Total Other Finance Cost": NaN,
        "Interest Expense Non Operating": 39000.0,
        "Interest Income Non Operating": NaN,
        "Operating Income": NaN,
        "Operating Expense": NaN,
        "Research And Development": NaN,
        "Selling General And Administration": NaN,
        "Selling And Marketing Expense": NaN,
        "General And Administrative Expense": NaN,
        "Other Gand A": NaN,
        "Gross Profit": NaN,
        "Cost Of Revenue": NaN,
        "Total Revenue": NaN,
        "Operating Revenue": NaN
    },
    "2023-09-30": {
        "Tax Effect Of Unusual Items": NaN,
        "Tax Rate For Calcs": NaN,
        "Normalized EBITDA": NaN,
        "Total Unusual Items": 0.0,
        "Total Unusual Items Excluding Goodwill": 0.0,
        "Net Income From Continuing Operation Net Minority Interest": NaN,
        "Reconciled Depreciation": NaN,
        "Reconciled Cost Of Revenue": NaN,
        "EBITDA": NaN,
        "EBIT": NaN,
        "Net Interest Income": -943000.0,
        "Interest Expense": 39000.0,
        "Interest Income": NaN,
        "Normalized Income": NaN,
        "Net Income From Continuing And Discontinued Operation": NaN,
        "Total Expenses": NaN,
        "Total Operating Income As Reported": NaN,
        "Diluted Average Shares": 68937000.0,
        "Basic Average Shares": 68937000.0,
        "Diluted EPS": -0.22,
        "Basic EPS": -0.22,
        "Diluted NI Availto Com Stockholders": NaN,
        "Net Income Common Stockholders": NaN,
        "Net Income": NaN,
        "Net Income Including Noncontrolling Interests": NaN,
        "Net Income Continuous Operations": NaN,
        "Tax Provision": NaN,
        "Pretax Income": NaN,
        "Other Income Expense": -904000.0,
        "Other Non Operating Income Expenses": -904000.0,
        "Special Income Charges": 0.0,
        "Other Special Charges": NaN,
        "Write Off": NaN,
        "Net Non Operating Interest Income Expense": -943000.0,
        "Total Other Finance Cost": 943000.0,
        "Interest Expense Non Operating": 39000.0,
        "Interest Income Non Operating": NaN,
        "Operating Income": NaN,
        "Operating Expense": NaN,
        "Research And Development": NaN,
        "Selling General And Administration": NaN,
        "Selling And Marketing Expense": NaN,
        "General And Administrative Expense": NaN,
        "Other Gand A": NaN,
        "Gross Profit": NaN,
        "Cost Of Revenue": NaN,
        "Total Revenue": NaN,
        "Operating Revenue": NaN
    },
    "2023-12-31": {
        "Tax Effect Of Unusual Items": 0.0,
        "Tax Rate For Calcs": 0.21,
        "Normalized EBITDA": -5955000.0,
        "Total Unusual Items": 0.0,
        "Total Unusual Items Excluding Goodwill": 0.0,
        "Net Income From Continuing Operation Net Minority Interest": -9213000.0,
        "Reconciled Depreciation": 5127000.0,
        "Reconciled Cost Of Revenue": 30769000.0,
        "EBITDA": -5955000.0,
        "EBIT": -11082000.0,
        "Net Interest Income": 2057000.0,
        "Interest Expense": NaN,
        "Interest Income": NaN,
        "Normalized Income": -9213000.0,
        "Net Income From Continuing And Discontinued Operation": -9213000.0,
        "Total Expenses": 115015000.0,
        "Total Operating Income As Reported": -11082000.0,
        "Diluted Average Shares": 70521000.0,
        "Basic Average Shares": 70521000.0,
        "Diluted EPS": -0.13,
        "Basic EPS": -0.13,
        "Diluted NI Availto Com Stockholders": -9213000.0,
        "Net Income Common Stockholders": -9213000.0,
        "Net Income": -9213000.0,
        "Net Income Including Noncontrolling Interests": -9213000.0,
        "Net Income Continuous Operations": -9213000.0,
        "Tax Provision": 188000.0,
        "Pretax Income": -9025000.0,
        "Other Income Expense": 2057000.0,
        "Other Non Operating Income Expenses": 2057000.0,
        "Special Income Charges": 0.0,
        "Other Special Charges": NaN,
        "Write Off": 0.0,
        "Net Non Operating Interest Income Expense": 2057000.0,
        "Total Other Finance Cost": -2057000.0,
        "Interest Expense Non Operating": NaN,
        "Interest Income Non Operating": NaN,
        "Operating Income": -11082000.0,
        "Operating Expense": 84246000.0,
        "Research And Development": 27981000.0,
        "Selling General And Administration": 56265000.0,
        "Selling And Marketing Expense": 35269000.0,
        "General And Administrative Expense": 20996000.0,
        "Other Gand A": 20996000.0,
        "Gross Profit": 73164000.0,
        "Cost Of Revenue": 30769000.0,
        "Total Revenue": 103933000.0,
        "Operating Revenue": 103933000.0
    },
    "2024-03-31": {
        "Tax Effect Of Unusual Items": 0.0,
        "Tax Rate For Calcs": 0.21,
        "Normalized EBITDA": -2184000.0,
        "Total Unusual Items": 0.0,
        "Total Unusual Items Excluding Goodwill": 0.0,
        "Net Income From Continuing Operation Net Minority Interest": -6890000.0,
        "Reconciled Depreciation": 5262000.0,
        "Reconciled Cost Of Revenue": 30581000.0,
        "EBITDA": -2184000.0,
        "EBIT": -7446000.0,
        "Net Interest Income": 758000.0,
        "Interest Expense": NaN,
        "Interest Income": 758000.0,
        "Normalized Income": -6890000.0,
        "Net Income From Continuing And Discontinued Operation": -6890000.0,
        "Total Expenses": 118085000.0,
        "Total Operating Income As Reported": -7446000.0,
        "Diluted Average Shares": 72634000.0,
        "Basic Average Shares": 72634000.0,
        "Diluted EPS": -0.09,
        "Basic EPS": -0.09,
        "Diluted NI Availto Com Stockholders": -6890000.0,
        "Net Income Common Stockholders": -6890000.0,
        "Net Income": -6890000.0,
        "Net Income Including Noncontrolling Interests": -6890000.0,
        "Net Income Continuous Operations": -6890000.0,
        "Tax Provision": 202000.0,
        "Pretax Income": -6688000.0,
        "Other Income Expense": NaN,
        "Other Non Operating Income Expenses": NaN,
        "Special Income Charges": 0.0,
        "Other Special Charges": NaN,
        "Write Off": NaN,
        "Net Non Operating Interest Income Expense": 758000.0,
        "Total Other Finance Cost": NaN,
        "Interest Expense Non Operating": NaN,
        "Interest Income Non Operating": 758000.0,
        "Operating Income": -7446000.0,
        "Operating Expense": 87504000.0,
        "Research And Development": 27319000.0,
        "Selling General And Administration": 60185000.0,
        "Selling And Marketing Expense": 35256000.0,
        "General And Administrative Expense": 24929000.0,
        "Other Gand A": 24929000.0,
        "Gross Profit": 80058000.0,
        "Cost Of Revenue": 30581000.0,
        "Total Revenue": 110639000.0,
        "Operating Revenue": 110639000.0
    },
    "2024-06-30": {
        "Tax Effect Of Unusual Items": 0.0,
        "Tax Rate For Calcs": 0.21,
        "Normalized EBITDA": 6259000.0,
        "Total Unusual Items": 0.0,
        "Total Unusual Items Excluding Goodwill": 0.0,
        "Net Income From Continuing Operation Net Minority Interest": -597000.0,
        "Reconciled Depreciation": 5957000.0,
        "Reconciled Cost Of Revenue": 30738000.0,
        "EBITDA": 6259000.0,
        "EBIT": 302000.0,
        "Net Interest Income": NaN,
        "Interest Expense": NaN,
        "Interest Income": NaN,
        "Normalized Income": -597000.0,
        "Net Income From Continuing And Discontinued Operation": -597000.0,
        "Total Expenses": 114074000.0,
        "Total Operating Income As Reported": 302000.0,
        "Diluted Average Shares": NaN,
        "Basic Average Shares": NaN,
        "Diluted EPS": NaN,
        "Basic EPS": NaN,
        "Diluted NI Availto Com Stockholders": -597000.0,
        "Net Income Common Stockholders": -597000.0,
        "Net Income": -597000.0,
        "Net Income Including Noncontrolling Interests": -597000.0,
        "Net Income Continuous Operations": -597000.0,
        "Tax Provision": 1312000.0,
        "Pretax Income": 715000.0,
        "Other Income Expense": NaN,
        "Other Non Operating Income Expenses": NaN,
        "Special Income Charges": 0.0,
        "Other Special Charges": NaN,
        "Write Off": NaN,
        "Net Non Operating Interest Income Expense": NaN,
        "Total Other Finance Cost": NaN,
        "Interest Expense Non Operating": NaN,
        "Interest Income Non Operating": NaN,
        "Operating Income": 302000.0,
        "Operating Expense": 83336000.0,
        "Research And Development": 29838000.0,
        "Selling General And Administration": 53498000.0,
        "Selling And Marketing Expense": 33232000.0,
        "General And Administrative Expense": 20266000.0,
        "Other Gand A": 20266000.0,
        "Gross Profit": 83638000.0,
        "Cost Of Revenue": 30738000.0,
        "Total Revenue": 114376000.0,
        "Operating Revenue": 114376000.0
    },
    "2024-09-30": {
        "Tax Effect Of Unusual Items": 0.0,
        "Tax Rate For Calcs": 0.21,
        "Normalized EBITDA": -1507000.0,
        "Total Unusual Items": NaN,
        "Total Unusual Items Excluding Goodwill": NaN,
        "Net Income From Continuing Operation Net Minority Interest": -4520000.0,
        "Reconciled Depreciation": 5747000.0,
        "Reconciled Cost Of Revenue": 31934000.0,
        "EBITDA": -1507000.0,
        "EBIT": -7254000.0,
        "Net Interest Income": 3422000.0,
        "Interest Expense": NaN,
        "Interest Income": NaN,
        "Normalized Income": -4520000.0,
        "Net Income From Continuing And Discontinued Operation": -4520000.0,
        "Total Expenses": 126059000.0,
        "Total Operating Income As Reported": -7254000.0,
        "Diluted Average Shares": 75604000.0,
        "Basic Average Shares": 75604000.0,
        "Diluted EPS": -0.06,
        "Basic EPS": -0.06,
        "Diluted NI Availto Com Stockholders": -4520000.0,
        "Net Income Common Stockholders": -4520000.0,
        "Net Income": -4520000.0,
        "Net Income Including Noncontrolling Interests": -4520000.0,
        "Net Income Continuous Operations": -4520000.0,
        "Tax Provision": 688000.0,
        "Pretax Income": -3832000.0,
        "Other Income Expense": NaN,
        "Other Non Operating Income Expenses": NaN,
        "Special Income Charges": NaN,
        "Other Special Charges": NaN,
        "Write Off": NaN,
        "Net Non Operating Interest Income Expense": 3422000.0,
        "Total Other Finance Cost": -3422000.0,
        "Interest Expense Non Operating": NaN,
        "Interest Income Non Operating": NaN,
        "Operating Income": -7254000.0,
        "Operating Expense": 94125000.0,
        "Research And Development": 32427000.0,
        "Selling General And Administration": 61698000.0,
        "Selling And Marketing Expense": 37760000.0,
        "General And Administrative Expense": 23938000.0,
        "Other Gand A": 23938000.0,
        "Gross Profit": 86871000.0,
        "Cost Of Revenue": 31934000.0,
        "Total Revenue": 118805000.0,
        "Operating Revenue": 118805000.0
    },
    "2024-12-31": {
        "Tax Effect Of Unusual Items": 0.0,
        "Tax Rate For Calcs": 0.016461,
        "Normalized EBITDA": -4536000.0,
        "Total Unusual Items": NaN,
        "Total Unusual Items Excluding Goodwill": NaN,
        "Net Income From Continuing Operation Net Minority Interest": -10217000.0,
        "Reconciled Depreciation": 5650000.0,
        "Reconciled Cost Of Revenue": 32471000.0,
        "EBITDA": -4536000.0,
        "EBIT": -10186000.0,
        "Net Interest Income": -202000.0,
        "Interest Expense": NaN,
        "Interest Income": NaN,
        "Normalized Income": -10217000.0,
        "Net Income From Continuing And Discontinued Operation": -10217000.0,
        "Total Expenses": 131395000.0,
        "Total Operating Income As Reported": -10186000.0,
        "Diluted Average Shares": 78118000.0,
        "Basic Average Shares": 78118000.0,
        "Diluted EPS": -0.13,
        "Basic EPS": -0.13,
        "Diluted NI Availto Com Stockholders": -10217000.0,
        "Net Income Common Stockholders": -10217000.0,
        "Net Income": -10217000.0,
        "Net Income Including Noncontrolling Interests": -10217000.0,
        "Net Income Continuous Operations": -10217000.0,
        "Tax Provision": -171000.0,
        "Pretax Income": -10388000.0,
        "Other Income Expense": NaN,
        "Other Non Operating Income Expenses": NaN,
        "Special Income Charges": NaN,
        "Other Special Charges": NaN,
        "Write Off": NaN,
        "Net Non Operating Interest Income Expense": -202000.0,
        "Total Other Finance Cost": 202000.0,
        "Interest Expense Non Operating": NaN,
        "Interest Income Non Operating": NaN,
        "Operating Income": -10186000.0,
        "Operating Expense": 98924000.0,
        "Research And Development": 33325000.0,
        "Selling General And Administration": 65599000.0,
        "Selling And Marketing Expense": 40791000.0,
        "General And Administrative Expense": 24808000.0,
        "Other Gand A": 24808000.0,
        "Gross Profit": 88738000.0,
        "Cost Of Revenue": 32471000.0,
        "Total Revenue": 121209000.0,
        "Operating Revenue": 121209000.0
    }
}