{
    "2023-03-31": {
        "Tax Effect Of Unusual Items": NaN,
        "Tax Rate For Calcs": NaN,
        "Normalized EBITDA": NaN,
        "Total Unusual Items": NaN,
        "Total Unusual Items Excluding Goodwill": NaN,
        "Net Income From Continuing Operation Net Minority Interest": NaN,
        "Reconciled Depreciation": NaN,
        "Reconciled Cost Of Revenue": NaN,
        "EBITDA": NaN,
        "EBIT": NaN,
        "Net Interest Income": NaN,
        "Interest Expense": NaN,
        "Normalized Income": NaN,
        "Net Income From Continuing And Discontinued Operation": NaN,
        "Total Expenses": NaN,
        "Total Operating Income As Reported": NaN,
        "Diluted Average Shares": 2211066.0,
        "Basic Average Shares": 2211066.0,
        "Diluted EPS": -0.16,
        "Basic EPS": -0.16,
        "Diluted NI Availto Com Stockholders": NaN,
        "Net Income Common Stockholders": NaN,
        "Net Income": NaN,
        "Minority Interests": NaN,
        "Net Income Including Noncontrolling Interests": NaN,
        "Net Income Continuous Operations": NaN,
        "Tax Provision": NaN,
        "Pretax Income": NaN,
        "Other Income Expense": NaN,
        "Special Income Charges": 0.0,
        "Other Special Charges": NaN,
        "Write Off": NaN,
        "Gain On Sale Of Security": NaN,
        "Net Non Operating Interest Income Expense": NaN,
        "Total Other Finance Cost": 473000.0,
        "Interest Expense Non Operating": NaN,
        "Operating Income": NaN,
        "Operating Expense": NaN,
        "Depreciation Amortization Depletion Income Statement": NaN,
        "Depreciation And Amortization In Income Statement": NaN,
        "Selling General And Administration": NaN,
        "General And Administrative Expense": NaN,
        "Other Gand A": NaN,
        "Gross Profit": NaN,
        "Cost Of Revenue": NaN,
        "Total Revenue": NaN,
        "Operating Revenue": NaN
    },
    "2022-12-31": {
        "Tax Effect Of Unusual Items": NaN,
        "Tax Rate For Calcs": NaN,
        "Normalized EBITDA": NaN,
        "Total Unusual Items": NaN,
        "Total Unusual Items Excluding Goodwill": NaN,
        "Net Income From Continuing Operation Net Minority Interest": NaN,
        "Reconciled Depreciation": NaN,
        "Reconciled Cost Of Revenue": NaN,
        "EBITDA": NaN,
        "EBIT": NaN,
        "Net Interest Income": NaN,
        "Interest Expense": NaN,
        "Normalized Income": NaN,
        "Net Income From Continuing And Discontinued Operation": NaN,
        "Total Expenses": NaN,
        "Total Operating Income As Reported": NaN,
        "Diluted Average Shares": 2466781.0,
        "Basic Average Shares": 2215586.0,
        "Diluted EPS": 0.77,
        "Basic EPS": 0.85,
        "Diluted NI Availto Com Stockholders": NaN,
        "Net Income Common Stockholders": NaN,
        "Net Income": NaN,
        "Minority Interests": NaN,
        "Net Income Including Noncontrolling Interests": NaN,
        "Net Income Continuous Operations": NaN,
        "Tax Provision": NaN,
        "Pretax Income": NaN,
        "Other Income Expense": NaN,
        "Special Income Charges": 2692000.0,
        "Other Special Charges": -2692000.0,
        "Write Off": 0.0,
        "Gain On Sale Of Security": NaN,
        "Net Non Operating Interest Income Expense": NaN,
        "Total Other Finance Cost": NaN,
        "Interest Expense Non Operating": NaN,
        "Operating Income": NaN,
        "Operating Expense": NaN,
        "Depreciation Amortization Depletion Income Statement": NaN,
        "Depreciation And Amortization In Income Statement": NaN,
        "Selling General And Administration": NaN,
        "General And Administrative Expense": NaN,
        "Other Gand A": NaN,
        "Gross Profit": NaN,
        "Cost Of Revenue": NaN,
        "Total Revenue": NaN,
        "Operating Revenue": NaN
    },
    "2022-09-30": {
        "Tax Effect Of Unusual Items": -142200.772201,
        "Tax Rate For Calcs": 0.223938,
        "Normalized EBITDA": 4192000.0,
        "Total Unusual Items": -635000.0,
        "Total Unusual Items Excluding Goodwill": -635000.0,
        "Net Income From Continuing Operation Net Minority Interest": -199000.0,
        "Reconciled Depreciation": 1275000.0,
        "Reconciled Cost Of Revenue": 11551000.0,
        "EBITDA": 3557000.0,
        "EBIT": 2228000.0,
        "Net Interest Income": -2487000.0,
        "Interest Expense": 2487000.0,
        "Normalized Income": 293799.227799,
        "Net Income From Continuing And Discontinued Operation": -199000.0,
        "Total Expenses": 13525000.0,
        "Total Operating Income As Reported": 2863000.0,
        "Diluted Average Shares": 2482423.0,
        "Basic Average Shares": 2231228.0,
        "Diluted EPS": -0.09,
        "Basic EPS": -0.09,
        "Diluted NI Availto Com Stockholders": -199000.0,
        "Net Income Common Stockholders": -199000.0,
        "Net Income": -199000.0,
        "Minority Interests": 2000.0,
        "Net Income Including Noncontrolling Interests": -201000.0,
        "Net Income Continuous Operations": -201000.0,
        "Tax Provision": -58000.0,
        "Pretax Income": -259000.0,
        "Other Income Expense": -635000.0,
        "Special Income Charges": NaN,
        "Other Special Charges": NaN,
        "Write Off": NaN,
        "Gain On Sale Of Security": -635000.0,
        "Net Non Operating Interest Income Expense": -2487000.0,
        "Total Other Finance Cost": NaN,
        "Interest Expense Non Operating": 2487000.0,
        "Operating Income": 2863000.0,
        "Operating Expense": 2028000.0,
        "Depreciation Amortization Depletion Income Statement": 1329000.0,
        "Depreciation And Amortization In Income Statement": 1329000.0,
        "Selling General And Administration": 699000.0,
        "General And Administrative Expense": 699000.0,
        "Other Gand A": 699000.0,
        "Gross Profit": 4891000.0,
        "Cost Of Revenue": 11497000.0,
        "Total Revenue": 16388000.0,
        "Operating Revenue": 16388000.0
    },
    "2022-06-30": {
        "Tax Effect Of Unusual Items": -1531200.0,
        "Tax Rate For Calcs": 0.4,
        "Normalized EBITDA": 5189000.0,
        "Total Unusual Items": -3828000.0,
        "Total Unusual Items Excluding Goodwill": -3828000.0,
        "Net Income From Continuing Operation Net Minority Interest": -4093000.0,
        "Reconciled Depreciation": 1286000.0,
        "Reconciled Cost Of Revenue": 10169000.0,
        "EBITDA": 1361000.0,
        "EBIT": 75000.0,
        "Net Interest Income": -2542000.0,
        "Interest Expense": 2957000.0,
        "Normalized Income": -1796200.0,
        "Net Income From Continuing And Discontinued Operation": -4093000.0,
        "Total Expenses": 12138000.0,
        "Total Operating Income As Reported": 3488000.0,
        "Diluted Average Shares": 2239512.0,
        "Basic Average Shares": 2239512.0,
        "Diluted EPS": -1.830354,
        "Basic EPS": -1.83,
        "Diluted NI Availto Com Stockholders": -4093000.0,
        "Net Income Common Stockholders": -4093000.0,
        "Net Income": -4093000.0,
        "Minority Interests": 501000.0,
        "Net Income Including Noncontrolling Interests": -4594000.0,
        "Net Income Continuous Operations": -4594000.0,
        "Tax Provision": 1712000.0,
        "Pretax Income": -2882000.0,
        "Other Income Expense": -3828000.0,
        "Special Income Charges": 0.0,
        "Gain On Sale Of Ppe": 0.0,
        "Other Special Charges": 0.0,
        "Write Off": 0.0,
        "Gain On Sale Of Security": -3828000.0,
        "Net Non Operating Interest Income Expense": -2542000.0,
        "Total Other Finance Cost": NaN,
        "Interest Expense Non Operating": 2957000.0,
        "Operating Income": 3488000.0,
        "Operating Expense": 1969000.0,
        "Depreciation Amortization Depletion Income Statement": 1286000.0,
        "Depreciation And Amortization In Income Statement": 1286000.0,
        "Selling General And Administration": 683000.0,
        "General And Administrative Expense": 683000.0,
        "Other Gand A": 683000.0,
        "Gross Profit": 5457000.0,
        "Cost Of Revenue": 10169000.0,
        "Total Revenue": 15626000.0,
        "Operating Revenue": 15626000.0
    },
    "2022-03-31": {
        "Diluted EPS": -0.21,
        "Total Revenue": 10,
        "Gross Profit": 2,
        "Operating Income": 0,
        "EBIT": 1,
        "Net Income": 0
    },
    "2021-12-31": {
        "Diluted EPS": -0.91,
        "Total Revenue": 10,
        "Gross Profit": 1,
        "Operating Income": 0,
        "EBIT": 1,
        "Net Income": -2
    },
    "2021-09-30": {
        "Diluted EPS": -0.97,
        "Total Revenue": 11,
        "Gross Profit": 3,
        "Operating Income": 1,
        "EBIT": 2,
        "Net Income": -2
    },
    "2021-06-30": {
        "Diluted EPS": 1.89,
        "Total Revenue": 9,
        "Gross Profit": 3,
        "Operating Income": 1,
        "EBIT": 2,
        "Net Income": 5
    },
    "2021-03-31": {
        "Diluted EPS": 0.43,
        "Total Revenue": 6,
        "Gross Profit": 0,
        "Operating Income": -1,
        "EBIT": 0,
        "Net Income": 1
    },
    "2020-12-31": {
        "Diluted EPS": 0.0,
        "Total Revenue": 7,
        "Gross Profit": -1,
        "Operating Income": -2,
        "EBIT": -1,
        "Net Income": 0
    },
    "2020-09-30": {
        "Diluted EPS": 1.74,
        "Total Revenue": 7,
        "Gross Profit": 0,
        "Operating Income": -3,
        "EBIT": -1,
        "Net Income": 5
    },
    "2020-06-30": {
        "Diluted EPS": -1.86,
        "Total Revenue": 5,
        "Gross Profit": -1,
        "Operating Income": -3,
        "EBIT": -2,
        "Net Income": -2
    },
    "2020-03-31": {
        "Diluted EPS": 0.0,
        "Total Revenue": 15,
        "Gross Profit": 3,
        "Operating Income": 1,
        "EBIT": 2,
        "Net Income": -3
    },
    "2019-12-31": {
        "Diluted EPS": 0.09,
        "Total Revenue": 19,
        "Gross Profit": 5,
        "Operating Income": 3,
        "EBIT": 4,
        "Net Income": 0
    },
    "2019-09-30": {
        "Diluted EPS": 0.13,
        "Total Revenue": 19,
        "Gross Profit": 6,
        "Operating Income": 4,
        "EBIT": 5,
        "Net Income": 0
    },
    "2019-06-30": {
        "Diluted EPS": -0.09,
        "Total Revenue": 18,
        "Gross Profit": 5,
        "Operating Income": 4,
        "EBIT": 5,
        "Net Income": 1
    },
    "2019-03-31": {
        "Diluted EPS": 0.4,
        "Total Revenue": 19,
        "Gross Profit": 6,
        "Operating Income": 4,
        "EBIT": 5,
        "Net Income": 1
    },
    "2018-12-31": {
        "Diluted EPS": 0.0,
        "Total Revenue": 18,
        "Gross Profit": 5,
        "Operating Income": 3,
        "EBIT": 4,
        "Net Income": -1
    },
    "2018-09-30": {
        "Diluted EPS": 0.24,
        "Total Revenue": 19,
        "Gross Profit": 7,
        "Operating Income": 5,
        "EBIT": 6,
        "Net Income": 1
    },
    "2018-06-30": {
        "Diluted EPS": 2.01,
        "Total Revenue": 19,
        "Gross Profit": 10,
        "Operating Income": 13,
        "EBIT": 14,
        "Net Income": 5
    },
    "2018-03-31": {
        "Diluted EPS": 0.2,
        "Total Revenue": 18,
        "Gross Profit": 6,
        "Operating Income": 3,
        "EBIT": 5,
        "Net Income": 1
    },
    "2017-12-31": {
        "Diluted EPS": -0.51,
        "Total Revenue": 17,
        "Gross Profit": 4,
        "Operating Income": 2,
        "EBIT": 3,
        "Net Income": -1
    },
    "2017-09-30": {
        "Diluted EPS": -0.17,
        "Total Revenue": 18,
        "Gross Profit": 6,
        "Operating Income": 4,
        "EBIT": 5,
        "Net Income": 0
    },
    "2017-06-30": {
        "Diluted EPS": -0.4,
        "Total Revenue": 17,
        "Gross Profit": 7,
        "Operating Income": 3,
        "EBIT": 4,
        "Net Income": -1
    },
    "2017-03-31": {
        "Diluted EPS": -0.06,
        "Total Revenue": 17,
        "Gross Profit": 5,
        "Operating Income": 3,
        "EBIT": 4,
        "Net Income": 0
    },
    "2016-12-31": {
        "Diluted EPS": -0.72,
        "Total Revenue": 16,
        "Gross Profit": 5,
        "Operating Income": 3,
        "EBIT": 4,
        "Net Income": -2
    },
    "2016-09-30": {
        "Diluted EPS": 0.48,
        "Total Revenue": 18,
        "Gross Profit": 6,
        "Operating Income": 4,
        "EBIT": 5,
        "Net Income": 1
    },
    "2016-06-30": {
        "Diluted EPS": -0.16,
        "Total Revenue": 19,
        "Gross Profit": -1,
        "Operating Income": 3,
        "EBIT": 4,
        "Net Income": 0
    },
    "2016-03-31": {
        "Diluted EPS": -1.22,
        "Total Revenue": 18,
        "Gross Profit": 5,
        "Operating Income": -3,
        "EBIT": -1,
        "Net Income": -3
    },
    "2015-12-31": {
        "Diluted EPS": -1.8,
        "Total Revenue": 17,
        "Gross Profit": 4,
        "Operating Income": 2,
        "EBIT": 3,
        "Net Income": -4
    },
    "2015-09-30": {
        "Diluted EPS": 0.19,
        "Total Revenue": 19,
        "Gross Profit": 6,
        "Operating Income": 4,
        "EBIT": 5,
        "Net Income": 0
    },
    "2015-06-30": {
        "Diluted EPS": -0.15,
        "Total Revenue": 18,
        "Gross Profit": 4,
        "Operating Income": 3,
        "EBIT": 4,
        "Net Income": 0
    },
    "2015-03-31": {
        "Diluted EPS": 1.8,
        "Total Revenue": 18,
        "Gross Profit": 4,
        "Operating Income": 2,
        "EBIT": 4,
        "Net Income": 4
    },
    "2014-12-31": {
        "Diluted EPS": -0.12,
        "Total Revenue": 18,
        "Gross Profit": 4,
        "Operating Income": 2,
        "EBIT": 3,
        "Net Income": 0
    },
    "2014-09-30": {
        "Diluted EPS": -0.32,
        "Total Revenue": 19,
        "Gross Profit": 5,
        "Operating Income": 3,
        "EBIT": 4,
        "Net Income": -1
    },
    "2014-06-30": {
        "Diluted EPS": 0.35,
        "Total Revenue": 18,
        "Gross Profit": 2,
        "Operating Income": 3,
        "EBIT": 4,
        "Net Income": 1
    },
    "2014-03-31": {
        "Diluted EPS": -0.14,
        "Total Revenue": 16,
        "Gross Profit": 5,
        "Operating Income": 2,
        "EBIT": 3,
        "Net Income": 0
    },
    "2013-12-31": {
        "Diluted EPS": -2.31,
        "Total Revenue": 16,
        "Gross Profit": 5,
        "Operating Income": -5,
        "EBIT": -4,
        "Net Income": -5
    },
    "2013-09-30": {
        "Diluted EPS": 0.12,
        "Total Revenue": 17,
        "Gross Profit": 6,
        "Operating Income": 4,
        "EBIT": 5,
        "Net Income": 0
    },
    "2013-06-30": {
        "Diluted EPS": 0.04,
        "Total Revenue": 17,
        "Gross Profit": 4,
        "Operating Income": 3,
        "EBIT": 4,
        "Net Income": 0
    },
    "2013-03-31": {
        "Diluted EPS": -0.08,
        "Total Revenue": 14,
        "Gross Profit": 3,
        "Operating Income": 1,
        "EBIT": 2,
        "Net Income": 0
    },
    "2012-12-31": {
        "Diluted EPS": -0.5,
        "Total Revenue": 15,
        "Gross Profit": 3,
        "Operating Income": 2,
        "EBIT": 3,
        "Net Income": -1
    },
    "2012-09-30": {
        "Diluted EPS": 0.24,
        "Total Revenue": 16,
        "Gross Profit": 4,
        "Operating Income": 3,
        "EBIT": 4,
        "Net Income": 1
    },
    "2012-06-30": {
        "Diluted EPS": -0.3,
        "Total Revenue": 14,
        "Gross Profit": 4,
        "Operating Income": 2,
        "EBIT": 3,
        "Net Income": -1
    },
    "2012-03-31": {
        "Diluted EPS": 0.61,
        "Total Revenue": 14,
        "Gross Profit": 3,
        "Operating Income": 2,
        "EBIT": 3,
        "Net Income": 2
    },
    "2011-12-31": {
        "Diluted EPS": 0.0,
        "Total Revenue": 14,
        "Gross Profit": 4,
        "Operating Income": 3,
        "EBIT": 4,
        "Net Income": 0
    },
    "2011-09-30": {
        "Diluted EPS": -1.28,
        "Total Revenue": 15,
        "Gross Profit": 5,
        "Operating Income": 3,
        "EBIT": 4,
        "Net Income": -3
    },
    "2011-06-30": {
        "Diluted EPS": -0.58,
        "Total Revenue": 12,
        "Gross Profit": 3,
        "Operating Income": 0,
        "EBIT": 2,
        "Net Income": -1
    },
    "2011-03-31": {
        "Diluted EPS": 0.67,
        "Total Revenue": 12,
        "Gross Profit": 3,
        "Operating Income": 1,
        "EBIT": 2,
        "Net Income": 2
    },
    "2010-12-31": {
        "Diluted EPS": 3.4,
        "Total Revenue": 13,
        "Gross Profit": 4,
        "Operating Income": 2,
        "EBIT": 4,
        "Net Income": 9
    },
    "2010-09-30": {
        "Diluted EPS": 0.0,
        "Total Revenue": 13,
        "Gross Profit": 4,
        "Operating Income": 2,
        "EBIT": 3,
        "Net Income": 0
    },
    "2010-06-30": {
        "Diluted EPS": -0.2,
        "Total Revenue": 13,
        "Gross Profit": 3,
        "Operating Income": 1,
        "EBIT": 3,
        "Net Income": -1
    },
    "2010-03-31": {
        "Diluted EPS": -0.1,
        "Total Revenue": 11,
        "Gross Profit": 2,
        "Operating Income": 0,
        "EBIT": 2,
        "Net Income": 0
    },
    "2009-12-31": {
        "Diluted EPS": -0.2,
        "Total Revenue": 11,
        "Gross Profit": 3,
        "Operating Income": 1,
        "EBIT": 3,
        "Net Income": 0
    },
    "2009-09-30": {
        "Diluted EPS": -0.57,
        "Total Revenue": 12,
        "Gross Profit": 3,
        "Operating Income": 1,
        "EBIT": 3,
        "Net Income": -1
    },
    "2009-06-30": {
        "Diluted EPS": 0.83,
        "Total Revenue": 11,
        "Gross Profit": 3,
        "Operating Income": 1,
        "EBIT": 3,
        "Net Income": 2
    },
    "2009-03-31": {
        "Diluted EPS": -0.59,
        "Total Revenue": 10,
        "Gross Profit": 2,
        "Operating Income": 0,
        "EBIT": 2,
        "Net Income": -1
    },
    "2023-06-30": {
        "Tax Effect Of Unusual Items": -41580.0,
        "Tax Rate For Calcs": 0.21,
        "Normalized EBITDA": 2947000.0,
        "Total Unusual Items": -198000.0,
        "Total Unusual Items Excluding Goodwill": -198000.0,
        "Net Income From Continuing Operation Net Minority Interest": -8054000.0,
        "Reconciled Depreciation": 1452000.0,
        "Reconciled Cost Of Revenue": 10334000.0,
        "EBITDA": 2749000.0,
        "EBIT": 1297000.0,
        "Net Interest Income": -2473000.0,
        "Interest Expense": 3655000.0,
        "Normalized Income": -7897580.0,
        "Net Income From Continuing And Discontinued Operation": -8054000.0,
        "Total Expenses": 12671000.0,
        "Total Operating Income As Reported": 313000.0,
        "Diluted Average Shares": NaN,
        "Basic Average Shares": NaN,
        "Diluted EPS": NaN,
        "Basic EPS": NaN,
        "Diluted NI Availto Com Stockholders": -8054000.0,
        "Net Income Common Stockholders": -8054000.0,
        "Net Income": -8054000.0,
        "Minority Interests": 2630000.0,
        "Net Income Including Noncontrolling Interests": -10684000.0,
        "Net Income Continuous Operations": -10684000.0,
        "Tax Provision": 8326000.0,
        "Pretax Income": -2358000.0,
        "Other Income Expense": -198000.0,
        "Special Income Charges": 0.0,
        "Other Special Charges": 0.0,
        "Write Off": 0.0,
        "Gain On Sale Of Security": -198000.0,
        "Net Non Operating Interest Income Expense": -2473000.0,
        "Total Other Finance Cost": NaN,
        "Interest Expense Non Operating": 3655000.0,
        "Operating Income": 313000.0,
        "Operating Expense": 2337000.0,
        "Depreciation Amortization Depletion Income Statement": 1452000.0,
        "Depreciation And Amortization In Income Statement": 1452000.0,
        "Selling General And Administration": 885000.0,
        "General And Administrative Expense": 885000.0,
        "Other Gand A": 885000.0,
        "Gross Profit": 2650000.0,
        "Cost Of Revenue": 10334000.0,
        "Total Revenue": 12984000.0,
        "Operating Revenue": 12984000.0
    },
    "2023-09-30": {
        "Tax Effect Of Unusual Items": -5639.364303,
        "Tax Rate For Calcs": 0.008557,
        "Normalized EBITDA": 3118000.0,
        "Total Unusual Items": -659000.0,
        "Total Unusual Items Excluding Goodwill": -659000.0,
        "Net Income From Continuing Operation Net Minority Interest": -1244000.0,
        "Reconciled Depreciation": 1522000.0,
        "Reconciled Cost Of Revenue": 11637000.0,
        "EBITDA": 2459000.0,
        "EBIT": 937000.0,
        "Net Interest Income": -2573000.0,
        "Interest Expense": 2573000.0,
        "Normalized Income": -590639.364303,
        "Net Income From Continuing And Discontinued Operation": -1244000.0,
        "Total Expenses": 13914000.0,
        "Total Operating Income As Reported": 1596000.0,
        "Diluted Average Shares": 2204852.0,
        "Basic Average Shares": 2204852.0,
        "Diluted EPS": -0.74,
        "Basic EPS": -0.74,
        "Diluted NI Availto Com Stockholders": -1244000.0,
        "Net Income Common Stockholders": -1244000.0,
        "Net Income": -1244000.0,
        "Minority Interests": 378000.0,
        "Net Income Including Noncontrolling Interests": -1622000.0,
        "Net Income Continuous Operations": -1622000.0,
        "Tax Provision": -14000.0,
        "Pretax Income": -1636000.0,
        "Other Income Expense": -659000.0,
        "Special Income Charges": NaN,
        "Other Special Charges": NaN,
        "Write Off": NaN,
        "Gain On Sale Of Security": -659000.0,
        "Net Non Operating Interest Income Expense": -2573000.0,
        "Total Other Finance Cost": NaN,
        "Interest Expense Non Operating": 2573000.0,
        "Operating Income": 1596000.0,
        "Operating Expense": 2277000.0,
        "Depreciation Amortization Depletion Income Statement": 1522000.0,
        "Depreciation And Amortization In Income Statement": 1522000.0,
        "Selling General And Administration": 755000.0,
        "General And Administrative Expense": 755000.0,
        "Other Gand A": 755000.0,
        "Gross Profit": 3873000.0,
        "Cost Of Revenue": 11637000.0,
        "Total Revenue": 15510000.0,
        "Operating Revenue": 15510000.0
    },
    "2023-12-31": {
        "Tax Effect Of Unusual Items": 399840.0,
        "Tax Rate For Calcs": 0.21,
        "Normalized EBITDA": 216000.0,
        "Total Unusual Items": 1904000.0,
        "Total Unusual Items Excluding Goodwill": 1904000.0,
        "Net Income From Continuing Operation Net Minority Interest": -1529000.0,
        "Reconciled Depreciation": 1562000.0,
        "Reconciled Cost Of Revenue": 12211000.0,
        "EBITDA": 2120000.0,
        "EBIT": 558000.0,
        "Net Interest Income": -2591000.0,
        "Interest Expense": 2591000.0,
        "Normalized Income": -3033160.0,
        "Net Income From Continuing And Discontinued Operation": -1529000.0,
        "Total Expenses": 15667000.0,
        "Total Operating Income As Reported": -1346000.0,
        "Diluted Average Shares": 2203174.0,
        "Basic Average Shares": 2203174.0,
        "Diluted EPS": -0.69,
        "Basic EPS": -0.69,
        "Diluted NI Availto Com Stockholders": -1529000.0,
        "Net Income Common Stockholders": -1529000.0,
        "Net Income": -1529000.0,
        "Minority Interests": 622000.0,
        "Net Income Including Noncontrolling Interests": -2151000.0,
        "Net Income Continuous Operations": -2151000.0,
        "Tax Provision": 118000.0,
        "Pretax Income": -2033000.0,
        "Other Income Expense": 1904000.0,
        "Special Income Charges": 0.0,
        "Other Special Charges": NaN,
        "Write Off": NaN,
        "Gain On Sale Of Security": 1904000.0,
        "Net Non Operating Interest Income Expense": -2591000.0,
        "Total Other Finance Cost": NaN,
        "Interest Expense Non Operating": 2591000.0,
        "Operating Income": -1346000.0,
        "Operating Expense": 3456000.0,
        "Depreciation Amortization Depletion Income Statement": 1562000.0,
        "Depreciation And Amortization In Income Statement": 1562000.0,
        "Selling General And Administration": 1894000.0,
        "General And Administrative Expense": 1894000.0,
        "Other Gand A": 1894000.0,
        "Gross Profit": 2110000.0,
        "Cost Of Revenue": 12211000.0,
        "Total Revenue": 14321000.0,
        "Operating Revenue": 14321000.0
    },
    "2024-03-31": {
        "Tax Effect Of Unusual Items": -85249.037536,
        "Tax Rate For Calcs": 0.070982,
        "Normalized EBITDA": 2316000.0,
        "Total Unusual Items": -1201000.0,
        "Total Unusual Items Excluding Goodwill": -1201000.0,
        "Net Income From Continuing Operation Net Minority Interest": -3164000.0,
        "Reconciled Depreciation": 1607000.0,
        "Reconciled Cost Of Revenue": 11851000.0,
        "EBITDA": 1115000.0,
        "EBIT": -492000.0,
        "Net Interest Income": -3664000.0,
        "Interest Expense": 3664000.0,
        "Normalized Income": -2048249.037536,
        "Net Income From Continuing And Discontinued Operation": -3164000.0,
        "Total Expenses": 14174000.0,
        "Total Operating Income As Reported": 709000.0,
        "Diluted Average Shares": 2192862.0,
        "Basic Average Shares": 2192862.0,
        "Diluted EPS": -1.44,
        "Basic EPS": -1.44,
        "Diluted NI Availto Com Stockholders": -3164000.0,
        "Net Income Common Stockholders": -3164000.0,
        "Net Income": -3164000.0,
        "Minority Interests": 697000.0,
        "Net Income Including Noncontrolling Interests": -3861000.0,
        "Net Income Continuous Operations": -3861000.0,
        "Tax Provision": -295000.0,
        "Pretax Income": -4156000.0,
        "Other Income Expense": -1201000.0,
        "Special Income Charges": -453000.0,
        "Other Special Charges": 453000.0,
        "Write Off": NaN,
        "Gain On Sale Of Security": -748000.0,
        "Net Non Operating Interest Income Expense": -3664000.0,
        "Total Other Finance Cost": NaN,
        "Interest Expense Non Operating": 3664000.0,
        "Operating Income": 709000.0,
        "Operating Expense": 2323000.0,
        "Depreciation Amortization Depletion Income Statement": 1607000.0,
        "Depreciation And Amortization In Income Statement": 1607000.0,
        "Selling General And Administration": 716000.0,
        "General And Administrative Expense": 716000.0,
        "Other Gand A": 716000.0,
        "Gross Profit": 3032000.0,
        "Cost Of Revenue": 11851000.0,
        "Total Revenue": 14883000.0,
        "Operating Revenue": 14883000.0
    },
    "2024-06-30": {
        "Tax Effect Of Unusual Items": -122220.0,
        "Tax Rate For Calcs": 0.21,
        "Normalized EBITDA": 2124000.0,
        "Total Unusual Items": -582000.0,
        "Total Unusual Items Excluding Goodwill": -582000.0,
        "Net Income From Continuing Operation Net Minority Interest": -3860000.0,
        "Reconciled Depreciation": 1629000.0,
        "Reconciled Cost Of Revenue": 10276000.0,
        "EBITDA": 1542000.0,
        "EBIT": -87000.0,
        "Net Interest Income": -4727000.0,
        "Interest Expense": 4727000.0,
        "Normalized Income": -3400220.0,
        "Net Income From Continuing And Discontinued Operation": -3860000.0,
        "Total Expenses": 12931000.0,
        "Total Operating Income As Reported": 495000.0,
        "Diluted Average Shares": NaN,
        "Basic Average Shares": NaN,
        "Diluted EPS": NaN,
        "Basic EPS": NaN,
        "Diluted NI Availto Com Stockholders": -3860000.0,
        "Net Income Common Stockholders": -3860000.0,
        "Net Income": -3860000.0,
        "Minority Interests": 1062000.0,
        "Net Income Including Noncontrolling Interests": -4922000.0,
        "Net Income Continuous Operations": -4922000.0,
        "Tax Provision": 108000.0,
        "Pretax Income": -4814000.0,
        "Other Income Expense": -582000.0,
        "Special Income Charges": -5000.0,
        "Other Special Charges": 0.0,
        "Write Off": NaN,
        "Gain On Sale Of Security": -577000.0,
        "Net Non Operating Interest Income Expense": -4727000.0,
        "Total Other Finance Cost": NaN,
        "Interest Expense Non Operating": 4727000.0,
        "Operating Income": 495000.0,
        "Operating Expense": 2655000.0,
        "Depreciation Amortization Depletion Income Statement": 1629000.0,
        "Depreciation And Amortization In Income Statement": 1629000.0,
        "Selling General And Administration": 1026000.0,
        "General And Administrative Expense": 1026000.0,
        "Other Gand A": 1026000.0,
        "Gross Profit": 3150000.0,
        "Cost Of Revenue": 10276000.0,
        "Total Revenue": 13426000.0,
        "Operating Revenue": 13426000.0
    }
}