{
    "2023-04-30": {
        "Tax Effect Of Unusual Items": 0.0,
        "Tax Rate For Calcs": 0.23665,
        "Normalized EBITDA": 2993000000.0,
        "Net Income From Continuing Operation Net Minority Interest": 2087000000.0,
        "Reconciled Depreciation": 193000000.0,
        "Reconciled Cost Of Revenue": 908000000.0,
        "EBIT": 2800000000.0,
        "Net Interest Income": -38000000.0,
        "Interest Expense": 66000000.0,
        "Interest Income": 28000000.0,
        "Normalized Income": 2087000000.0,
        "Net Income From Continuing And Discontinued Operation": 2087000000.0,
        "Total Expenses": 3240000000.0,
        "Total Operating Income As Reported": 2778000000.0,
        "Diluted Average Shares": 283000000.0,
        "Basic Average Shares": 281000000.0,
        "Diluted EPS": 7.38,
        "Basic EPS": 7.44,
        "Diluted NI Availto Com Stockholders": 2087000000.0,
        "Net Income Common Stockholders": 2087000000.0,
        "Net Income": 2087000000.0,
        "Net Income Including Noncontrolling Interests": 2087000000.0,
        "Net Income Continuous Operations": 2087000000.0,
        "Tax Provision": 647000000.0,
        "Pretax Income": 2734000000.0,
        "Other Income Expense": -6000000.0,
        "Other Non Operating Income Expenses": -6000000.0,
        "Net Non Operating Interest Income Expense": -38000000.0,
        "Interest Expense Non Operating": 66000000.0,
        "Interest Income Non Operating": 28000000.0,
        "Operating Income": 2778000000.0,
        "Operating Expense": 2259000000.0,
        "Depreciation Amortization Depletion Income Statement": 120000000.0,
        "Depreciation And Amortization In Income Statement": 120000000.0,
        "Amortization": 120000000.0,
        "Amortization Of Intangibles Income Statement": 120000000.0,
        "Research And Development": 604000000.0,
        "Selling General And Administration": 1535000000.0,
        "Selling And Marketing Expense": 1203000000.0,
        "General And Administrative Expense": 332000000.0,
        "Other Gand A": 332000000.0,
        "Salaries And Wages": NaN,
        "Gross Profit": 5037000000.0,
        "Cost Of Revenue": 981000000.0,
        "Total Revenue": 6018000000.0,
        "Operating Revenue": 6018000000.0
    },
    "2023-01-31": {
        "Tax Effect Of Unusual Items": 0.0,
        "Tax Rate For Calcs": 0.263158,
        "Normalized EBITDA": 414000000.0,
        "Net Income From Continuing Operation Net Minority Interest": 168000000.0,
        "Reconciled Depreciation": 121000000.0,
        "Reconciled Cost Of Revenue": 773000000.0,
        "EBIT": 293000000.0,
        "Net Interest Income": -42000000.0,
        "Interest Expense": 65000000.0,
        "Interest Income": 23000000.0,
        "Normalized Income": 168000000.0,
        "Net Income From Continuing And Discontinued Operation": 168000000.0,
        "Total Expenses": 2771000000.0,
        "Total Operating Income As Reported": 270000000.0,
        "Diluted Average Shares": 282000000.0,
        "Basic Average Shares": 281000000.0,
        "Diluted EPS": 0.6,
        "Basic EPS": 0.6,
        "Diluted NI Availto Com Stockholders": 168000000.0,
        "Net Income Common Stockholders": 168000000.0,
        "Net Income": 168000000.0,
        "Net Income Including Noncontrolling Interests": 168000000.0,
        "Net Income Continuous Operations": 168000000.0,
        "Tax Provision": 60000000.0,
        "Pretax Income": 228000000.0,
        "Other Income Expense": 8000000.0,
        "Other Non Operating Income Expenses": 8000000.0,
        "Net Non Operating Interest Income Expense": -42000000.0,
        "Interest Expense Non Operating": 65000000.0,
        "Interest Income Non Operating": 23000000.0,
        "Operating Income": 270000000.0,
        "Operating Expense": 1998000000.0,
        "Depreciation Amortization Depletion Income Statement": 121000000.0,
        "Depreciation And Amortization In Income Statement": 121000000.0,
        "Amortization": 121000000.0,
        "Amortization Of Intangibles Income Statement": 121000000.0,
        "Research And Development": 630000000.0,
        "Selling General And Administration": 1247000000.0,
        "Selling And Marketing Expense": 924000000.0,
        "General And Administrative Expense": 323000000.0,
        "Other Gand A": 323000000.0,
        "Salaries And Wages": NaN,
        "Gross Profit": 2268000000.0,
        "Cost Of Revenue": 773000000.0,
        "Total Revenue": 3041000000.0,
        "Operating Revenue": 3041000000.0
    },
    "2022-10-31": {
        "Tax Effect Of Unusual Items": 0.0,
        "Tax Rate For Calcs": 0.4,
        "Normalized EBITDA": 290000000.0,
        "Net Income From Continuing Operation Net Minority Interest": 40000000.0,
        "Reconciled Depreciation": 209000000.0,
        "Reconciled Cost Of Revenue": 588000000.0,
        "EBIT": 81000000.0,
        "Net Interest Income": -35000000.0,
        "Interest Expense": 49000000.0,
        "Interest Income": 14000000.0,
        "Normalized Income": 40000000.0,
        "Net Income From Continuing And Discontinued Operation": 40000000.0,
        "Total Expenses": 2521000000.0,
        "Total Operating Income As Reported": 76000000.0,
        "Diluted Average Shares": 284000000.0,
        "Basic Average Shares": 281000000.0,
        "Diluted EPS": 0.14,
        "Basic EPS": 0.14,
        "Diluted NI Availto Com Stockholders": 40000000.0,
        "Net Income Common Stockholders": 40000000.0,
        "Net Income": 40000000.0,
        "Net Income Including Noncontrolling Interests": 40000000.0,
        "Net Income Continuous Operations": 40000000.0,
        "Tax Provision": -8000000.0,
        "Pretax Income": 32000000.0,
        "Other Income Expense": -9000000.0,
        "Other Non Operating Income Expenses": -9000000.0,
        "Net Non Operating Interest Income Expense": -35000000.0,
        "Interest Expense Non Operating": 49000000.0,
        "Interest Income Non Operating": 14000000.0,
        "Operating Income": 76000000.0,
        "Operating Expense": 1845000000.0,
        "Depreciation Amortization Depletion Income Statement": 121000000.0,
        "Depreciation And Amortization In Income Statement": 121000000.0,
        "Amortization": 121000000.0,
        "Amortization Of Intangibles Income Statement": 121000000.0,
        "Research And Development": 625000000.0,
        "Selling General And Administration": 1099000000.0,
        "Selling And Marketing Expense": 795000000.0,
        "General And Administrative Expense": 304000000.0,
        "Other Gand A": 304000000.0,
        "Salaries And Wages": NaN,
        "Gross Profit": 1921000000.0,
        "Cost Of Revenue": 676000000.0,
        "Total Revenue": 2597000000.0,
        "Operating Revenue": 2597000000.0
    },
    "2022-07-31": {
        "Tax Effect Of Unusual Items": 0.0,
        "Tax Rate For Calcs": 0.4,
        "Normalized EBITDA": 54000000.0,
        "Net Income From Continuing Operation Net Minority Interest": -56000000.0,
        "Reconciled Depreciation": 121000000.0,
        "Reconciled Cost Of Revenue": 600000000.0,
        "EBIT": -67000000.0,
        "Net Interest Income": -24000000.0,
        "Interest Expense": 32000000.0,
        "Interest Income": 8000000.0,
        "Normalized Income": -56000000.0,
        "Net Income From Continuing And Discontinued Operation": -56000000.0,
        "Total Expenses": 2489000000.0,
        "Total Operating Income As Reported": -75000000.0,
        "Diluted Average Shares": 284000000.0,
        "Basic Average Shares": 283000000.0,
        "Diluted EPS": -0.2,
        "Basic EPS": -0.2,
        "Diluted NI Availto Com Stockholders": -56000000.0,
        "Net Income Common Stockholders": -56000000.0,
        "Net Income": -56000000.0,
        "Net Income Including Noncontrolling Interests": -56000000.0,
        "Net Income Continuous Operations": -56000000.0,
        "Tax Provision": -43000000.0,
        "Pretax Income": -99000000.0,
        "Other Income Expense": 0.0,
        "Other Non Operating Income Expenses": 0.0,
        "Net Non Operating Interest Income Expense": -24000000.0,
        "Interest Expense Non Operating": 32000000.0,
        "Interest Income Non Operating": 8000000.0,
        "Operating Income": -75000000.0,
        "Operating Expense": 1889000000.0,
        "Depreciation Amortization Depletion Income Statement": 121000000.0,
        "Depreciation And Amortization In Income Statement": 121000000.0,
        "Amortization": 121000000.0,
        "Amortization Of Intangibles Income Statement": 121000000.0,
        "Research And Development": 627000000.0,
        "Selling General And Administration": 1141000000.0,
        "Selling And Marketing Expense": 807000000.0,
        "General And Administrative Expense": 334000000.0,
        "Other Gand A": 334000000.0,
        "Salaries And Wages": NaN,
        "Gross Profit": 1814000000.0,
        "Cost Of Revenue": 600000000.0,
        "Total Revenue": 2414000000.0,
        "Operating Revenue": 2414000000.0
    },
    "2022-04-30": {
        "Diluted EPS": 6.28,
        "Total Revenue": NaN,
        "Gross Profit": NaN,
        "Operating Income": NaN,
        "EBIT": NaN,
        "Net Income": NaN
    },
    "2022-01-31": {
        "Diluted EPS": 0.35,
        "Total Revenue": NaN,
        "Gross Profit": NaN,
        "Operating Income": 56,
        "EBIT": 271,
        "Net Income": 100
    },
    "2021-10-31": {
        "Diluted EPS": 0.82,
        "Total Revenue": NaN,
        "Gross Profit": NaN,
        "Operating Income": 195,
        "EBIT": 309,
        "Net Income": 228
    },
    "2021-07-31": {
        "Diluted EPS": 1.44,
        "Total Revenue": NaN,
        "Gross Profit": NaN,
        "Operating Income": 402,
        "EBIT": 515,
        "Net Income": 380
    },
    "2021-04-30": {
        "Diluted EPS": 5.3,
        "Total Revenue": NaN,
        "Gross Profit": NaN,
        "Operating Income": NaN,
        "EBIT": NaN,
        "Net Income": NaN
    },
    "2021-01-31": {
        "Diluted EPS": 0.07,
        "Total Revenue": NaN,
        "Gross Profit": NaN,
        "Operating Income": -25,
        "EBIT": 66,
        "Net Income": 20
    },
    "2020-10-31": {
        "Diluted EPS": 0.75,
        "Total Revenue": NaN,
        "Gross Profit": NaN,
        "Operating Income": 209,
        "EBIT": 255,
        "Net Income": 198
    },
    "2020-07-31": {
        "Diluted EPS": 1.68,
        "Total Revenue": NaN,
        "Gross Profit": NaN,
        "Operating Income": 483,
        "EBIT": 533,
        "Net Income": 445
    },
    "2020-04-30": {
        "Diluted EPS": 4.11,
        "Total Revenue": NaN,
        "Gross Profit": NaN,
        "Operating Income": NaN,
        "EBIT": NaN,
        "Net Income": NaN
    },
    "2020-01-31": {
        "Diluted EPS": 0.91,
        "Total Revenue": NaN,
        "Gross Profit": NaN,
        "Operating Income": 270,
        "EBIT": 327,
        "Net Income": 240
    },
    "2019-10-31": {
        "Diluted EPS": 0.22,
        "Total Revenue": NaN,
        "Gross Profit": 875,
        "Operating Income": 10,
        "EBIT": 67,
        "Net Income": 57
    },
    "2019-07-31": {
        "Diluted EPS": -0.18,
        "Total Revenue": 994,
        "Gross Profit": 713,
        "Operating Income": -153,
        "EBIT": -94,
        "Net Income": -44
    },
    "2019-04-30": {
        "Diluted EPS": 5.22,
        "Total Revenue": NaN,
        "Gross Profit": NaN,
        "Operating Income": NaN,
        "EBIT": NaN,
        "Net Income": NaN
    },
    "2019-01-31": {
        "Diluted EPS": 0.72,
        "Total Revenue": NaN,
        "Gross Profit": NaN,
        "Operating Income": 233,
        "EBIT": 288,
        "Net Income": 189
    },
    "2018-10-31": {
        "Diluted EPS": 0.13,
        "Total Revenue": NaN,
        "Gross Profit": 769,
        "Operating Income": -10,
        "EBIT": 47,
        "Net Income": 34
    },
    "2018-07-31": {
        "Diluted EPS": -0.13,
        "Total Revenue": 864,
        "Gross Profit": 635,
        "Operating Income": -200,
        "EBIT": -138,
        "Net Income": -38
    },
    "2018-04-30": {
        "Diluted EPS": 4.53,
        "Total Revenue": NaN,
        "Gross Profit": NaN,
        "Operating Income": NaN,
        "EBIT": NaN,
        "Net Income": NaN
    },
    "2018-01-31": {
        "Diluted EPS": 0.7,
        "Total Revenue": NaN,
        "Gross Profit": NaN,
        "Operating Income": 194,
        "EBIT": 256,
        "Net Income": 183
    },
    "2017-10-31": {
        "Diluted EPS": -0.01,
        "Total Revenue": 910,
        "Gross Profit": 712,
        "Operating Income": -35,
        "EBIT": 30,
        "Net Income": -2
    },
    "2017-07-31": {
        "Diluted EPS": 0.15,
        "Total Revenue": 861,
        "Gross Profit": 677,
        "Operating Income": 13,
        "EBIT": 75,
        "Net Income": 38
    },
    "2017-04-30": {
        "Diluted EPS": 3.7,
        "Total Revenue": NaN,
        "Gross Profit": NaN,
        "Operating Income": NaN,
        "EBIT": NaN,
        "Net Income": 964
    },
    "2017-01-31": {
        "Diluted EPS": 0.05,
        "Total Revenue": NaN,
        "Gross Profit": 810,
        "Operating Income": 22,
        "EBIT": 79,
        "Net Income": 13
    },
    "2016-10-31": {
        "Diluted EPS": -0.12,
        "Total Revenue": 778,
        "Gross Profit": 595,
        "Operating Income": -61,
        "EBIT": -6,
        "Net Income": -30
    },
    "2016-07-31": {
        "Diluted EPS": -0.23,
        "Total Revenue": 754,
        "Gross Profit": 583,
        "Operating Income": -56,
        "EBIT": 7,
        "Net Income": -40
    },
    "2016-04-30": {
        "Diluted EPS": 3.94,
        "Total Revenue": NaN,
        "Gross Profit": NaN,
        "Operating Income": NaN,
        "EBIT": NaN,
        "Net Income": NaN
    },
    "2016-01-31": {
        "Diluted EPS": 0.09,
        "Total Revenue": 923,
        "Gross Profit": 724,
        "Operating Income": 42,
        "EBIT": 100,
        "Net Income": 24
    },
    "2015-10-31": {
        "Diluted EPS": -0.11,
        "Total Revenue": 713,
        "Gross Profit": 547,
        "Operating Income": -29,
        "EBIT": 26,
        "Net Income": -31
    },
    "2015-07-31": {
        "Diluted EPS": 0.02,
        "Total Revenue": 696,
        "Gross Profit": 520,
        "Operating Income": -130,
        "EBIT": -35,
        "Net Income": 14
    },
    "2015-04-30": {
        "Diluted EPS": 1.78,
        "Total Revenue": NaN,
        "Gross Profit": NaN,
        "Operating Income": NaN,
        "EBIT": NaN,
        "Net Income": 501
    },
    "2015-01-31": {
        "Diluted EPS": -0.23,
        "Total Revenue": 749,
        "Gross Profit": 561,
        "Operating Income": -89,
        "EBIT": -32,
        "Net Income": -66
    },
    "2014-10-31": {
        "Diluted EPS": -0.29,
        "Total Revenue": 612,
        "Gross Profit": 453,
        "Operating Income": -109,
        "EBIT": -55,
        "Net Income": -84
    },
    "2014-07-31": {
        "Diluted EPS": -0.1,
        "Total Revenue": 451,
        "Gross Profit": 319,
        "Operating Income": -71,
        "EBIT": -21,
        "Net Income": -29
    },
    "2014-04-30": {
        "Diluted EPS": 3.39,
        "Total Revenue": NaN,
        "Gross Profit": NaN,
        "Operating Income": NaN,
        "EBIT": NaN,
        "Net Income": 984
    },
    "2014-01-31": {
        "Diluted EPS": -0.13,
        "Total Revenue": 782,
        "Gross Profit": 606,
        "Operating Income": -46,
        "EBIT": 4,
        "Net Income": -37
    },
    "2013-10-31": {
        "Diluted EPS": -0.04,
        "Total Revenue": 622,
        "Gross Profit": 479,
        "Operating Income": -77,
        "EBIT": -27,
        "Net Income": -11
    },
    "2013-07-31": {
        "Diluted EPS": -0.05,
        "Total Revenue": 409,
        "Gross Profit": 310,
        "Operating Income": -85,
        "EBIT": -22,
        "Net Income": -16
    },
    "2013-04-30": {
        "Diluted EPS": 2.71,
        "Total Revenue": NaN,
        "Gross Profit": NaN,
        "Operating Income": NaN,
        "EBIT": NaN,
        "Net Income": 822
    },
    "2013-01-31": {
        "Diluted EPS": 0.23,
        "Total Revenue": 884,
        "Gross Profit": 718,
        "Operating Income": 84,
        "EBIT": 142,
        "Net Income": 71
    },
    "2012-10-31": {
        "Diluted EPS": -0.06,
        "Total Revenue": 562,
        "Gross Profit": 427,
        "Operating Income": -73,
        "EBIT": -19,
        "Net Income": -19
    },
    "2012-07-31": {
        "Diluted EPS": 0.0,
        "Total Revenue": 308,
        "Gross Profit": 286,
        "Operating Income": -54,
        "EBIT": 3,
        "Net Income": 4
    },
    "2012-04-30": {
        "Diluted EPS": 2.42,
        "Total Revenue": NaN,
        "Gross Profit": NaN,
        "Operating Income": NaN,
        "EBIT": NaN,
        "Net Income": 734
    },
    "2012-01-31": {
        "Diluted EPS": 0.39,
        "Total Revenue": 999,
        "Gross Profit": 797,
        "Operating Income": 195,
        "EBIT": 256,
        "Net Income": 118
    },
    "2011-10-31": {
        "Diluted EPS": -0.21,
        "Total Revenue": 575,
        "Gross Profit": 411,
        "Operating Income": -84,
        "EBIT": -12,
        "Net Income": -64
    },
    "2011-07-31": {
        "Diluted EPS": -0.19,
        "Total Revenue": 573,
        "Gross Profit": 414,
        "Operating Income": -58,
        "EBIT": 35,
        "Net Income": -57
    },
    "2011-04-30": {
        "Diluted EPS": 2.2,
        "Total Revenue": NaN,
        "Gross Profit": NaN,
        "Operating Income": NaN,
        "EBIT": NaN,
        "Net Income": 688
    },
    "2011-01-31": {
        "Diluted EPS": 0.23,
        "Total Revenue": 878,
        "Gross Profit": 703,
        "Operating Income": 111,
        "EBIT": 172,
        "Net Income": 73
    },
    "2010-10-31": {
        "Diluted EPS": -0.22,
        "Total Revenue": 532,
        "Gross Profit": 377,
        "Operating Income": -104,
        "EBIT": -48,
        "Net Income": -70
    },
    "2010-07-31": {
        "Diluted EPS": -0.15,
        "Total Revenue": 485,
        "Gross Profit": 352,
        "Operating Income": -23,
        "EBIT": 35,
        "Net Income": -48
    },
    "2010-04-30": {
        "Diluted EPS": 1.78,
        "Total Revenue": NaN,
        "Gross Profit": NaN,
        "Operating Income": 888,
        "EBIT": 943,
        "Net Income": 576
    },
    "2010-01-31": {
        "Diluted EPS": 0.35,
        "Total Revenue": 837,
        "Gross Profit": 675,
        "Operating Income": 139,
        "EBIT": 207,
        "Net Income": 114
    },
    "2009-10-31": {
        "Diluted EPS": -0.21,
        "Total Revenue": 474,
        "Gross Profit": 330,
        "Operating Income": -100,
        "EBIT": -25,
        "Net Income": -68
    },
    "2009-07-31": {
        "Diluted EPS": -0.22,
        "Total Revenue": 438,
        "Gross Profit": 308,
        "Operating Income": -117,
        "EBIT": -31,
        "Net Income": -71
    },
    "2009-04-30": {
        "Diluted EPS": 1.47,
        "Total Revenue": NaN,
        "Gross Profit": NaN,
        "Operating Income": 765,
        "EBIT": 828,
        "Net Income": 485
    },
    "2009-01-31": {
        "Diluted EPS": 0.26,
        "Total Revenue": 773,
        "Gross Profit": 619,
        "Operating Income": 111,
        "EBIT": 177,
        "Net Income": 85
    },
    "2023-07-31": {
        "Tax Effect Of Unusual Items": 0.0,
        "Tax Rate For Calcs": 0.4,
        "Normalized EBITDA": 184000000.0,
        "Net Income From Continuing Operation Net Minority Interest": 89000000.0,
        "Reconciled Depreciation": 121000000.0,
        "Reconciled Cost Of Revenue": 713000000.0,
        "EBIT": 63000000.0,
        "Net Interest Income": -22000000.0,
        "Interest Expense": 68000000.0,
        "Interest Income": 46000000.0,
        "Normalized Income": 89000000.0,
        "Net Income From Continuing And Discontinued Operation": 89000000.0,
        "Total Expenses": 2695000000.0,
        "Total Operating Income As Reported": 17000000.0,
        "Diluted Average Shares": 283000000.0,
        "Basic Average Shares": 280000000.0,
        "Diluted EPS": 0.32,
        "Basic EPS": 0.32,
        "Diluted NI Availto Com Stockholders": 89000000.0,
        "Net Income Common Stockholders": 89000000.0,
        "Net Income": 89000000.0,
        "Net Income Including Noncontrolling Interests": 89000000.0,
        "Net Income Continuous Operations": 89000000.0,
        "Tax Provision": -94000000.0,
        "Pretax Income": -5000000.0,
        "Other Income Expense": NaN,
        "Other Non Operating Income Expenses": NaN,
        "Net Non Operating Interest Income Expense": -22000000.0,
        "Interest Expense Non Operating": 68000000.0,
        "Interest Income Non Operating": 46000000.0,
        "Operating Income": 17000000.0,
        "Operating Expense": 1982000000.0,
        "Depreciation Amortization Depletion Income Statement": 121000000.0,
        "Depreciation And Amortization In Income Statement": 121000000.0,
        "Amortization": 121000000.0,
        "Amortization Of Intangibles Income Statement": 121000000.0,
        "Research And Development": 680000000.0,
        "Selling General And Administration": 1181000000.0,
        "Selling And Marketing Expense": 721000000.0,
        "General And Administrative Expense": 460000000.0,
        "Other Gand A": 243000000.0,
        "Salaries And Wages": 217000000.0,
        "Gross Profit": 1999000000.0,
        "Cost Of Revenue": 713000000.0,
        "Total Revenue": 2712000000.0,
        "Operating Revenue": 2712000000.0
    }
}