{
    "2023-03-31": {
        "Tax Effect Of Unusual Items": NaN,
        "Tax Rate For Calcs": NaN,
        "Normalized EBITDA": NaN,
        "Total Unusual Items": NaN,
        "Total Unusual Items Excluding Goodwill": NaN,
        "Net Income From Continuing Operation Net Minority Interest": NaN,
        "Reconciled Depreciation": NaN,
        "Reconciled Cost Of Revenue": NaN,
        "EBITDA": NaN,
        "EBIT": NaN,
        "Net Interest Income": NaN,
        "Interest Expense": NaN,
        "Interest Income": NaN,
        "Normalized Income": NaN,
        "Net Income From Continuing And Discontinued Operation": NaN,
        "Total Expenses": NaN,
        "Diluted Average Shares": 89788000.0,
        "Basic Average Shares": 67786000.0,
        "Diluted EPS": 0.42,
        "Basic EPS": 0.51,
        "Diluted NI Availto Com Stockholders": NaN,
        "Average Dilution Earnings": NaN,
        "Net Income Common Stockholders": NaN,
        "Net Income": NaN,
        "Minority Interests": 0.0,
        "Net Income Including Noncontrolling Interests": NaN,
        "Net Income Continuous Operations": NaN,
        "Tax Provision": NaN,
        "Pretax Income": NaN,
        "Other Income Expense": NaN,
        "Other Non Operating Income Expenses": NaN,
        "Special Income Charges": 0.0,
        "Gain On Sale Of Business": NaN,
        "Other Special Charges": NaN,
        "Earnings From Equity Interest": NaN,
        "Gain On Sale Of Security": NaN,
        "Net Non Operating Interest Income Expense": NaN,
        "Interest Expense Non Operating": NaN,
        "Interest Income Non Operating": NaN,
        "Operating Income": NaN,
        "Operating Expense": NaN,
        "Depreciation Amortization Depletion Income Statement": NaN,
        "Depreciation And Amortization In Income Statement": NaN,
        "Amortization": NaN,
        "Amortization Of Intangibles Income Statement": NaN,
        "Research And Development": NaN,
        "Selling General And Administration": NaN,
        "Gross Profit": NaN,
        "Cost Of Revenue": NaN,
        "Total Revenue": NaN,
        "Operating Revenue": NaN
    },
    "2022-12-31": {
        "Tax Effect Of Unusual Items": NaN,
        "Tax Rate For Calcs": NaN,
        "Normalized EBITDA": NaN,
        "Total Unusual Items": NaN,
        "Total Unusual Items Excluding Goodwill": NaN,
        "Net Income From Continuing Operation Net Minority Interest": NaN,
        "Reconciled Depreciation": NaN,
        "Reconciled Cost Of Revenue": NaN,
        "EBITDA": NaN,
        "EBIT": NaN,
        "Net Interest Income": NaN,
        "Interest Expense": NaN,
        "Interest Income": NaN,
        "Normalized Income": NaN,
        "Net Income From Continuing And Discontinued Operation": NaN,
        "Total Expenses": NaN,
        "Diluted Average Shares": NaN,
        "Basic Average Shares": NaN,
        "Diluted EPS": NaN,
        "Basic EPS": NaN,
        "Diluted NI Availto Com Stockholders": NaN,
        "Average Dilution Earnings": NaN,
        "Net Income Common Stockholders": NaN,
        "Net Income": NaN,
        "Minority Interests": 0.0,
        "Net Income Including Noncontrolling Interests": NaN,
        "Net Income Continuous Operations": NaN,
        "Tax Provision": NaN,
        "Pretax Income": NaN,
        "Other Income Expense": NaN,
        "Other Non Operating Income Expenses": NaN,
        "Special Income Charges": 0.0,
        "Gain On Sale Of Business": 0.0,
        "Other Special Charges": 0.0,
        "Earnings From Equity Interest": NaN,
        "Gain On Sale Of Security": NaN,
        "Net Non Operating Interest Income Expense": NaN,
        "Interest Expense Non Operating": NaN,
        "Interest Income Non Operating": NaN,
        "Operating Income": NaN,
        "Operating Expense": NaN,
        "Depreciation Amortization Depletion Income Statement": NaN,
        "Depreciation And Amortization In Income Statement": NaN,
        "Amortization": NaN,
        "Amortization Of Intangibles Income Statement": NaN,
        "Research And Development": NaN,
        "Selling General And Administration": NaN,
        "Gross Profit": NaN,
        "Cost Of Revenue": NaN,
        "Total Revenue": NaN,
        "Operating Revenue": NaN
    },
    "2022-09-30": {
        "Tax Effect Of Unusual Items": NaN,
        "Tax Rate For Calcs": NaN,
        "Normalized EBITDA": NaN,
        "Total Unusual Items": NaN,
        "Total Unusual Items Excluding Goodwill": NaN,
        "Net Income From Continuing Operation Net Minority Interest": NaN,
        "Reconciled Depreciation": NaN,
        "Reconciled Cost Of Revenue": NaN,
        "EBITDA": NaN,
        "EBIT": NaN,
        "Net Interest Income": NaN,
        "Interest Expense": NaN,
        "Interest Income": NaN,
        "Normalized Income": NaN,
        "Net Income From Continuing And Discontinued Operation": NaN,
        "Total Expenses": NaN,
        "Diluted Average Shares": NaN,
        "Basic Average Shares": NaN,
        "Diluted EPS": NaN,
        "Basic EPS": NaN,
        "Diluted NI Availto Com Stockholders": NaN,
        "Average Dilution Earnings": NaN,
        "Net Income Common Stockholders": NaN,
        "Net Income": NaN,
        "Minority Interests": NaN,
        "Net Income Including Noncontrolling Interests": NaN,
        "Net Income Continuous Operations": NaN,
        "Tax Provision": NaN,
        "Pretax Income": NaN,
        "Other Income Expense": NaN,
        "Other Non Operating Income Expenses": NaN,
        "Special Income Charges": NaN,
        "Gain On Sale Of Business": 266696000.0,
        "Other Special Charges": NaN,
        "Earnings From Equity Interest": NaN,
        "Gain On Sale Of Security": NaN,
        "Net Non Operating Interest Income Expense": NaN,
        "Interest Expense Non Operating": NaN,
        "Interest Income Non Operating": NaN,
        "Operating Income": NaN,
        "Operating Expense": NaN,
        "Depreciation Amortization Depletion Income Statement": NaN,
        "Depreciation And Amortization In Income Statement": NaN,
        "Amortization": NaN,
        "Amortization Of Intangibles Income Statement": NaN,
        "Research And Development": NaN,
        "Selling General And Administration": NaN,
        "Gross Profit": NaN,
        "Cost Of Revenue": NaN,
        "Total Revenue": NaN,
        "Operating Revenue": NaN
    },
    "2022-06-30": {
        "Tax Effect Of Unusual Items": -23440000.0,
        "Tax Rate For Calcs": 0.4,
        "Normalized EBITDA": 86341000.0,
        "Total Unusual Items": -58600000.0,
        "Total Unusual Items Excluding Goodwill": -58600000.0,
        "Net Income From Continuing Operation Net Minority Interest": 939000.0,
        "Reconciled Depreciation": 3591000.0,
        "Reconciled Cost Of Revenue": NaN,
        "EBITDA": 27741000.0,
        "EBIT": 24150000.0,
        "Net Interest Income": -2931000.0,
        "Interest Expense": 3655000.0,
        "Interest Income": 724000.0,
        "Normalized Income": 36099000.0,
        "Net Income From Continuing And Discontinued Operation": 939000.0,
        "Total Expenses": 25666000.0,
        "Total Operating Income As Reported": 82554000.0,
        "Diluted Average Shares": 95653000.0,
        "Basic Average Shares": 69643000.0,
        "Diluted EPS": 0.01,
        "Basic EPS": 0.01,
        "Diluted NI Availto Com Stockholders": 4593000.0,
        "Average Dilution Earnings": 3654000.0,
        "Net Income Common Stockholders": 939000.0,
        "Net Income": 939000.0,
        "Minority Interests": -20432000.0,
        "Net Income Including Noncontrolling Interests": 21371000.0,
        "Net Income Continuous Operations": 21371000.0,
        "Tax Provision": -876000.0,
        "Pretax Income": 20495000.0,
        "Other Income Expense": -59128000.0,
        "Other Non Operating Income Expenses": -528000.0,
        "Special Income Charges": 0.0,
        "Gain On Sale Of Business": NaN,
        "Other Special Charges": NaN,
        "Earnings From Equity Interest": NaN,
        "Gain On Sale Of Security": -58600000.0,
        "Net Non Operating Interest Income Expense": -2931000.0,
        "Interest Expense Non Operating": 3655000.0,
        "Interest Income Non Operating": 724000.0,
        "Operating Income": 82554000.0,
        "Operating Expense": 25666000.0,
        "Depreciation Amortization Depletion Income Statement": NaN,
        "Depreciation And Amortization In Income Statement": NaN,
        "Amortization": NaN,
        "Amortization Of Intangibles Income Statement": NaN,
        "Research And Development": 13884000.0,
        "Selling General And Administration": 11782000.0,
        "General And Administrative Expense": 11782000.0,
        "Other Gand A": 11782000.0,
        "Gross Profit": NaN,
        "Cost Of Revenue": NaN,
        "Total Revenue": 108220000.0,
        "Operating Revenue": 108220000.0
    },
    "2023-06-30": {
        "Tax Effect Of Unusual Items": -17430.0,
        "Tax Rate For Calcs": 0.21,
        "Normalized EBITDA": 15228000.0,
        "Total Unusual Items": -83000.0,
        "Total Unusual Items Excluding Goodwill": -83000.0,
        "Net Income From Continuing Operation Net Minority Interest": 1280000.0,
        "Reconciled Depreciation": 4958000.0,
        "Reconciled Cost Of Revenue": 8979000.0,
        "EBITDA": 15145000.0,
        "EBIT": 10187000.0,
        "Net Interest Income": -829000.0,
        "Interest Expense": 4382000.0,
        "Interest Income": 3553000.0,
        "Normalized Income": 1345570.0,
        "Net Income From Continuing And Discontinued Operation": 1280000.0,
        "Total Expenses": 52468000.0,
        "Diluted Average Shares": 65489000.0,
        "Basic Average Shares": 65341000.0,
        "Diluted EPS": 0.02,
        "Basic EPS": 0.02,
        "Diluted NI Availto Com Stockholders": 1280000.0,
        "Average Dilution Earnings": 0.0,
        "Net Income Common Stockholders": 1280000.0,
        "Net Income": 1280000.0,
        "Minority Interests": 0.0,
        "Net Income Including Noncontrolling Interests": 1280000.0,
        "Net Income Continuous Operations": 1280000.0,
        "Tax Provision": 4525000.0,
        "Pretax Income": 5805000.0,
        "Other Income Expense": -21890000.0,
        "Other Non Operating Income Expenses": -1896000.0,
        "Special Income Charges": 0.0,
        "Gain On Sale Of Business": NaN,
        "Other Special Charges": NaN,
        "Earnings From Equity Interest": -19911000.0,
        "Gain On Sale Of Security": -83000.0,
        "Net Non Operating Interest Income Expense": -829000.0,
        "Interest Expense Non Operating": 4382000.0,
        "Interest Income Non Operating": 3553000.0,
        "Operating Income": 28524000.0,
        "Operating Expense": 43489000.0,
        "Depreciation Amortization Depletion Income Statement": 4958000.0,
        "Depreciation And Amortization In Income Statement": 4958000.0,
        "Amortization": 4958000.0,
        "Amortization Of Intangibles Income Statement": 4958000.0,
        "Research And Development": 14989000.0,
        "Selling General And Administration": 23542000.0,
        "Gross Profit": 72013000.0,
        "Cost Of Revenue": 8979000.0,
        "Total Revenue": 80992000.0,
        "Operating Revenue": 80992000.0
    },
    "2022-03-31": {
        "Diluted EPS": 0.2,
        "Total Revenue": 90,
        "Gross Profit": 90,
        "Operating Income": 78,
        "EBIT": 82,
        "Net Income": 16
    },
    "2021-12-31": {
        "Diluted EPS": 0.23,
        "Total Revenue": 108,
        "Gross Profit": 108,
        "Operating Income": 105,
        "EBIT": 110,
        "Net Income": 10
    },
    "2021-09-30": {
        "Diluted EPS": 0.9,
        "Total Revenue": 98,
        "Gross Profit": 98,
        "Operating Income": 95,
        "EBIT": 100,
        "Net Income": 72
    },
    "2021-06-30": {
        "Diluted EPS": 0.9,
        "Total Revenue": 101,
        "Gross Profit": 101,
        "Operating Income": 97,
        "EBIT": 102,
        "Net Income": 89
    },
    "2021-03-31": {
        "Diluted EPS": 0.84,
        "Total Revenue": 86,
        "Gross Profit": 86,
        "Operating Income": 79,
        "EBIT": 85,
        "Net Income": 94
    },
    "2020-12-31": {
        "Diluted EPS": 0.48,
        "Total Revenue": 90,
        "Gross Profit": 90,
        "Operating Income": 85,
        "EBIT": 90,
        "Net Income": 54
    },
    "2020-09-30": {
        "Diluted EPS": 0.26,
        "Total Revenue": 89,
        "Gross Profit": 89,
        "Operating Income": 84,
        "EBIT": 90,
        "Net Income": 28
    },
    "2020-06-30": {
        "Diluted EPS": 0.69,
        "Total Revenue": 79,
        "Gross Profit": 79,
        "Operating Income": 76,
        "EBIT": 81,
        "Net Income": 77
    },
    "2020-03-31": {
        "Diluted EPS": 0.59,
        "Total Revenue": 79,
        "Gross Profit": 79,
        "Operating Income": 76,
        "EBIT": 81,
        "Net Income": 65
    },
    "2019-12-31": {
        "Diluted EPS": 0.42,
        "Total Revenue": 76,
        "Gross Profit": 76,
        "Operating Income": 74,
        "EBIT": 79,
        "Net Income": 46
    },
    "2019-09-30": {
        "Diluted EPS": 0.36,
        "Total Revenue": 66,
        "Gross Profit": 66,
        "Operating Income": 61,
        "EBIT": 65,
        "Net Income": 40
    },
    "2019-06-30": {
        "Diluted EPS": 0.34,
        "Total Revenue": 64,
        "Gross Profit": 64,
        "Operating Income": 60,
        "EBIT": 64,
        "Net Income": 38
    },
    "2019-03-31": {
        "Diluted EPS": 0.31,
        "Total Revenue": 55,
        "Gross Profit": 55,
        "Operating Income": 52,
        "EBIT": 57,
        "Net Income": 34
    },
    "2018-12-31": {
        "Diluted EPS": 2.34,
        "Total Revenue": 80,
        "Gross Profit": 80,
        "Operating Income": 77,
        "EBIT": 82,
        "Net Income": 264
    },
    "2018-09-30": {
        "Diluted EPS": 0.43,
        "Total Revenue": 62,
        "Gross Profit": 62,
        "Operating Income": 58,
        "EBIT": 63,
        "Net Income": 47
    },
    "2018-06-30": {
        "Diluted EPS": 0.49,
        "Total Revenue": 67,
        "Gross Profit": 67,
        "Operating Income": 63,
        "EBIT": 68,
        "Net Income": 55
    },
    "2018-03-31": {
        "Diluted EPS": 0.27,
        "Total Revenue": 52,
        "Gross Profit": 52,
        "Operating Income": 41,
        "EBIT": 46,
        "Net Income": 30
    },
    "2017-12-31": {
        "Diluted EPS": 0.51,
        "Total Revenue": 70,
        "Gross Profit": 70,
        "Operating Income": 66,
        "EBIT": 72,
        "Net Income": 58
    },
    "2017-09-30": {
        "Diluted EPS": 0.21,
        "Total Revenue": 49,
        "Gross Profit": 49,
        "Operating Income": 40,
        "EBIT": 45,
        "Net Income": 24
    },
    "2017-06-30": {
        "Diluted EPS": 0.3,
        "Total Revenue": 59,
        "Gross Profit": 59,
        "Operating Income": 48,
        "EBIT": 52,
        "Net Income": 35
    },
    "2017-03-31": {
        "Diluted EPS": 0.15,
        "Total Revenue": 40,
        "Gross Profit": 40,
        "Operating Income": 29,
        "EBIT": 33,
        "Net Income": 17
    },
    "2016-12-31": {
        "Diluted EPS": 0.23,
        "Total Revenue": 44,
        "Gross Profit": 44,
        "Operating Income": 38,
        "EBIT": 42,
        "Net Income": 25
    },
    "2016-09-30": {
        "Diluted EPS": 0.13,
        "Total Revenue": 33,
        "Gross Profit": 33,
        "Operating Income": 28,
        "EBIT": 32,
        "Net Income": 15
    },
    "2016-06-30": {
        "Diluted EPS": 0.13,
        "Total Revenue": 32,
        "Gross Profit": 32,
        "Operating Income": 26,
        "EBIT": 30,
        "Net Income": 15
    },
    "2016-03-31": {
        "Diluted EPS": 0.04,
        "Total Revenue": 24,
        "Gross Profit": 24,
        "Operating Income": 18,
        "EBIT": 22,
        "Net Income": 4
    },
    "2015-12-31": {
        "Diluted EPS": 0.04,
        "Total Revenue": 23,
        "Gross Profit": 23,
        "Operating Income": 17,
        "EBIT": 21,
        "Net Income": 4
    },
    "2015-09-30": {
        "Diluted EPS": -0.04,
        "Total Revenue": 14,
        "Gross Profit": 14,
        "Operating Income": 8,
        "EBIT": 13,
        "Net Income": -5
    },
    "2015-06-30": {
        "Diluted EPS": -0.07,
        "Total Revenue": 11,
        "Gross Profit": 11,
        "Operating Income": 5,
        "EBIT": 10,
        "Net Income": -8
    },
    "2015-03-31": {
        "Diluted EPS": -0.09,
        "Total Revenue": 7,
        "Gross Profit": 7,
        "Operating Income": 1,
        "EBIT": 5,
        "Net Income": -11
    },
    "2014-12-31": {
        "Diluted EPS": -0.12,
        "Total Revenue": 7,
        "Gross Profit": 7,
        "Operating Income": 0,
        "EBIT": 5,
        "Net Income": -16
    },
    "2014-09-30": {
        "Diluted EPS": -0.19,
        "Total Revenue": 1,
        "Gross Profit": 1,
        "Operating Income": -10,
        "EBIT": -5,
        "Net Income": -21
    },
    "2014-06-30": {
        "Diluted EPS": -0.57,
        "Total Revenue": 1,
        "Gross Profit": 1,
        "Operating Income": -10,
        "EBIT": -6,
        "Net Income": -64
    },
    "2014-03-31": {
        "Diluted EPS": -0.62,
        "Total Revenue": -1,
        "Gross Profit": -1,
        "Operating Income": -15,
        "EBIT": -11,
        "Net Income": -68
    },
    "2013-12-31": {
        "Diluted EPS": -0.47,
        "Total Revenue": 1,
        "Gross Profit": 1,
        "Operating Income": 19,
        "EBIT": 22,
        "Net Income": -50
    },
    "2013-09-30": {
        "Diluted EPS": -0.44,
        "Total Revenue": 0,
        "Gross Profit": 0,
        "Operating Income": -8,
        "EBIT": -6,
        "Net Income": -47
    },
    "2013-06-30": {
        "Diluted EPS": -0.37,
        "Total Revenue": 1,
        "Gross Profit": 1,
        "Operating Income": -7,
        "EBIT": -5,
        "Net Income": -36
    },
    "2013-03-31": {
        "Diluted EPS": -0.39,
        "Total Revenue": 1,
        "Gross Profit": 1,
        "Operating Income": -33,
        "EBIT": -31,
        "Net Income": -37
    },
    "2012-12-31": {
        "Diluted EPS": -0.33,
        "Total Revenue": 6,
        "Gross Profit": 6,
        "Operating Income": -30,
        "EBIT": -28,
        "Net Income": -31
    },
    "2012-09-30": {
        "Diluted EPS": -0.37,
        "Total Revenue": 1,
        "Gross Profit": 1,
        "Operating Income": -33,
        "EBIT": -31,
        "Net Income": -35
    },
    "2012-06-30": {
        "Diluted EPS": -0.42,
        "Total Revenue": 1,
        "Gross Profit": 1,
        "Operating Income": -36,
        "EBIT": -34,
        "Net Income": -37
    },
    "2012-03-31": {
        "Diluted EPS": 0.93,
        "Total Revenue": 127,
        "Gross Profit": 127,
        "Operating Income": 86,
        "EBIT": 88,
        "Net Income": 85
    },
    "2011-12-31": {
        "Diluted EPS": -0.45,
        "Total Revenue": 5,
        "Gross Profit": 5,
        "Operating Income": -36,
        "EBIT": -33,
        "Net Income": -37
    },
    "2011-09-30": {
        "Diluted EPS": -0.37,
        "Total Revenue": 6,
        "Gross Profit": 6,
        "Operating Income": -29,
        "EBIT": -27,
        "Net Income": -31
    },
    "2011-06-30": {
        "Diluted EPS": -0.31,
        "Total Revenue": 6,
        "Gross Profit": 6,
        "Operating Income": -24,
        "EBIT": -22,
        "Net Income": -25
    },
    "2011-03-31": {
        "Diluted EPS": -0.28,
        "Total Revenue": 6,
        "Gross Profit": 6,
        "Operating Income": -21,
        "EBIT": -20,
        "Net Income": -23
    },
    "2010-12-31": {
        "Diluted EPS": -0.24,
        "Total Revenue": 7,
        "Gross Profit": 7,
        "Operating Income": -18,
        "EBIT": -16,
        "Net Income": -19
    },
    "2010-09-30": {
        "Diluted EPS": -0.29,
        "Total Revenue": 5,
        "Gross Profit": 5,
        "Operating Income": -20,
        "EBIT": -18,
        "Net Income": -21
    },
    "2010-06-30": {
        "Diluted EPS": -0.28,
        "Total Revenue": 6,
        "Gross Profit": 6,
        "Operating Income": -19,
        "EBIT": -18,
        "Net Income": -21
    },
    "2010-03-31": {
        "Diluted EPS": -0.35,
        "Total Revenue": 6,
        "Gross Profit": 6,
        "Operating Income": -21,
        "EBIT": -20,
        "Net Income": -23
    },
    "2009-12-31": {
        "Diluted EPS": -0.34,
        "Total Revenue": 4,
        "Gross Profit": 4,
        "Operating Income": -21,
        "EBIT": -19,
        "Net Income": -22
    },
    "2009-09-30": {
        "Diluted EPS": -0.35,
        "Total Revenue": 6,
        "Gross Profit": 6,
        "Operating Income": -21,
        "EBIT": -20,
        "Net Income": -22
    },
    "2009-06-30": {
        "Diluted EPS": -0.35,
        "Total Revenue": 5,
        "Gross Profit": 5,
        "Operating Income": -21,
        "EBIT": -20,
        "Net Income": -22
    },
    "2009-03-31": {
        "Diluted EPS": -0.31,
        "Total Revenue": 10,
        "Gross Profit": 10,
        "Operating Income": -18,
        "EBIT": -17,
        "Net Income": -19
    },
    "2023-09-30": {
        "Tax Effect Of Unusual Items": -119972.077439,
        "Tax Rate For Calcs": 0.045444,
        "Normalized EBITDA": 99499000.0,
        "Total Unusual Items": -2640000.0,
        "Total Unusual Items Excluding Goodwill": -2640000.0,
        "Net Income From Continuing Operation Net Minority Interest": 82046000.0,
        "Reconciled Depreciation": 6511000.0,
        "Reconciled Cost Of Revenue": 10182000.0,
        "EBITDA": 96859000.0,
        "EBIT": 90348000.0,
        "Net Interest Income": -282000.0,
        "Interest Expense": 4396000.0,
        "Interest Income": 4114000.0,
        "Normalized Income": 84566027.922561,
        "Net Income From Continuing And Discontinued Operation": 82046000.0,
        "Total Expenses": 49318000.0,
        "Diluted Average Shares": 86164000.0,
        "Basic Average Shares": 64953000.0,
        "Diluted EPS": 0.98,
        "Basic EPS": 1.26,
        "Diluted NI Availto Com Stockholders": 84825000.0,
        "Average Dilution Earnings": 2779000.0,
        "Net Income Common Stockholders": 82046000.0,
        "Net Income": 82046000.0,
        "Minority Interests": 0.0,
        "Net Income Including Noncontrolling Interests": 82046000.0,
        "Net Income Continuous Operations": 82046000.0,
        "Tax Provision": 3906000.0,
        "Pretax Income": 85952000.0,
        "Other Income Expense": 68293000.0,
        "Other Non Operating Income Expenses": -1047000.0,
        "Special Income Charges": 0.0,
        "Gain On Sale Of Business": 0.0,
        "Other Special Charges": NaN,
        "Earnings From Equity Interest": 71980000.0,
        "Gain On Sale Of Security": -2640000.0,
        "Net Non Operating Interest Income Expense": -282000.0,
        "Interest Expense Non Operating": 4396000.0,
        "Interest Income Non Operating": 4114000.0,
        "Operating Income": 17941000.0,
        "Operating Expense": 39136000.0,
        "Depreciation Amortization Depletion Income Statement": 6511000.0,
        "Depreciation And Amortization In Income Statement": 6511000.0,
        "Amortization": 6511000.0,
        "Amortization Of Intangibles Income Statement": 6511000.0,
        "Research And Development": 3989000.0,
        "Selling General And Administration": 28636000.0,
        "Gross Profit": 57077000.0,
        "Cost Of Revenue": 10182000.0,
        "Total Revenue": 67259000.0,
        "Operating Revenue": 67259000.0
    },
    "2023-12-31": {
        "Tax Effect Of Unusual Items": 3363360.0,
        "Tax Rate For Calcs": 0.21,
        "Normalized EBITDA": 57647000.0,
        "Total Unusual Items": 16016000.0,
        "Total Unusual Items Excluding Goodwill": 16016000.0,
        "Net Income From Continuing Operation Net Minority Interest": 61531000.0,
        "Reconciled Depreciation": 6510000.0,
        "Reconciled Cost Of Revenue": 13130000.0,
        "EBITDA": 73663000.0,
        "EBIT": 67153000.0,
        "Net Interest Income": -1166000.0,
        "Interest Expense": 5952000.0,
        "Interest Income": 4786000.0,
        "Normalized Income": 48878360.0,
        "Net Income From Continuing And Discontinued Operation": 61531000.0,
        "Total Expenses": 48315000.0,
        "Diluted Average Shares": 84995000.0,
        "Basic Average Shares": 63710000.0,
        "Diluted EPS": 0.76,
        "Basic EPS": 0.97,
        "Diluted NI Availto Com Stockholders": 64706000.0,
        "Average Dilution Earnings": 3175000.0,
        "Net Income Common Stockholders": 61531000.0,
        "Net Income": 61531000.0,
        "Minority Interests": 0.0,
        "Net Income Including Noncontrolling Interests": 61531000.0,
        "Net Income Continuous Operations": 61531000.0,
        "Tax Provision": -330000.0,
        "Pretax Income": 61201000.0,
        "Other Income Expense": 24842000.0,
        "Other Non Operating Income Expenses": -680000.0,
        "Special Income Charges": 0.0,
        "Gain On Sale Of Business": 0.0,
        "Other Special Charges": NaN,
        "Earnings From Equity Interest": 9506000.0,
        "Gain On Sale Of Security": 16016000.0,
        "Net Non Operating Interest Income Expense": -1166000.0,
        "Interest Expense Non Operating": 5952000.0,
        "Interest Income Non Operating": 4786000.0,
        "Operating Income": 37525000.0,
        "Operating Expense": 35185000.0,
        "Depreciation Amortization Depletion Income Statement": 6510000.0,
        "Depreciation And Amortization In Income Statement": 6510000.0,
        "Amortization": 6510000.0,
        "Amortization Of Intangibles Income Statement": 6510000.0,
        "Research And Development": 2356000.0,
        "Selling General And Administration": 26319000.0,
        "Gross Profit": 72710000.0,
        "Cost Of Revenue": 13130000.0,
        "Total Revenue": 85840000.0,
        "Operating Revenue": 85840000.0
    },
    "2024-03-31": {
        "Tax Effect Of Unusual Items": -2533650.0,
        "Tax Rate For Calcs": 0.19,
        "Normalized EBITDA": 70750000.0,
        "Total Unusual Items": -13335000.0,
        "Total Unusual Items Excluding Goodwill": -13335000.0,
        "Net Income From Continuing Operation Net Minority Interest": 36532000.0,
        "Reconciled Depreciation": 6440000.0,
        "Reconciled Cost Of Revenue": 10971000.0,
        "EBITDA": 57415000.0,
        "EBIT": 50975000.0,
        "Net Interest Income": -1452000.0,
        "Interest Expense": 5851000.0,
        "Interest Income": 4399000.0,
        "Normalized Income": 47333350.0,
        "Net Income From Continuing And Discontinued Operation": 36532000.0,
        "Total Expenses": 51694000.0,
        "Diluted Average Shares": 84531000.0,
        "Basic Average Shares": 63185000.0,
        "Diluted EPS": 0.46,
        "Basic EPS": 0.58,
        "Diluted NI Availto Com Stockholders": 39054000.0,
        "Average Dilution Earnings": 2522000.0,
        "Net Income Common Stockholders": 36532000.0,
        "Net Income": 36532000.0,
        "Minority Interests": NaN,
        "Net Income Including Noncontrolling Interests": 36532000.0,
        "Net Income Continuous Operations": 36532000.0,
        "Tax Provision": 8592000.0,
        "Pretax Income": 45124000.0,
        "Other Income Expense": 20771000.0,
        "Other Non Operating Income Expenses": -1236000.0,
        "Special Income Charges": NaN,
        "Gain On Sale Of Business": NaN,
        "Other Special Charges": NaN,
        "Earnings From Equity Interest": 35342000.0,
        "Gain On Sale Of Security": -13335000.0,
        "Net Non Operating Interest Income Expense": -1452000.0,
        "Interest Expense Non Operating": 5851000.0,
        "Interest Income Non Operating": 4399000.0,
        "Operating Income": 25805000.0,
        "Operating Expense": 40723000.0,
        "Depreciation Amortization Depletion Income Statement": 6440000.0,
        "Depreciation And Amortization In Income Statement": 6440000.0,
        "Amortization": 6440000.0,
        "Amortization Of Intangibles Income Statement": 6440000.0,
        "Research And Development": 3878000.0,
        "Selling General And Administration": 30405000.0,
        "Gross Profit": 66528000.0,
        "Cost Of Revenue": 10971000.0,
        "Total Revenue": 77499000.0,
        "Operating Revenue": 77499000.0
    },
    "2024-06-30": {
        "Tax Effect Of Unusual Items": -3573773.87408,
        "Tax Rate For Calcs": 0.116958,
        "Normalized EBITDA": 3519000.0,
        "Total Unusual Items": -30556000.0,
        "Total Unusual Items Excluding Goodwill": -30556000.0,
        "Net Income From Continuing Operation Net Minority Interest": -34685000.0,
        "Reconciled Depreciation": 6440000.0,
        "Reconciled Cost Of Revenue": 8472000.0,
        "EBITDA": -27037000.0,
        "EBIT": -33477000.0,
        "Net Interest Income": -2328000.0,
        "Interest Expense": 5802000.0,
        "Interest Income": 3474000.0,
        "Normalized Income": -7702773.87408,
        "Net Income From Continuing And Discontinued Operation": -34685000.0,
        "Total Expenses": 45212000.0,
        "Diluted Average Shares": NaN,
        "Basic Average Shares": NaN,
        "Diluted EPS": NaN,
        "Basic EPS": NaN,
        "Diluted NI Availto Com Stockholders": -34685000.0,
        "Average Dilution Earnings": 0.0,
        "Net Income Common Stockholders": -34685000.0,
        "Net Income": -34685000.0,
        "Minority Interests": NaN,
        "Net Income Including Noncontrolling Interests": -34685000.0,
        "Net Income Continuous Operations": -34685000.0,
        "Tax Provision": -4594000.0,
        "Pretax Income": -39279000.0,
        "Other Income Expense": -91637000.0,
        "Other Non Operating Income Expenses": -973000.0,
        "Special Income Charges": NaN,
        "Gain On Sale Of Business": NaN,
        "Other Special Charges": NaN,
        "Earnings From Equity Interest": -60108000.0,
        "Gain On Sale Of Security": -30556000.0,
        "Net Non Operating Interest Income Expense": -2328000.0,
        "Interest Expense Non Operating": 5802000.0,
        "Interest Income Non Operating": 3474000.0,
        "Operating Income": 54686000.0,
        "Operating Expense": 36740000.0,
        "Depreciation Amortization Depletion Income Statement": 6440000.0,
        "Depreciation And Amortization In Income Statement": 6440000.0,
        "Amortization": 6440000.0,
        "Amortization Of Intangibles Income Statement": 6440000.0,
        "Research And Development": 2560000.0,
        "Selling General And Administration": 27740000.0,
        "Gross Profit": 91426000.0,
        "Cost Of Revenue": 8472000.0,
        "Total Revenue": 99898000.0,
        "Operating Revenue": 99898000.0
    }
}