{
    "2023-03-31": {
        "Tax Effect Of Unusual Items": 3800580.0,
        "Tax Rate For Calcs": 0.21,
        "Normalized EBITDA": -109612000.0,
        "Total Unusual Items": 18098000.0,
        "Total Unusual Items Excluding Goodwill": 18098000.0,
        "Net Income From Continuing Operation Net Minority Interest": -124323000.0,
        "Reconciled Depreciation": 5606000.0,
        "Reconciled Cost Of Revenue": 1343000.0,
        "EBITDA": -91514000.0,
        "EBIT": -97120000.0,
        "Net Interest Income": -17123000.0,
        "Interest Expense": 15823000.0,
        "Normalized Income": -138620420.0,
        "Net Income From Continuing And Discontinued Operation": -124323000.0,
        "Total Expenses": 244672000.0,
        "Total Operating Income As Reported": -114148000.0,
        "Diluted NI Availto Com Stockholders": -124323000.0,
        "Net Income Common Stockholders": -124323000.0,
        "Net Income": -124323000.0,
        "Net Income Including Noncontrolling Interests": -124323000.0,
        "Net Income Continuous Operations": -124323000.0,
        "Tax Provision": 11380000.0,
        "Pretax Income": -112943000.0,
        "Other Income Expense": 18328000.0,
        "Other Non Operating Income Expenses": 230000.0,
        "Special Income Charges": NaN,
        "Restructuring And Mergern Acquisition": NaN,
        "Gain On Sale Of Security": 18098000.0,
        "Net Non Operating Interest Income Expense": -17123000.0,
        "Total Other Finance Cost": 1300000.0,
        "Interest Expense Non Operating": 15823000.0,
        "Operating Income": -114148000.0,
        "Operating Expense": 243329000.0,
        "Research And Development": 197813000.0,
        "Selling General And Administration": 45516000.0,
        "General And Administrative Expense": 45516000.0,
        "Other Gand A": 38216000.0,
        "Salaries And Wages": 7300000.0,
        "Gross Profit": 129181000.0,
        "Cost Of Revenue": 1343000.0,
        "Total Revenue": 130524000.0,
        "Operating Revenue": 130524000.0
    },
    "2022-12-31": {
        "Tax Effect Of Unusual Items": 34601910.0,
        "Tax Rate For Calcs": 0.21,
        "Normalized EBITDA": -201672000.0,
        "Total Unusual Items": 164771000.0,
        "Total Unusual Items Excluding Goodwill": 164771000.0,
        "Net Income From Continuing Operation Net Minority Interest": -52430000.0,
        "Reconciled Depreciation": 7029000.0,
        "Reconciled Cost Of Revenue": 3686000.0,
        "EBITDA": -36901000.0,
        "EBIT": -43930000.0,
        "Net Interest Income": -1700000.0,
        "Interest Expense": 400000.0,
        "Normalized Income": -182599090.0,
        "Net Income From Continuing And Discontinued Operation": -52430000.0,
        "Total Expenses": 359858000.0,
        "Total Operating Income As Reported": -208019000.0,
        "Diluted NI Availto Com Stockholders": -52430000.0,
        "Net Income Common Stockholders": -52430000.0,
        "Net Income": -52430000.0,
        "Net Income Including Noncontrolling Interests": -52430000.0,
        "Net Income Continuous Operations": -52430000.0,
        "Tax Provision": 8100000.0,
        "Pretax Income": -44330000.0,
        "Other Income Expense": 165420000.0,
        "Other Non Operating Income Expenses": 649000.0,
        "Special Income Charges": 0.0,
        "Restructuring And Mergern Acquisition": 0.0,
        "Gain On Sale Of Security": 164771000.0,
        "Net Non Operating Interest Income Expense": -1700000.0,
        "Total Other Finance Cost": 1300000.0,
        "Interest Expense Non Operating": 400000.0,
        "Operating Income": -207969000.0,
        "Operating Expense": 356172000.0,
        "Research And Development": 308272000.0,
        "Selling General And Administration": 47900000.0,
        "General And Administrative Expense": 47900000.0,
        "Other Gand A": 40800000.0,
        "Salaries And Wages": 7100000.0,
        "Gross Profit": 148203000.0,
        "Cost Of Revenue": 3686000.0,
        "Total Revenue": 151889000.0,
        "Operating Revenue": 151889000.0
    },
    "2022-09-30": {
        "Tax Effect Of Unusual Items": 3948400.0,
        "Tax Rate For Calcs": 0.4,
        "Normalized EBITDA": -50685000.0,
        "Total Unusual Items": 9871000.0,
        "Total Unusual Items Excluding Goodwill": 9871000.0,
        "Net Income From Continuing Operation Net Minority Interest": -46992000.0,
        "Reconciled Depreciation": 5095000.0,
        "Reconciled Cost Of Revenue": 1515000.0,
        "EBITDA": -40814000.0,
        "EBIT": -45909000.0,
        "Net Interest Income": -2100000.0,
        "Interest Expense": 800000.0,
        "Normalized Income": -52914600.0,
        "Net Income From Continuing And Discontinued Operation": -46992000.0,
        "Total Expenses": 218905000.0,
        "Total Operating Income As Reported": -59154000.0,
        "Diluted Average Shares": 141950000.0,
        "Basic Average Shares": 141950000.0,
        "Diluted EPS": -0.33,
        "Basic EPS": -0.33,
        "Diluted NI Availto Com Stockholders": -46992000.0,
        "Net Income Common Stockholders": -46992000.0,
        "Net Income": -46992000.0,
        "Net Income Including Noncontrolling Interests": -46992000.0,
        "Net Income Continuous Operations": -46992000.0,
        "Tax Provision": 283000.0,
        "Pretax Income": -46709000.0,
        "Other Income Expense": 14584000.0,
        "Other Non Operating Income Expenses": 4713000.0,
        "Special Income Charges": 0.0,
        "Restructuring And Mergern Acquisition": 0.0,
        "Gain On Sale Of Security": 9871000.0,
        "Net Non Operating Interest Income Expense": -2100000.0,
        "Total Other Finance Cost": 1300000.0,
        "Interest Expense Non Operating": 800000.0,
        "Operating Income": -59138000.0,
        "Operating Expense": 217390000.0,
        "Research And Development": 182990000.0,
        "Selling General And Administration": 34400000.0,
        "General And Administrative Expense": 34400000.0,
        "Other Gand A": 28500000.0,
        "Salaries And Wages": 5900000.0,
        "Gross Profit": 158252000.0,
        "Cost Of Revenue": 1515000.0,
        "Total Revenue": 159767000.0,
        "Operating Revenue": 159767000.0
    },
    "2022-06-30": {
        "Tax Effect Of Unusual Items": -1173600.0,
        "Tax Rate For Calcs": 0.4,
        "Normalized EBITDA": -94055000.0,
        "Total Unusual Items": -2934000.0,
        "Total Unusual Items Excluding Goodwill": -2934000.0,
        "Net Income From Continuing Operation Net Minority Interest": -105135000.0,
        "Reconciled Depreciation": 5086000.0,
        "Reconciled Cost Of Revenue": 4745000.0,
        "EBITDA": -96989000.0,
        "EBIT": -102075000.0,
        "Net Interest Income": -2100000.0,
        "Interest Expense": 800000.0,
        "Normalized Income": -103374600.0,
        "Net Income From Continuing And Discontinued Operation": -105135000.0,
        "Total Expenses": 219303000.0,
        "Total Operating Income As Reported": -85514000.0,
        "Diluted Average Shares": 141794000.0,
        "Basic Average Shares": 141794000.0,
        "Diluted EPS": -0.74,
        "Basic EPS": -0.74,
        "Diluted NI Availto Com Stockholders": -105135000.0,
        "Net Income Common Stockholders": -105135000.0,
        "Net Income": -105135000.0,
        "Net Income Including Noncontrolling Interests": -105135000.0,
        "Net Income Continuous Operations": -105135000.0,
        "Tax Provision": 2260000.0,
        "Pretax Income": -102875000.0,
        "Other Income Expense": -15231000.0,
        "Other Non Operating Income Expenses": -12297000.0,
        "Special Income Charges": 0.0,
        "Restructuring And Mergern Acquisition": 0.0,
        "Gain On Sale Of Security": -2934000.0,
        "Net Non Operating Interest Income Expense": -2100000.0,
        "Total Other Finance Cost": 1300000.0,
        "Interest Expense Non Operating": 800000.0,
        "Operating Income": -85512000.0,
        "Operating Expense": 214558000.0,
        "Research And Development": 180758000.0,
        "Selling General And Administration": 33800000.0,
        "General And Administrative Expense": 33800000.0,
        "Other Gand A": 27900000.0,
        "Salaries And Wages": 5900000.0,
        "Gross Profit": 129046000.0,
        "Cost Of Revenue": 4745000.0,
        "Total Revenue": 133791000.0,
        "Operating Revenue": 133791000.0
    },
    "2022-03-31": {
        "Diluted EPS": -0.46,
        "Total Revenue": 142,
        "Gross Profit": 138,
        "Operating Income": -58,
        "EBIT": -47,
        "Net Income": -65
    },
    "2021-12-31": {
        "Diluted EPS": 1.59,
        "Total Revenue": 440,
        "Gross Profit": 438,
        "Operating Income": 221,
        "EBIT": 231,
        "Net Income": 225
    },
    "2021-09-30": {
        "Diluted EPS": -0.58,
        "Total Revenue": 133,
        "Gross Profit": 130,
        "Operating Income": -86,
        "EBIT": -75,
        "Net Income": -82
    },
    "2021-06-30": {
        "Diluted EPS": -0.57,
        "Total Revenue": 126,
        "Gross Profit": 123,
        "Operating Income": -73,
        "EBIT": -62,
        "Net Income": -81
    },
    "2021-03-31": {
        "Diluted EPS": -0.64,
        "Total Revenue": 112,
        "Gross Profit": 109,
        "Operating Income": -92,
        "EBIT": -82,
        "Net Income": -90
    },
    "2020-12-31": {
        "Diluted EPS": -2.54,
        "Total Revenue": 290,
        "Gross Profit": 287,
        "Operating Income": -23,
        "EBIT": -14,
        "Net Income": -355
    },
    "2020-09-30": {
        "Diluted EPS": -0.18,
        "Total Revenue": 160,
        "Gross Profit": 157,
        "Operating Income": -37,
        "EBIT": -27,
        "Net Income": -24
    },
    "2020-06-30": {
        "Diluted EPS": -0.18,
        "Total Revenue": 146,
        "Gross Profit": 143,
        "Operating Income": -52,
        "EBIT": -44,
        "Net Income": -26
    },
    "2020-03-31": {
        "Diluted EPS": -0.28,
        "Total Revenue": 133,
        "Gross Profit": 131,
        "Operating Income": -61,
        "EBIT": -55,
        "Net Income": -40
    },
    "2019-12-31": {
        "Diluted EPS": 1.11,
        "Total Revenue": 494,
        "Gross Profit": 493,
        "Operating Income": 261,
        "EBIT": 239,
        "Net Income": 168
    },
    "2019-09-30": {
        "Diluted EPS": 0.18,
        "Total Revenue": 168,
        "Gross Profit": 167,
        "Operating Income": 3,
        "EBIT": 14,
        "Net Income": 26
    },
    "2019-06-30": {
        "Diluted EPS": -0.01,
        "Total Revenue": 164,
        "Gross Profit": 162,
        "Operating Income": -19,
        "EBIT": -8,
        "Net Income": -1
    },
    "2019-03-31": {
        "Diluted EPS": 0.62,
        "Total Revenue": 297,
        "Gross Profit": 296,
        "Operating Income": 122,
        "EBIT": 132,
        "Net Income": 84
    },
    "2018-12-31": {
        "Diluted EPS": 2.4,
        "Total Revenue": 192,
        "Gross Profit": 192,
        "Operating Income": 11,
        "EBIT": 22,
        "Net Income": 320
    },
    "2018-09-30": {
        "Diluted EPS": -0.03,
        "Total Revenue": 145,
        "Gross Profit": 145,
        "Operating Income": -19,
        "EBIT": -7,
        "Net Income": -5
    },
    "2018-06-30": {
        "Diluted EPS": -0.29,
        "Total Revenue": 118,
        "Gross Profit": 118,
        "Operating Income": -50,
        "EBIT": -38,
        "Net Income": -40
    },
    "2018-03-31": {
        "Diluted EPS": -0.01,
        "Total Revenue": 144,
        "Gross Profit": 144,
        "Operating Income": -3,
        "EBIT": 9,
        "Net Income": -1
    },
    "2017-12-31": {
        "Diluted EPS": 0.12,
        "Total Revenue": 168,
        "Gross Profit": 168,
        "Operating Income": -6,
        "EBIT": 5,
        "Net Income": -3
    },
    "2017-09-30": {
        "Diluted EPS": -0.02,
        "Total Revenue": 118,
        "Gross Profit": 118,
        "Operating Income": 11,
        "EBIT": 24,
        "Net Income": -3
    },
    "2017-06-30": {
        "Diluted EPS": -0.02,
        "Total Revenue": 112,
        "Gross Profit": 112,
        "Operating Income": 6,
        "EBIT": 21,
        "Net Income": -3
    },
    "2017-03-31": {
        "Diluted EPS": 0.07,
        "Total Revenue": 116,
        "Gross Profit": 116,
        "Operating Income": 19,
        "EBIT": 33,
        "Net Income": 9
    },
    "2016-12-31": {
        "Diluted EPS": 0.43,
        "Total Revenue": 187,
        "Gross Profit": 187,
        "Operating Income": 67,
        "EBIT": 79,
        "Net Income": 52
    },
    "2016-09-30": {
        "Diluted EPS": 0.06,
        "Total Revenue": 111,
        "Gross Profit": 111,
        "Operating Income": 16,
        "EBIT": 28,
        "Net Income": 7
    },
    "2016-06-30": {
        "Diluted EPS": -0.47,
        "Total Revenue": 38,
        "Gross Profit": 38,
        "Operating Income": -49,
        "EBIT": -37,
        "Net Income": -57
    },
    "2016-03-31": {
        "Diluted EPS": -0.52,
        "Total Revenue": 37,
        "Gross Profit": 37,
        "Operating Income": -55,
        "EBIT": -43,
        "Net Income": -63
    },
    "2015-12-31": {
        "Diluted EPS": -0.59,
        "Total Revenue": 52,
        "Gross Profit": 52,
        "Operating Income": -63,
        "EBIT": -50,
        "Net Income": -71
    },
    "2015-09-30": {
        "Diluted EPS": -0.3,
        "Total Revenue": 49,
        "Gross Profit": 49,
        "Operating Income": -48,
        "EBIT": -36,
        "Net Income": -36
    },
    "2015-06-30": {
        "Diluted EPS": 0.29,
        "Total Revenue": 120,
        "Gross Profit": 120,
        "Operating Income": 45,
        "EBIT": 56,
        "Net Income": 36
    },
    "2015-03-31": {
        "Diluted EPS": -0.14,
        "Total Revenue": 63,
        "Gross Profit": 63,
        "Operating Income": -9,
        "EBIT": 2,
        "Net Income": -17
    },
    "2014-12-31": {
        "Diluted EPS": 0.27,
        "Total Revenue": 85,
        "Gross Profit": 85,
        "Operating Income": 10,
        "EBIT": 20,
        "Net Income": 31
    },
    "2014-09-30": {
        "Diluted EPS": -0.23,
        "Total Revenue": 44,
        "Gross Profit": 44,
        "Operating Income": -21,
        "EBIT": -14,
        "Net Income": -27
    },
    "2014-06-30": {
        "Diluted EPS": -0.1,
        "Total Revenue": 57,
        "Gross Profit": 57,
        "Operating Income": -7,
        "EBIT": 2,
        "Net Income": -12
    },
    "2014-03-31": {
        "Diluted EPS": -0.27,
        "Total Revenue": 28,
        "Gross Profit": 28,
        "Operating Income": -30,
        "EBIT": -23,
        "Net Income": -31
    },
    "2013-12-31": {
        "Diluted EPS": -0.23,
        "Total Revenue": 42,
        "Gross Profit": 42,
        "Operating Income": -20,
        "EBIT": -12,
        "Net Income": -24
    },
    "2013-09-30": {
        "Diluted EPS": -0.21,
        "Total Revenue": 24,
        "Gross Profit": 24,
        "Operating Income": -26,
        "EBIT": -18,
        "Net Income": -25
    },
    "2013-06-30": {
        "Diluted EPS": -0.09,
        "Total Revenue": 38,
        "Gross Profit": 38,
        "Operating Income": -8,
        "EBIT": -1,
        "Net Income": -10
    },
    "2013-03-31": {
        "Diluted EPS": -0.02,
        "Total Revenue": 43,
        "Gross Profit": 43,
        "Operating Income": 2,
        "EBIT": 9,
        "Net Income": -2
    },
    "2012-12-31": {
        "Diluted EPS": -0.03,
        "Total Revenue": 20,
        "Gross Profit": 20,
        "Operating Income": -26,
        "EBIT": -26,
        "Net Income": -3
    },
    "2012-09-30": {
        "Diluted EPS": -0.37,
        "Total Revenue": 12,
        "Gross Profit": 12,
        "Operating Income": -28,
        "EBIT": -28,
        "Net Income": -38
    },
    "2012-06-30": {
        "Diluted EPS": -0.01,
        "Total Revenue": 47,
        "Gross Profit": 47,
        "Operating Income": 4,
        "EBIT": 4,
        "Net Income": -1
    },
    "2012-03-31": {
        "Diluted EPS": -0.24,
        "Total Revenue": 23,
        "Gross Profit": 23,
        "Operating Income": -18,
        "EBIT": -18,
        "Net Income": -24
    },
    "2011-12-31": {
        "Diluted EPS": -0.2,
        "Total Revenue": 32,
        "Gross Profit": 32,
        "Operating Income": -19,
        "EBIT": -19,
        "Net Income": -20
    },
    "2011-09-30": {
        "Diluted EPS": -0.27,
        "Total Revenue": 21,
        "Gross Profit": 21,
        "Operating Income": -22,
        "EBIT": -22,
        "Net Income": -27
    },
    "2011-06-30": {
        "Diluted EPS": -0.18,
        "Total Revenue": 25,
        "Gross Profit": 25,
        "Operating Income": -14,
        "EBIT": -14,
        "Net Income": -18
    },
    "2011-03-31": {
        "Diluted EPS": -0.2,
        "Total Revenue": 21,
        "Gross Profit": 21,
        "Operating Income": -16,
        "EBIT": -16,
        "Net Income": -20
    },
    "2010-12-31": {
        "Diluted EPS": -0.14,
        "Total Revenue": 26,
        "Gross Profit": 26,
        "Operating Income": -16,
        "EBIT": -16,
        "Net Income": -14
    },
    "2010-09-30": {
        "Diluted EPS": -0.13,
        "Total Revenue": 29,
        "Gross Profit": 29,
        "Operating Income": -9,
        "EBIT": -9,
        "Net Income": -12
    },
    "2010-06-30": {
        "Diluted EPS": -0.25,
        "Total Revenue": 24,
        "Gross Profit": 24,
        "Operating Income": -19,
        "EBIT": -19,
        "Net Income": -25
    },
    "2010-03-31": {
        "Diluted EPS": -0.1,
        "Total Revenue": 30,
        "Gross Profit": 30,
        "Operating Income": -5,
        "EBIT": -5,
        "Net Income": -10
    },
    "2009-12-31": {
        "Diluted EPS": -0.18,
        "Total Revenue": 32,
        "Gross Profit": 32,
        "Operating Income": -12,
        "EBIT": -12,
        "Net Income": -17
    },
    "2009-09-30": {
        "Diluted EPS": -0.12,
        "Total Revenue": 27,
        "Gross Profit": 27,
        "Operating Income": -10,
        "EBIT": -10,
        "Net Income": -12
    },
    "2009-06-30": {
        "Diluted EPS": -0.03,
        "Total Revenue": 31,
        "Gross Profit": 31,
        "Operating Income": -5,
        "EBIT": -5,
        "Net Income": -3
    },
    "2009-03-31": {
        "Diluted EPS": 1.91,
        "Total Revenue": 32,
        "Gross Profit": 32,
        "Operating Income": -1,
        "EBIT": -1,
        "Net Income": 186
    },
    "2023-06-30": {
        "Tax Effect Of Unusual Items": 4517100.0,
        "Tax Rate For Calcs": 0.21,
        "Normalized EBITDA": -74714000.0,
        "Total Unusual Items": 21510000.0,
        "Total Unusual Items Excluding Goodwill": 21510000.0,
        "Net Income From Continuing Operation Net Minority Interest": -85290000.0,
        "Reconciled Depreciation": 5689000.0,
        "Reconciled Cost Of Revenue": 2537000.0,
        "EBITDA": -53204000.0,
        "EBIT": -58893000.0,
        "Net Interest Income": -19955000.0,
        "Interest Expense": 18555000.0,
        "Normalized Income": -102282900.0,
        "Net Income From Continuing And Discontinued Operation": -85290000.0,
        "Total Expenses": 278564000.0,
        "Total Operating Income As Reported": -90195000.0,
        "Diluted NI Availto Com Stockholders": -85290000.0,
        "Net Income Common Stockholders": -85290000.0,
        "Net Income": -85290000.0,
        "Net Income Including Noncontrolling Interests": -85290000.0,
        "Net Income Continuous Operations": -85290000.0,
        "Tax Provision": 7842000.0,
        "Pretax Income": -77448000.0,
        "Other Income Expense": 32693000.0,
        "Other Non Operating Income Expenses": 11183000.0,
        "Special Income Charges": NaN,
        "Restructuring And Mergern Acquisition": NaN,
        "Gain On Sale Of Security": 21510000.0,
        "Net Non Operating Interest Income Expense": -19955000.0,
        "Total Other Finance Cost": 1400000.0,
        "Interest Expense Non Operating": 18555000.0,
        "Operating Income": -90153000.0,
        "Operating Expense": 276027000.0,
        "Research And Development": 229927000.0,
        "Selling General And Administration": 46100000.0,
        "General And Administrative Expense": 46100000.0,
        "Other Gand A": 38900000.0,
        "Salaries And Wages": 7200000.0,
        "Gross Profit": 185874000.0,
        "Cost Of Revenue": 2537000.0,
        "Total Revenue": 188411000.0,
        "Operating Revenue": 188411000.0
    },
    "2023-09-30": {
        "Tax Effect Of Unusual Items": 4618320.0,
        "Tax Rate For Calcs": 0.21,
        "Normalized EBITDA": -136830000.0,
        "Total Unusual Items": 21992000.0,
        "Total Unusual Items Excluding Goodwill": 21992000.0,
        "Net Income From Continuing Operation Net Minority Interest": -147410000.0,
        "Reconciled Depreciation": 5591000.0,
        "Reconciled Cost Of Revenue": 2191000.0,
        "EBITDA": -114838000.0,
        "EBIT": -120429000.0,
        "Net Interest Income": -21979000.0,
        "Interest Expense": 20379000.0,
        "Normalized Income": -164783680.0,
        "Net Income From Continuing And Discontinued Operation": -147410000.0,
        "Total Expenses": 287521000.0,
        "Total Operating Income As Reported": -143265000.0,
        "Diluted NI Availto Com Stockholders": -147410000.0,
        "Net Income Common Stockholders": -147410000.0,
        "Net Income": -147410000.0,
        "Net Income Including Noncontrolling Interests": -147410000.0,
        "Net Income Continuous Operations": -147410000.0,
        "Tax Provision": 6602000.0,
        "Pretax Income": -140808000.0,
        "Other Income Expense": 24439000.0,
        "Other Non Operating Income Expenses": 2447000.0,
        "Special Income Charges": NaN,
        "Restructuring And Mergern Acquisition": NaN,
        "Gain On Sale Of Security": 21992000.0,
        "Net Non Operating Interest Income Expense": -21979000.0,
        "Total Other Finance Cost": 1600000.0,
        "Interest Expense Non Operating": 20379000.0,
        "Operating Income": -143314000.0,
        "Operating Expense": 285330000.0,
        "Research And Development": 215330000.0,
        "Selling General And Administration": 70000000.0,
        "General And Administrative Expense": 70000000.0,
        "Other Gand A": 62900000.0,
        "Salaries And Wages": 7100000.0,
        "Gross Profit": 142016000.0,
        "Cost Of Revenue": 2191000.0,
        "Total Revenue": 144207000.0,
        "Operating Revenue": 144207000.0
    }
}