{
    "2023-03-31": {
        "Tax Effect Of Unusual Items": NaN,
        "Tax Rate For Calcs": NaN,
        "Normalized EBITDA": NaN,
        "Total Unusual Items": NaN,
        "Total Unusual Items Excluding Goodwill": NaN,
        "Net Income From Continuing Operation Net Minority Interest": NaN,
        "Reconciled Depreciation": NaN,
        "Reconciled Cost Of Revenue": NaN,
        "EBITDA": NaN,
        "EBIT": NaN,
        "Net Interest Income": NaN,
        "Interest Expense": NaN,
        "Normalized Income": NaN,
        "Net Income From Continuing And Discontinued Operation": NaN,
        "Total Expenses": NaN,
        "Total Operating Income As Reported": NaN,
        "Diluted Average Shares": 24962000.0,
        "Basic Average Shares": 24801000.0,
        "Diluted EPS": 1.33,
        "Basic EPS": 1.34,
        "Diluted NI Availto Com Stockholders": NaN,
        "Net Income Common Stockholders": NaN,
        "Net Income": NaN,
        "Net Income Including Noncontrolling Interests": NaN,
        "Net Income Continuous Operations": NaN,
        "Tax Provision": NaN,
        "Pretax Income": NaN,
        "Other Income Expense": NaN,
        "Other Non Operating Income Expenses": 1700000.0,
        "Special Income Charges": 0.0,
        "Gain On Sale Of Ppe": 0.0,
        "Restructuring And Mergern Acquisition": 0.0,
        "Gain On Sale Of Security": NaN,
        "Net Non Operating Interest Income Expense": NaN,
        "Total Other Finance Cost": NaN,
        "Interest Expense Non Operating": NaN,
        "Operating Income": NaN,
        "Operating Expense": NaN,
        "Research And Development": NaN,
        "Selling General And Administration": NaN,
        "General And Administrative Expense": 94500000.0,
        "Other Gand A": 96200000.0,
        "Salaries And Wages": -1700000.0,
        "Gross Profit": NaN,
        "Cost Of Revenue": NaN,
        "Total Revenue": NaN,
        "Operating Revenue": NaN
    },
    "2022-12-31": {
        "Tax Effect Of Unusual Items": NaN,
        "Tax Rate For Calcs": NaN,
        "Normalized EBITDA": NaN,
        "Total Unusual Items": NaN,
        "Total Unusual Items Excluding Goodwill": NaN,
        "Net Income From Continuing Operation Net Minority Interest": NaN,
        "Reconciled Depreciation": NaN,
        "Reconciled Cost Of Revenue": NaN,
        "EBITDA": NaN,
        "EBIT": NaN,
        "Net Interest Income": NaN,
        "Interest Expense": 0.0,
        "Normalized Income": NaN,
        "Net Income From Continuing And Discontinued Operation": NaN,
        "Total Expenses": NaN,
        "Total Operating Income As Reported": NaN,
        "Diluted Average Shares": NaN,
        "Basic Average Shares": NaN,
        "Diluted EPS": NaN,
        "Basic EPS": NaN,
        "Diluted NI Availto Com Stockholders": NaN,
        "Net Income Common Stockholders": NaN,
        "Net Income": NaN,
        "Net Income Including Noncontrolling Interests": NaN,
        "Net Income Continuous Operations": NaN,
        "Tax Provision": NaN,
        "Pretax Income": NaN,
        "Other Income Expense": NaN,
        "Other Non Operating Income Expenses": 1100000.0,
        "Special Income Charges": NaN,
        "Gain On Sale Of Ppe": NaN,
        "Restructuring And Mergern Acquisition": NaN,
        "Gain On Sale Of Security": NaN,
        "Net Non Operating Interest Income Expense": NaN,
        "Total Other Finance Cost": NaN,
        "Interest Expense Non Operating": 0.0,
        "Operating Income": NaN,
        "Operating Expense": NaN,
        "Research And Development": NaN,
        "Selling General And Administration": NaN,
        "General And Administrative Expense": NaN,
        "Other Gand A": NaN,
        "Salaries And Wages": NaN,
        "Gross Profit": NaN,
        "Cost Of Revenue": NaN,
        "Total Revenue": NaN,
        "Operating Revenue": NaN
    },
    "2022-09-30": {
        "Tax Effect Of Unusual Items": NaN,
        "Tax Rate For Calcs": NaN,
        "Normalized EBITDA": NaN,
        "Total Unusual Items": NaN,
        "Total Unusual Items Excluding Goodwill": NaN,
        "Net Income From Continuing Operation Net Minority Interest": NaN,
        "Reconciled Depreciation": NaN,
        "Reconciled Cost Of Revenue": NaN,
        "EBITDA": NaN,
        "EBIT": NaN,
        "Net Interest Income": NaN,
        "Interest Expense": 300000.0,
        "Normalized Income": NaN,
        "Net Income From Continuing And Discontinued Operation": NaN,
        "Total Expenses": NaN,
        "Total Operating Income As Reported": NaN,
        "Diluted Average Shares": NaN,
        "Basic Average Shares": NaN,
        "Diluted EPS": NaN,
        "Basic EPS": NaN,
        "Diluted NI Availto Com Stockholders": NaN,
        "Net Income Common Stockholders": NaN,
        "Net Income": NaN,
        "Net Income Including Noncontrolling Interests": NaN,
        "Net Income Continuous Operations": NaN,
        "Tax Provision": NaN,
        "Pretax Income": NaN,
        "Other Income Expense": NaN,
        "Other Non Operating Income Expenses": NaN,
        "Special Income Charges": NaN,
        "Gain On Sale Of Ppe": NaN,
        "Restructuring And Mergern Acquisition": NaN,
        "Gain On Sale Of Security": NaN,
        "Net Non Operating Interest Income Expense": NaN,
        "Total Other Finance Cost": 300000.0,
        "Interest Expense Non Operating": 300000.0,
        "Operating Income": NaN,
        "Operating Expense": NaN,
        "Research And Development": NaN,
        "Selling General And Administration": NaN,
        "General And Administrative Expense": NaN,
        "Other Gand A": NaN,
        "Salaries And Wages": NaN,
        "Gross Profit": NaN,
        "Cost Of Revenue": NaN,
        "Total Revenue": NaN,
        "Operating Revenue": NaN
    },
    "2022-06-30": {
        "Tax Effect Of Unusual Items": 0.0,
        "Tax Rate For Calcs": 0.236,
        "Normalized EBITDA": 42700000.0,
        "Total Unusual Items": -4800000.0,
        "Total Unusual Items Excluding Goodwill": -4800000.0,
        "Net Income From Continuing Operation Net Minority Interest": 32300000.0,
        "Reconciled Depreciation": 10300000.0,
        "Reconciled Cost Of Revenue": 327800000.0,
        "EBITDA": 42700000.0,
        "EBIT": 42700000.0,
        "Net Interest Income": -400000.0,
        "Interest Expense": 400000.0,
        "Interest Income": NaN,
        "Normalized Income": 32300000.0,
        "Net Income From Continuing And Discontinued Operation": 32300000.0,
        "Total Expenses": 421300000.0,
        "Total Operating Income As Reported": 46300000.0,
        "Diluted Average Shares": 24971000.0,
        "Basic Average Shares": 24805000.0,
        "Diluted EPS": 1.29,
        "Basic EPS": 1.3,
        "Diluted NI Availto Com Stockholders": 32300000.0,
        "Net Income Common Stockholders": 32300000.0,
        "Net Income": 32300000.0,
        "Net Income Including Noncontrolling Interests": 32300000.0,
        "Net Income Continuous Operations": 32300000.0,
        "Tax Provision": 10000000.0,
        "Pretax Income": 42300000.0,
        "Other Income Expense": -3600000.0,
        "Other Non Operating Income Expenses": -3600000.0,
        "Special Income Charges": 0.0,
        "Gain On Sale Of Ppe": 0.0,
        "Gain On Sale Of Security": -4800000.0,
        "Net Non Operating Interest Income Expense": -400000.0,
        "Total Other Finance Cost": NaN,
        "Interest Expense Non Operating": 400000.0,
        "Interest Income Non Operating": NaN,
        "Operating Income": 46300000.0,
        "Operating Expense": 93500000.0,
        "Research And Development": 10100000.0,
        "Selling General And Administration": 83400000.0,
        "Gross Profit": 139800000.0,
        "Cost Of Revenue": 327800000.0,
        "Total Revenue": 467600000.0,
        "Operating Revenue": 467600000.0
    },
    "2022-03-31": {
        "Diluted EPS": 1.46,
        "Total Revenue": 472,
        "Gross Profit": 139,
        "Operating Income": 44,
        "EBIT": 55,
        "Net Income": 37
    },
    "2021-12-31": {
        "Diluted EPS": 0.97,
        "Total Revenue": 413,
        "Gross Profit": 113,
        "Operating Income": 36,
        "EBIT": 47,
        "Net Income": 24
    },
    "2021-09-30": {
        "Diluted EPS": 0.94,
        "Total Revenue": 376,
        "Gross Profit": 113,
        "Operating Income": 31,
        "EBIT": 42,
        "Net Income": 23
    },
    "2021-06-30": {
        "Diluted EPS": 0.9,
        "Total Revenue": 355,
        "Gross Profit": 108,
        "Operating Income": 37,
        "EBIT": 47,
        "Net Income": 22
    },
    "2021-03-31": {
        "Diluted EPS": 0.94,
        "Total Revenue": 340,
        "Gross Profit": 101,
        "Operating Income": 28,
        "EBIT": 39,
        "Net Income": 23
    },
    "2020-12-31": {
        "Diluted EPS": 0.93,
        "Total Revenue": 311,
        "Gross Profit": 91,
        "Operating Income": 29,
        "EBIT": 40,
        "Net Income": 23
    },
    "2020-09-30": {
        "Diluted EPS": 0.51,
        "Total Revenue": 265,
        "Gross Profit": 79,
        "Operating Income": 17,
        "EBIT": 28,
        "Net Income": 13
    },
    "2020-06-30": {
        "Diluted EPS": -1.62,
        "Total Revenue": 245,
        "Gross Profit": 59,
        "Operating Income": -53,
        "EBIT": -21,
        "Net Income": -40
    },
    "2020-03-31": {
        "Diluted EPS": 1.34,
        "Total Revenue": 372,
        "Gross Profit": 114,
        "Operating Income": 41,
        "EBIT": 53,
        "Net Income": 33
    },
    "2019-12-31": {
        "Diluted EPS": 1.25,
        "Total Revenue": 391,
        "Gross Profit": 118,
        "Operating Income": 44,
        "EBIT": 55,
        "Net Income": 31
    },
    "2019-09-30": {
        "Diluted EPS": 1.22,
        "Total Revenue": 372,
        "Gross Profit": 119,
        "Operating Income": 38,
        "EBIT": 51,
        "Net Income": 30
    },
    "2019-06-30": {
        "Diluted EPS": 0.9,
        "Total Revenue": 362,
        "Gross Profit": 111,
        "Operating Income": 32,
        "EBIT": 44,
        "Net Income": 22
    },
    "2019-03-31": {
        "Diluted EPS": 1.17,
        "Total Revenue": 388,
        "Gross Profit": 118,
        "Operating Income": 36,
        "EBIT": 48,
        "Net Income": 29
    },
    "2018-12-31": {
        "Diluted EPS": 0.82,
        "Total Revenue": 395,
        "Gross Profit": 117,
        "Operating Income": 43,
        "EBIT": 55,
        "Net Income": 20
    },
    "2018-09-30": {
        "Diluted EPS": 0.84,
        "Total Revenue": 363,
        "Gross Profit": 111,
        "Operating Income": 33,
        "EBIT": 46,
        "Net Income": 21
    },
    "2018-06-30": {
        "Diluted EPS": 0.89,
        "Total Revenue": 358,
        "Gross Profit": 103,
        "Operating Income": 28,
        "EBIT": 41,
        "Net Income": 22
    },
    "2018-03-31": {
        "Diluted EPS": 0.9,
        "Total Revenue": 361,
        "Gross Profit": 105,
        "Operating Income": 29,
        "EBIT": 42,
        "Net Income": 22
    },
    "2017-12-31": {
        "Diluted EPS": -0.19,
        "Total Revenue": 354,
        "Gross Profit": 109,
        "Operating Income": 37,
        "EBIT": 50,
        "Net Income": -5
    },
    "2017-09-30": {
        "Diluted EPS": 0.95,
        "Total Revenue": 332,
        "Gross Profit": 99,
        "Operating Income": 29,
        "EBIT": 42,
        "Net Income": 23
    },
    "2017-06-30": {
        "Diluted EPS": 1.06,
        "Total Revenue": 326,
        "Gross Profit": 105,
        "Operating Income": 34,
        "EBIT": 46,
        "Net Income": 26
    },
    "2017-03-31": {
        "Diluted EPS": 0.7,
        "Total Revenue": 294,
        "Gross Profit": 91,
        "Operating Income": 25,
        "EBIT": 38,
        "Net Income": 17
    },
    "2016-12-31": {
        "Diluted EPS": 0.91,
        "Total Revenue": 238,
        "Gross Profit": 91,
        "Operating Income": 25,
        "EBIT": 35,
        "Net Income": 22
    },
    "2016-09-30": {
        "Diluted EPS": 0.47,
        "Total Revenue": 206,
        "Gross Profit": 79,
        "Operating Income": 19,
        "EBIT": 29,
        "Net Income": 11
    },
    "2016-06-30": {
        "Diluted EPS": 1.18,
        "Total Revenue": 228,
        "Gross Profit": 86,
        "Operating Income": 29,
        "EBIT": 38,
        "Net Income": 29
    },
    "2016-03-31": {
        "Diluted EPS": 0.77,
        "Total Revenue": 212,
        "Gross Profit": 76,
        "Operating Income": 26,
        "EBIT": 35,
        "Net Income": 19
    },
    "2015-12-31": {
        "Diluted EPS": 1.29,
        "Total Revenue": 246,
        "Gross Profit": 86,
        "Operating Income": 34,
        "EBIT": 44,
        "Net Income": 32
    },
    "2015-09-30": {
        "Diluted EPS": 1.45,
        "Total Revenue": 254,
        "Gross Profit": 90,
        "Operating Income": 41,
        "EBIT": 50,
        "Net Income": 36
    },
    "2015-06-30": {
        "Diluted EPS": 1.4,
        "Total Revenue": 243,
        "Gross Profit": 88,
        "Operating Income": 57,
        "EBIT": 66,
        "Net Income": 35
    },
    "2015-03-31": {
        "Diluted EPS": 0.72,
        "Total Revenue": 269,
        "Gross Profit": 82,
        "Operating Income": 23,
        "EBIT": 32,
        "Net Income": 18
    },
    "2014-12-31": {
        "Diluted EPS": 1.11,
        "Total Revenue": 291,
        "Gross Profit": 94,
        "Operating Income": 44,
        "EBIT": 52,
        "Net Income": 28
    },
    "2014-09-30": {
        "Diluted EPS": 0.83,
        "Total Revenue": 228,
        "Gross Profit": 74,
        "Operating Income": 25,
        "EBIT": 32,
        "Net Income": 21
    },
    "2014-06-30": {
        "Diluted EPS": 0.75,
        "Total Revenue": 221,
        "Gross Profit": 69,
        "Operating Income": 25,
        "EBIT": 33,
        "Net Income": 19
    },
    "2014-03-31": {
        "Diluted EPS": 0.69,
        "Total Revenue": 221,
        "Gross Profit": 66,
        "Operating Income": 18,
        "EBIT": 25,
        "Net Income": 17
    },
    "2013-12-31": {
        "Diluted EPS": 1.18,
        "Total Revenue": 242,
        "Gross Profit": 75,
        "Operating Income": 27,
        "EBIT": 34,
        "Net Income": 29
    },
    "2013-09-30": {
        "Diluted EPS": 0.58,
        "Total Revenue": 193,
        "Gross Profit": 57,
        "Operating Income": 20,
        "EBIT": 24,
        "Net Income": 14
    },
    "2013-06-30": {
        "Diluted EPS": 0.71,
        "Total Revenue": 185,
        "Gross Profit": 59,
        "Operating Income": 22,
        "EBIT": 27,
        "Net Income": 17
    },
    "2013-03-31": {
        "Diluted EPS": 0.75,
        "Total Revenue": 199,
        "Gross Profit": 64,
        "Operating Income": 22,
        "EBIT": 27,
        "Net Income": 18
    },
    "2012-12-31": {
        "Diluted EPS": 0.48,
        "Total Revenue": 214,
        "Gross Profit": 65,
        "Operating Income": 24,
        "EBIT": 27,
        "Net Income": 11
    },
    "2012-09-30": {
        "Diluted EPS": 0.65,
        "Total Revenue": 183,
        "Gross Profit": 51,
        "Operating Income": 17,
        "EBIT": 20,
        "Net Income": 16
    },
    "2012-06-30": {
        "Diluted EPS": 0.65,
        "Total Revenue": 179,
        "Gross Profit": 57,
        "Operating Income": 24,
        "EBIT": 27,
        "Net Income": 16
    },
    "2012-03-31": {
        "Diluted EPS": 1.03,
        "Total Revenue": 201,
        "Gross Profit": 64,
        "Operating Income": 31,
        "EBIT": 34,
        "Net Income": 25
    },
    "2011-12-31": {
        "Diluted EPS": 0.75,
        "Total Revenue": 201,
        "Gross Profit": 58,
        "Operating Income": 21,
        "EBIT": 24,
        "Net Income": 18
    },
    "2011-09-30": {
        "Diluted EPS": -0.71,
        "Total Revenue": 202,
        "Gross Profit": 58,
        "Operating Income": -20,
        "EBIT": -17,
        "Net Income": -17
    },
    "2011-06-30": {
        "Diluted EPS": 1.0,
        "Total Revenue": 187,
        "Gross Profit": 58,
        "Operating Income": 22,
        "EBIT": 26,
        "Net Income": 25
    },
    "2011-03-31": {
        "Diluted EPS": 0.88,
        "Total Revenue": 185,
        "Gross Profit": 53,
        "Operating Income": 24,
        "EBIT": 28,
        "Net Income": 22
    },
    "2010-12-31": {
        "Diluted EPS": 0.99,
        "Total Revenue": 177,
        "Gross Profit": 53,
        "Operating Income": 15,
        "EBIT": 19,
        "Net Income": 24
    },
    "2010-09-30": {
        "Diluted EPS": 1.2,
        "Total Revenue": 174,
        "Gross Profit": 55,
        "Operating Income": 21,
        "EBIT": 25,
        "Net Income": 30
    },
    "2010-06-30": {
        "Diluted EPS": 0.48,
        "Total Revenue": 168,
        "Gross Profit": 54,
        "Operating Income": 25,
        "EBIT": 29,
        "Net Income": 12
    },
    "2010-03-31": {
        "Diluted EPS": 0.3,
        "Total Revenue": 164,
        "Gross Profit": 52,
        "Operating Income": 11,
        "EBIT": 15,
        "Net Income": 7
    },
    "2009-12-31": {
        "Diluted EPS": -0.01,
        "Total Revenue": 164,
        "Gross Profit": 48,
        "Operating Income": -2,
        "EBIT": 3,
        "Net Income": 0
    },
    "2009-09-30": {
        "Diluted EPS": -0.11,
        "Total Revenue": 149,
        "Gross Profit": 47,
        "Operating Income": -2,
        "EBIT": 3,
        "Net Income": -3
    },
    "2009-06-30": {
        "Diluted EPS": 0.12,
        "Total Revenue": 137,
        "Gross Profit": 41,
        "Operating Income": 6,
        "EBIT": 11,
        "Net Income": 3
    },
    "2009-03-31": {
        "Diluted EPS": 0.26,
        "Total Revenue": 148,
        "Gross Profit": 50,
        "Operating Income": 18,
        "EBIT": 23,
        "Net Income": 6
    },
    "2023-06-30": {
        "Tax Effect Of Unusual Items": 210000.0,
        "Tax Rate For Calcs": 0.21,
        "Normalized EBITDA": 44800000.0,
        "Total Unusual Items": 1000000.0,
        "Total Unusual Items Excluding Goodwill": 1000000.0,
        "Net Income From Continuing Operation Net Minority Interest": 28900000.0,
        "Reconciled Depreciation": 9900000.0,
        "Reconciled Cost Of Revenue": 330000000.0,
        "EBITDA": 45800000.0,
        "EBIT": 35900000.0,
        "Net Interest Income": -300000.0,
        "Interest Expense": 300000.0,
        "Normalized Income": 28110000.0,
        "Net Income From Continuing And Discontinued Operation": 28900000.0,
        "Total Expenses": 444500000.0,
        "Total Operating Income As Reported": 34200000.0,
        "Diluted Average Shares": 24980000.0,
        "Basic Average Shares": 24868000.0,
        "Diluted EPS": 1.16,
        "Basic EPS": 1.16,
        "Diluted NI Availto Com Stockholders": 28900000.0,
        "Net Income Common Stockholders": 28900000.0,
        "Net Income": 28900000.0,
        "Net Income Including Noncontrolling Interests": 28900000.0,
        "Net Income Continuous Operations": 28900000.0,
        "Tax Provision": 7700000.0,
        "Pretax Income": 36600000.0,
        "Other Income Expense": 1000000.0,
        "Other Non Operating Income Expenses": 1700000.0,
        "Special Income Charges": 0.0,
        "Gain On Sale Of Ppe": 0.0,
        "Restructuring And Mergern Acquisition": 0.0,
        "Gain On Sale Of Security": 1000000.0,
        "Net Non Operating Interest Income Expense": -300000.0,
        "Total Other Finance Cost": 300000.0,
        "Interest Expense Non Operating": 300000.0,
        "Operating Income": 35900000.0,
        "Operating Expense": 114500000.0,
        "Research And Development": 10600000.0,
        "Selling General And Administration": 103900000.0,
        "General And Administrative Expense": 103900000.0,
        "Other Gand A": 105600000.0,
        "Salaries And Wages": -1700000.0,
        "Gross Profit": 150400000.0,
        "Cost Of Revenue": 330000000.0,
        "Total Revenue": 480400000.0,
        "Operating Revenue": 480400000.0
    },
    "2023-09-30": {
        "Tax Effect Of Unusual Items": 525000.0,
        "Tax Rate For Calcs": 0.175,
        "Normalized EBITDA": 48800000.0,
        "Total Unusual Items": 3000000.0,
        "Total Unusual Items Excluding Goodwill": 3000000.0,
        "Net Income From Continuing Operation Net Minority Interest": 39200000.0,
        "Reconciled Depreciation": 9900000.0,
        "Reconciled Cost Of Revenue": 326900000.0,
        "EBITDA": 51800000.0,
        "EBIT": 41900000.0,
        "Net Interest Income": 800000.0,
        "Interest Expense": NaN,
        "Normalized Income": 36725000.0,
        "Net Income From Continuing And Discontinued Operation": 39200000.0,
        "Total Expenses": 422200000.0,
        "Total Operating Income As Reported": 41900000.0,
        "Diluted Average Shares": 25006000.0,
        "Basic Average Shares": 24866000.0,
        "Diluted EPS": 1.57,
        "Basic EPS": 1.58,
        "Diluted NI Availto Com Stockholders": 39200000.0,
        "Net Income Common Stockholders": 39200000.0,
        "Net Income": 39200000.0,
        "Net Income Including Noncontrolling Interests": 39200000.0,
        "Net Income Continuous Operations": 39200000.0,
        "Tax Provision": 8300000.0,
        "Pretax Income": 47500000.0,
        "Other Income Expense": 4800000.0,
        "Other Non Operating Income Expenses": 1800000.0,
        "Special Income Charges": NaN,
        "Gain On Sale Of Ppe": NaN,
        "Restructuring And Mergern Acquisition": NaN,
        "Gain On Sale Of Security": 3000000.0,
        "Net Non Operating Interest Income Expense": 800000.0,
        "Total Other Finance Cost": -800000.0,
        "Interest Expense Non Operating": NaN,
        "Operating Income": 41900000.0,
        "Operating Expense": 95300000.0,
        "Research And Development": 11600000.0,
        "Selling General And Administration": 83700000.0,
        "General And Administrative Expense": NaN,
        "Other Gand A": NaN,
        "Salaries And Wages": NaN,
        "Gross Profit": 137200000.0,
        "Cost Of Revenue": 326900000.0,
        "Total Revenue": 464100000.0,
        "Operating Revenue": 464100000.0
    },
    "2023-12-31": {
        "Tax Effect Of Unusual Items": -397350.993377,
        "Tax Rate For Calcs": 0.165563,
        "Normalized EBITDA": 57100000.0,
        "Total Unusual Items": -2400000.0,
        "Total Unusual Items Excluding Goodwill": -2400000.0,
        "Net Income From Continuing Operation Net Minority Interest": 37800000.0,
        "Reconciled Depreciation": 10200000.0,
        "Reconciled Cost Of Revenue": 339000000.0,
        "EBITDA": 54700000.0,
        "EBIT": 44500000.0,
        "Net Interest Income": 1500000.0,
        "Interest Expense": NaN,
        "Normalized Income": 39802649.006623,
        "Net Income From Continuing And Discontinued Operation": 37800000.0,
        "Total Expenses": 450200000.0,
        "Total Operating Income As Reported": 44500000.0,
        "Diluted Average Shares": NaN,
        "Basic Average Shares": NaN,
        "Diluted EPS": NaN,
        "Basic EPS": NaN,
        "Diluted NI Availto Com Stockholders": 37800000.0,
        "Net Income Common Stockholders": 37800000.0,
        "Net Income": 37800000.0,
        "Net Income Including Noncontrolling Interests": 37800000.0,
        "Net Income Continuous Operations": 37800000.0,
        "Tax Provision": 7500000.0,
        "Pretax Income": 45300000.0,
        "Other Income Expense": -700000.0,
        "Other Non Operating Income Expenses": 1700000.0,
        "Special Income Charges": NaN,
        "Gain On Sale Of Ppe": NaN,
        "Restructuring And Mergern Acquisition": NaN,
        "Gain On Sale Of Security": -2400000.0,
        "Net Non Operating Interest Income Expense": 1500000.0,
        "Total Other Finance Cost": -1500000.0,
        "Interest Expense Non Operating": NaN,
        "Operating Income": 44500000.0,
        "Operating Expense": 111200000.0,
        "Research And Development": 8900000.0,
        "Selling General And Administration": 102300000.0,
        "General And Administrative Expense": NaN,
        "Other Gand A": NaN,
        "Salaries And Wages": NaN,
        "Gross Profit": 155700000.0,
        "Cost Of Revenue": 339000000.0,
        "Total Revenue": 494700000.0,
        "Operating Revenue": 494700000.0
    },
    "2024-03-31": {
        "Tax Effect Of Unusual Items": 75300.0,
        "Tax Rate For Calcs": 0.251,
        "Normalized EBITDA": 63000000.0,
        "Total Unusual Items": 300000.0,
        "Total Unusual Items Excluding Goodwill": 300000.0,
        "Net Income From Continuing Operation Net Minority Interest": 41400000.0,
        "Reconciled Depreciation": 10400000.0,
        "Reconciled Cost Of Revenue": 344500000.0,
        "EBITDA": 63300000.0,
        "EBIT": 52900000.0,
        "Net Interest Income": 2100000.0,
        "Interest Expense": NaN,
        "Normalized Income": 41175300.0,
        "Net Income From Continuing And Discontinued Operation": 41400000.0,
        "Total Expenses": 447300000.0,
        "Total Operating Income As Reported": 50500000.0,
        "Diluted Average Shares": 25066000.0,
        "Basic Average Shares": 24893000.0,
        "Diluted EPS": 1.65,
        "Basic EPS": 1.66,
        "Diluted NI Availto Com Stockholders": 41400000.0,
        "Net Income Common Stockholders": 41400000.0,
        "Net Income": 41400000.0,
        "Net Income Including Noncontrolling Interests": 41400000.0,
        "Net Income Continuous Operations": 41400000.0,
        "Tax Provision": 13900000.0,
        "Pretax Income": 55300000.0,
        "Other Income Expense": 300000.0,
        "Other Non Operating Income Expenses": NaN,
        "Special Income Charges": -700000.0,
        "Gain On Sale Of Ppe": 100000.0,
        "Restructuring And Mergern Acquisition": 800000.0,
        "Gain On Sale Of Security": 1000000.0,
        "Net Non Operating Interest Income Expense": 2100000.0,
        "Total Other Finance Cost": -2100000.0,
        "Interest Expense Non Operating": NaN,
        "Operating Income": 52900000.0,
        "Operating Expense": 102800000.0,
        "Research And Development": 11800000.0,
        "Selling General And Administration": 91000000.0,
        "General And Administrative Expense": 91000000.0,
        "Other Gand A": 92700000.0,
        "Salaries And Wages": -1700000.0,
        "Gross Profit": 155700000.0,
        "Cost Of Revenue": 344500000.0,
        "Total Revenue": 500200000.0,
        "Operating Revenue": 500200000.0
    },
    "2024-06-30": {
        "Tax Effect Of Unusual Items": -371800.0,
        "Tax Rate For Calcs": 0.286,
        "Normalized EBITDA": 55300000.0,
        "Total Unusual Items": -1300000.0,
        "Total Unusual Items Excluding Goodwill": -1300000.0,
        "Net Income From Continuing Operation Net Minority Interest": 31200000.0,
        "Reconciled Depreciation": 11100000.0,
        "Reconciled Cost Of Revenue": 308100000.0,
        "EBITDA": 54000000.0,
        "EBIT": 42900000.0,
        "Net Interest Income": 2100000.0,
        "Interest Expense": NaN,
        "Normalized Income": 32128200.0,
        "Net Income From Continuing And Discontinued Operation": 31200000.0,
        "Total Expenses": 392100000.0,
        "Total Operating Income As Reported": 40700000.0,
        "Diluted Average Shares": 25097000.0,
        "Basic Average Shares": 24937000.0,
        "Diluted EPS": 1.24,
        "Basic EPS": 1.25,
        "Diluted NI Availto Com Stockholders": 31200000.0,
        "Net Income Common Stockholders": 31200000.0,
        "Net Income": 31200000.0,
        "Net Income Including Noncontrolling Interests": 31200000.0,
        "Net Income Continuous Operations": 31200000.0,
        "Tax Provision": 12500000.0,
        "Pretax Income": 43700000.0,
        "Other Income Expense": -1300000.0,
        "Other Non Operating Income Expenses": NaN,
        "Special Income Charges": -600000.0,
        "Gain On Sale Of Ppe": 0.0,
        "Restructuring And Mergern Acquisition": 600000.0,
        "Gain On Sale Of Security": -700000.0,
        "Net Non Operating Interest Income Expense": 2100000.0,
        "Total Other Finance Cost": -2100000.0,
        "Interest Expense Non Operating": NaN,
        "Operating Income": 42900000.0,
        "Operating Expense": 84000000.0,
        "Research And Development": 12200000.0,
        "Selling General And Administration": 71800000.0,
        "General And Administrative Expense": 71800000.0,
        "Other Gand A": 73400000.0,
        "Salaries And Wages": -1600000.0,
        "Gross Profit": 126900000.0,
        "Cost Of Revenue": 308100000.0,
        "Total Revenue": 435000000.0,
        "Operating Revenue": 435000000.0
    }
}