{
    "2023-04-30": {
        "Tax Effect Of Unusual Items": NaN,
        "Tax Rate For Calcs": NaN,
        "Normalized EBITDA": NaN,
        "Total Unusual Items": 0.0,
        "Total Unusual Items Excluding Goodwill": 0.0,
        "Net Income From Continuing Operation Net Minority Interest": NaN,
        "Reconciled Depreciation": NaN,
        "Reconciled Cost Of Revenue": NaN,
        "EBITDA": NaN,
        "EBIT": NaN,
        "Net Interest Income": NaN,
        "Interest Income": NaN,
        "Normalized Income": NaN,
        "Net Income From Continuing And Discontinued Operation": NaN,
        "Total Expenses": NaN,
        "Total Operating Income As Reported": NaN,
        "Diluted Average Shares": NaN,
        "Basic Average Shares": NaN,
        "Diluted EPS": NaN,
        "Basic EPS": NaN,
        "Diluted NI Availto Com Stockholders": NaN,
        "Net Income Common Stockholders": NaN,
        "Net Income": NaN,
        "Net Income Including Noncontrolling Interests": NaN,
        "Net Income Continuous Operations": NaN,
        "Tax Provision": NaN,
        "Pretax Income": NaN,
        "Other Income Expense": NaN,
        "Special Income Charges": 0.0,
        "Other Special Charges": NaN,
        "Net Non Operating Interest Income Expense": NaN,
        "Total Other Finance Cost": -8895000.0,
        "Interest Income Non Operating": NaN,
        "Operating Income": NaN,
        "Operating Expense": NaN,
        "Research And Development": NaN,
        "Selling General And Administration": NaN,
        "Selling And Marketing Expense": NaN,
        "General And Administrative Expense": NaN,
        "Other Gand A": NaN,
        "Gross Profit": NaN,
        "Cost Of Revenue": NaN,
        "Total Revenue": NaN,
        "Operating Revenue": NaN
    },
    "2023-01-31": {
        "Tax Effect Of Unusual Items": NaN,
        "Tax Rate For Calcs": NaN,
        "Normalized EBITDA": NaN,
        "Total Unusual Items": 0.0,
        "Total Unusual Items Excluding Goodwill": 0.0,
        "Net Income From Continuing Operation Net Minority Interest": NaN,
        "Reconciled Depreciation": NaN,
        "Reconciled Cost Of Revenue": NaN,
        "EBITDA": NaN,
        "EBIT": NaN,
        "Net Interest Income": NaN,
        "Interest Income": 8526000.0,
        "Normalized Income": NaN,
        "Net Income From Continuing And Discontinued Operation": NaN,
        "Total Expenses": NaN,
        "Total Operating Income As Reported": NaN,
        "Diluted Average Shares": NaN,
        "Basic Average Shares": NaN,
        "Diluted EPS": NaN,
        "Basic EPS": NaN,
        "Diluted NI Availto Com Stockholders": NaN,
        "Net Income Common Stockholders": NaN,
        "Net Income": NaN,
        "Net Income Including Noncontrolling Interests": NaN,
        "Net Income Continuous Operations": NaN,
        "Tax Provision": NaN,
        "Pretax Income": NaN,
        "Other Income Expense": 0.0,
        "Special Income Charges": 0.0,
        "Other Special Charges": NaN,
        "Net Non Operating Interest Income Expense": NaN,
        "Total Other Finance Cost": NaN,
        "Interest Income Non Operating": 8526000.0,
        "Operating Income": NaN,
        "Operating Expense": NaN,
        "Research And Development": NaN,
        "Selling General And Administration": NaN,
        "Selling And Marketing Expense": NaN,
        "General And Administrative Expense": NaN,
        "Other Gand A": NaN,
        "Gross Profit": NaN,
        "Cost Of Revenue": NaN,
        "Total Revenue": NaN,
        "Operating Revenue": NaN
    },
    "2022-10-31": {
        "Tax Effect Of Unusual Items": NaN,
        "Tax Rate For Calcs": NaN,
        "Normalized EBITDA": NaN,
        "Total Unusual Items": NaN,
        "Total Unusual Items Excluding Goodwill": NaN,
        "Net Income From Continuing Operation Net Minority Interest": NaN,
        "Reconciled Depreciation": NaN,
        "Reconciled Cost Of Revenue": NaN,
        "EBITDA": NaN,
        "EBIT": NaN,
        "Net Interest Income": NaN,
        "Interest Income": 5613000.0,
        "Normalized Income": NaN,
        "Net Income From Continuing And Discontinued Operation": NaN,
        "Total Expenses": NaN,
        "Total Operating Income As Reported": NaN,
        "Diluted Average Shares": NaN,
        "Basic Average Shares": NaN,
        "Diluted EPS": NaN,
        "Basic EPS": NaN,
        "Diluted NI Availto Com Stockholders": NaN,
        "Net Income Common Stockholders": NaN,
        "Net Income": NaN,
        "Net Income Including Noncontrolling Interests": NaN,
        "Net Income Continuous Operations": NaN,
        "Tax Provision": NaN,
        "Pretax Income": NaN,
        "Other Income Expense": NaN,
        "Special Income Charges": NaN,
        "Other Special Charges": NaN,
        "Net Non Operating Interest Income Expense": NaN,
        "Total Other Finance Cost": NaN,
        "Interest Income Non Operating": 5613000.0,
        "Operating Income": NaN,
        "Operating Expense": NaN,
        "Research And Development": NaN,
        "Selling General And Administration": NaN,
        "Selling And Marketing Expense": NaN,
        "General And Administrative Expense": NaN,
        "Other Gand A": NaN,
        "Gross Profit": NaN,
        "Cost Of Revenue": NaN,
        "Total Revenue": NaN,
        "Operating Revenue": NaN
    },
    "2022-07-31": {
        "Tax Effect Of Unusual Items": 0.0,
        "Tax Rate For Calcs": 0.4,
        "Normalized EBITDA": -63137000.0,
        "Total Unusual Items": 0.0,
        "Total Unusual Items Excluding Goodwill": 0.0,
        "Net Income From Continuing Operation Net Minority Interest": -64281000.0,
        "Reconciled Depreciation": 2645000.0,
        "Reconciled Cost Of Revenue": 44257000.0,
        "EBITDA": -63137000.0,
        "EBIT": -65782000.0,
        "Net Interest Income": 1541000.0,
        "Interest Income": 1541000.0,
        "Normalized Income": -64281000.0,
        "Net Income From Continuing And Discontinued Operation": -64281000.0,
        "Total Expenses": 219305000.0,
        "Total Operating Income As Reported": -65782000.0,
        "Diluted Average Shares": 511758439.0,
        "Basic Average Shares": 511758439.0,
        "Diluted EPS": -0.13,
        "Basic EPS": -0.13,
        "Diluted NI Availto Com Stockholders": -64281000.0,
        "Net Income Common Stockholders": -64281000.0,
        "Net Income": -64281000.0,
        "Net Income Including Noncontrolling Interests": -64281000.0,
        "Net Income Continuous Operations": -64281000.0,
        "Tax Provision": 40000.0,
        "Pretax Income": -64241000.0,
        "Other Income Expense": NaN,
        "Special Income Charges": 0.0,
        "Net Non Operating Interest Income Expense": 1541000.0,
        "Total Other Finance Cost": NaN,
        "Interest Income Non Operating": 1541000.0,
        "Operating Income": -65782000.0,
        "Operating Expense": 175048000.0,
        "Research And Development": 41847000.0,
        "Selling General And Administration": 133201000.0,
        "Selling And Marketing Expense": 91842000.0,
        "General And Administrative Expense": 41359000.0,
        "Other Gand A": 41359000.0,
        "Gross Profit": 109266000.0,
        "Cost Of Revenue": 44257000.0,
        "Total Revenue": 153523000.0,
        "Operating Revenue": 153523000.0
    },
    "2022-04-30": {
        "Diluted EPS": -0.14,
        "Total Revenue": 143,
        "Gross Profit": 103,
        "Operating Income": -70,
        "EBIT": -68,
        "Net Income": -71
    },
    "2022-01-31": {
        "Diluted EPS": -0.68,
        "Total Revenue": 126,
        "Gross Profit": 87,
        "Operating Income": -252,
        "EBIT": -250,
        "Net Income": -253
    },
    "2021-10-31": {
        "Diluted EPS": -0.13,
        "Total Revenue": 114,
        "Gross Profit": 82,
        "Operating Income": -32,
        "EBIT": -29,
        "Net Income": -32
    },
    "2021-07-31": {
        "Diluted EPS": -0.13,
        "Total Revenue": 101,
        "Gross Profit": 73,
        "Operating Income": -31,
        "EBIT": -28,
        "Net Income": -31
    },
    "2021-04-30": {
        "Diluted EPS": -0.16,
        "Total Revenue": 88,
        "Gross Profit": 62,
        "Operating Income": -39,
        "EBIT": -36,
        "Net Income": -38
    },
    "2021-01-31": {
        "Diluted EPS": 0.0,
        "Total Revenue": NaN,
        "Gross Profit": NaN,
        "Operating Income": NaN,
        "EBIT": NaN,
        "Net Income": NaN
    },
    "2020-01-31": {
        "Diluted EPS": 0.0,
        "Total Revenue": NaN,
        "Gross Profit": NaN,
        "Operating Income": NaN,
        "EBIT": NaN,
        "Net Income": NaN
    },
    "2023-07-31": {
        "Tax Effect Of Unusual Items": 0.0,
        "Tax Rate For Calcs": 0.21,
        "Normalized EBITDA": -66045000.0,
        "Total Unusual Items": 0.0,
        "Total Unusual Items Excluding Goodwill": 0.0,
        "Net Income From Continuing Operation Net Minority Interest": -59968000.0,
        "Reconciled Depreciation": 3709000.0,
        "Reconciled Cost Of Revenue": 58866000.0,
        "EBITDA": -66045000.0,
        "EBIT": -69754000.0,
        "Net Interest Income": 10220000.0,
        "Interest Income": 10220000.0,
        "Normalized Income": -59968000.0,
        "Net Income From Continuing And Discontinued Operation": -59968000.0,
        "Total Expenses": 289011000.0,
        "Total Operating Income As Reported": -69754000.0,
        "Diluted Average Shares": 531751683.0,
        "Basic Average Shares": 531751683.0,
        "Diluted EPS": -0.11,
        "Basic EPS": -0.11,
        "Diluted NI Availto Com Stockholders": -59968000.0,
        "Net Income Common Stockholders": -59968000.0,
        "Net Income": -59968000.0,
        "Net Income Including Noncontrolling Interests": -59968000.0,
        "Net Income Continuous Operations": -59968000.0,
        "Tax Provision": 434000.0,
        "Pretax Income": -59534000.0,
        "Other Income Expense": NaN,
        "Special Income Charges": 0.0,
        "Other Special Charges": NaN,
        "Net Non Operating Interest Income Expense": 10220000.0,
        "Interest Income Non Operating": 10220000.0,
        "Operating Income": -69754000.0,
        "Operating Expense": 230145000.0,
        "Research And Development": 63969000.0,
        "Selling General And Administration": 166176000.0,
        "Selling And Marketing Expense": 117908000.0,
        "General And Administrative Expense": 48268000.0,
        "Other Gand A": 48268000.0,
        "Gross Profit": 160391000.0,
        "Cost Of Revenue": 58866000.0,
        "Total Revenue": 219257000.0,
        "Operating Revenue": 215179000.0
    },
    "2023-10-31": {
        "Tax Effect Of Unusual Items": -1000020.0,
        "Tax Rate For Calcs": 0.21,
        "Normalized EBITDA": -41597000.0,
        "Total Unusual Items": -4762000.0,
        "Total Unusual Items Excluding Goodwill": -4762000.0,
        "Net Income From Continuing Operation Net Minority Interest": -45531000.0,
        "Reconciled Depreciation": 3646000.0,
        "Reconciled Cost Of Revenue": 61585000.0,
        "EBITDA": -46359000.0,
        "EBIT": -50005000.0,
        "Net Interest Income": 9378000.0,
        "Interest Income": 9378000.0,
        "Normalized Income": -41769020.0,
        "Net Income From Continuing And Discontinued Operation": -45531000.0,
        "Total Expenses": 287539000.0,
        "Total Operating Income As Reported": -54767000.0,
        "Diluted Average Shares": 537464892.0,
        "Basic Average Shares": 537464892.0,
        "Diluted EPS": -0.08,
        "Basic EPS": -0.08,
        "Diluted NI Availto Com Stockholders": -45531000.0,
        "Net Income Common Stockholders": -45531000.0,
        "Net Income": -45531000.0,
        "Net Income Including Noncontrolling Interests": -45531000.0,
        "Net Income Continuous Operations": -45531000.0,
        "Tax Provision": 142000.0,
        "Pretax Income": -45389000.0,
        "Other Income Expense": -4762000.0,
        "Special Income Charges": -4762000.0,
        "Other Special Charges": 4762000.0,
        "Net Non Operating Interest Income Expense": 9378000.0,
        "Interest Income Non Operating": 9378000.0,
        "Operating Income": -50005000.0,
        "Operating Expense": 225954000.0,
        "Research And Development": 60820000.0,
        "Selling General And Administration": 165134000.0,
        "Selling And Marketing Expense": 116780000.0,
        "General And Administrative Expense": 48354000.0,
        "Other Gand A": 48354000.0,
        "Gross Profit": 175949000.0,
        "Cost Of Revenue": 61585000.0,
        "Total Revenue": 237534000.0,
        "Operating Revenue": 232857000.0
    },
    "2024-01-31": {
        "Tax Effect Of Unusual Items": -27466000.0,
        "Tax Rate For Calcs": 0.4,
        "Normalized EBITDA": 19015000.0,
        "Total Unusual Items": -68665000.0,
        "Total Unusual Items Excluding Goodwill": -68665000.0,
        "Net Income From Continuing Operation Net Minority Interest": -113371000.0,
        "Reconciled Depreciation": 4687000.0,
        "Reconciled Cost Of Revenue": 69024000.0,
        "EBITDA": -49650000.0,
        "EBIT": -54337000.0,
        "Net Interest Income": 11471000.0,
        "Interest Income": NaN,
        "Normalized Income": -72172000.0,
        "Net Income From Continuing And Discontinued Operation": -113371000.0,
        "Total Expenses": 330611000.0,
        "Total Operating Income As Reported": -123002000.0,
        "Diluted Average Shares": 543250066.0,
        "Basic Average Shares": 543250066.0,
        "Diluted EPS": -0.21,
        "Basic EPS": -0.21,
        "Diluted NI Availto Com Stockholders": -113371000.0,
        "Net Income Common Stockholders": -113371000.0,
        "Net Income": -113371000.0,
        "Net Income Including Noncontrolling Interests": -113371000.0,
        "Net Income Continuous Operations": -113371000.0,
        "Tax Provision": 1840000.0,
        "Pretax Income": -111531000.0,
        "Other Income Expense": -68665000.0,
        "Special Income Charges": -68665000.0,
        "Other Special Charges": 63903000.0,
        "Net Non Operating Interest Income Expense": 11471000.0,
        "Interest Income Non Operating": NaN,
        "Operating Income": -54337000.0,
        "Operating Expense": 261587000.0,
        "Research And Development": 73426000.0,
        "Selling General And Administration": 188161000.0,
        "Selling And Marketing Expense": 133006000.0,
        "General And Administrative Expense": 55155000.0,
        "Other Gand A": 55155000.0,
        "Gross Profit": 207250000.0,
        "Cost Of Revenue": 69024000.0,
        "Total Revenue": 276274000.0,
        "Operating Revenue": 271842000.0
    },
    "2024-07-31": {
        "Tax Effect Of Unusual Items": 0.0,
        "Tax Rate For Calcs": 0.21,
        "Normalized EBITDA": -53561000.0,
        "Total Unusual Items": NaN,
        "Total Unusual Items Excluding Goodwill": NaN,
        "Net Income From Continuing Operation Net Minority Interest": -49610000.0,
        "Reconciled Depreciation": 4633000.0,
        "Reconciled Cost Of Revenue": 73365000.0,
        "EBITDA": -53561000.0,
        "EBIT": -58194000.0,
        "Net Interest Income": 9626000.0,
        "Interest Income": 9626000.0,
        "Normalized Income": -49610000.0,
        "Net Income From Continuing And Discontinued Operation": -49610000.0,
        "Total Expenses": 358396000.0,
        "Total Operating Income As Reported": -58194000.0,
        "Diluted Average Shares": 553917926.0,
        "Basic Average Shares": 553917926.0,
        "Diluted EPS": -0.09,
        "Basic EPS": -0.09,
        "Diluted NI Availto Com Stockholders": -49610000.0,
        "Net Income Common Stockholders": -49610000.0,
        "Net Income": -49610000.0,
        "Net Income Including Noncontrolling Interests": -49610000.0,
        "Net Income Continuous Operations": -49610000.0,
        "Tax Provision": 1042000.0,
        "Pretax Income": -48568000.0,
        "Other Income Expense": NaN,
        "Special Income Charges": NaN,
        "Other Special Charges": NaN,
        "Net Non Operating Interest Income Expense": 9626000.0,
        "Interest Income Non Operating": 9626000.0,
        "Operating Income": -58194000.0,
        "Operating Expense": 285031000.0,
        "Research And Development": 76476000.0,
        "Selling General And Administration": 208555000.0,
        "Selling And Marketing Expense": 151493000.0,
        "General And Administrative Expense": 57062000.0,
        "Other Gand A": 57062000.0,
        "Gross Profit": 226837000.0,
        "Cost Of Revenue": 73365000.0,
        "Total Revenue": 300202000.0,
        "Operating Revenue": 295324000.0
    },
    "2024-10-31": {
        "Tax Effect Of Unusual Items": -757890.0,
        "Tax Rate For Calcs": 0.21,
        "Normalized EBITDA": -33395000.0,
        "Total Unusual Items": -3609000.0,
        "Total Unusual Items Excluding Goodwill": -3609000.0,
        "Net Income From Continuing Operation Net Minority Interest": -37806000.0,
        "Reconciled Depreciation": 6757000.0,
        "Reconciled Cost Of Revenue": 76027000.0,
        "EBITDA": -37004000.0,
        "EBIT": -43761000.0,
        "Net Interest Income": 10057000.0,
        "Interest Income": 10057000.0,
        "Normalized Income": -34954890.0,
        "Net Income From Continuing And Discontinued Operation": -37806000.0,
        "Total Expenses": 365742000.0,
        "Total Operating Income As Reported": -47370000.0,
        "Diluted Average Shares": 559006539.0,
        "Basic Average Shares": 559006539.0,
        "Diluted EPS": -0.07,
        "Basic EPS": -0.07,
        "Diluted NI Availto Com Stockholders": -37806000.0,
        "Net Income Common Stockholders": -37806000.0,
        "Net Income": -37806000.0,
        "Net Income Including Noncontrolling Interests": -37806000.0,
        "Net Income Continuous Operations": -37806000.0,
        "Tax Provision": 493000.0,
        "Pretax Income": -37313000.0,
        "Other Income Expense": -3609000.0,
        "Special Income Charges": -3609000.0,
        "Other Special Charges": 3609000.0,
        "Net Non Operating Interest Income Expense": 10057000.0,
        "Interest Income Non Operating": 10057000.0,
        "Operating Income": -43761000.0,
        "Operating Expense": 289715000.0,
        "Research And Development": 76990000.0,
        "Selling General And Administration": 212725000.0,
        "Selling And Marketing Expense": 150065000.0,
        "General And Administrative Expense": 62660000.0,
        "Other Gand A": 62660000.0,
        "Gross Profit": 245954000.0,
        "Cost Of Revenue": 76027000.0,
        "Total Revenue": 321981000.0,
        "Operating Revenue": 316157000.0
    }
}