{
    "2023-03-31": {
        "Tax Effect Of Unusual Items": -174570.0,
        "Tax Rate For Calcs": 0.23,
        "Normalized EBITDA": 95702000.0,
        "Total Unusual Items": -759000.0,
        "Total Unusual Items Excluding Goodwill": -759000.0,
        "Net Income From Continuing Operation Net Minority Interest": 54068000.0,
        "Reconciled Depreciation": 4115000.0,
        "Reconciled Cost Of Revenue": 108766000.0,
        "EBITDA": 94943000.0,
        "EBIT": 94943000.0,
        "Net Interest Income": 3025000.0,
        "Interest Expense": 2357000.0,
        "Interest Income": 5382000.0,
        "Normalized Income": 54652430.0,
        "Net Income From Continuing And Discontinued Operation": 54068000.0,
        "Total Expenses": 221444000.0,
        "Total Operating Income As Reported": 90279000.0,
        "Diluted Average Shares": 32159000.0,
        "Basic Average Shares": 32018000.0,
        "Diluted EPS": 1.68,
        "Basic EPS": 1.69,
        "Diluted NI Availto Com Stockholders": 54068000.0,
        "Net Income Common Stockholders": 54068000.0,
        "Net Income": 54068000.0,
        "Minority Interests": -16840000.0,
        "Net Income Including Noncontrolling Interests": 70908000.0,
        "Net Income Continuous Operations": 70908000.0,
        "Tax Provision": 21678000.0,
        "Pretax Income": 92586000.0,
        "Other Income Expense": -718000.0,
        "Other Non Operating Income Expenses": 41000.0,
        "Special Income Charges": NaN,
        "Impairment Of Capital Assets": NaN,
        "Gain On Sale Of Security": -759000.0,
        "Net Non Operating Interest Income Expense": 3025000.0,
        "Interest Expense Non Operating": 2357000.0,
        "Interest Income Non Operating": 5382000.0,
        "Operating Income": 90279000.0,
        "Operating Expense": 112678000.0,
        "Selling General And Administration": 112678000.0,
        "Gross Profit": 202957000.0,
        "Cost Of Revenue": 108766000.0,
        "Total Revenue": 311723000.0,
        "Operating Revenue": 311723000.0
    },
    "2022-12-31": {
        "Tax Effect Of Unusual Items": -2324878.04878,
        "Tax Rate For Calcs": 0.195122,
        "Normalized EBITDA": 33958000.0,
        "Total Unusual Items": -11915000.0,
        "Total Unusual Items Excluding Goodwill": -11915000.0,
        "Net Income From Continuing Operation Net Minority Interest": 16599000.0,
        "Reconciled Depreciation": 11603000.0,
        "Reconciled Cost Of Revenue": 110706000.0,
        "EBITDA": 22043000.0,
        "EBIT": 22043000.0,
        "Net Interest Income": 2135000.0,
        "Interest Expense": 1010000.0,
        "Interest Income": 3145000.0,
        "Normalized Income": 26189121.95122,
        "Net Income From Continuing And Discontinued Operation": 16599000.0,
        "Total Expenses": 279828000.0,
        "Total Operating Income As Reported": 23211000.0,
        "Diluted Average Shares": 32025000.0,
        "Basic Average Shares": 31893000.0,
        "Diluted EPS": 0.52,
        "Basic EPS": 0.52,
        "Diluted NI Availto Com Stockholders": 16599000.0,
        "Net Income Common Stockholders": 16599000.0,
        "Net Income": 16599000.0,
        "Minority Interests": -330000.0,
        "Net Income Including Noncontrolling Interests": 16929000.0,
        "Net Income Continuous Operations": 16929000.0,
        "Tax Provision": 4104000.0,
        "Pretax Income": 21033000.0,
        "Other Income Expense": -12062000.0,
        "Other Non Operating Income Expenses": -147000.0,
        "Special Income Charges": -7749000.0,
        "Impairment Of Capital Assets": 7749000.0,
        "Gain On Sale Of Security": -4166000.0,
        "Net Non Operating Interest Income Expense": 2135000.0,
        "Interest Expense Non Operating": 1010000.0,
        "Interest Income Non Operating": 3145000.0,
        "Operating Income": 30960000.0,
        "Operating Expense": 169122000.0,
        "Selling General And Administration": 169122000.0,
        "Gross Profit": 200082000.0,
        "Cost Of Revenue": 110706000.0,
        "Total Revenue": 310788000.0,
        "Operating Revenue": 310788000.0
    },
    "2022-09-30": {
        "Tax Effect Of Unusual Items": -54260.997023,
        "Tax Rate For Calcs": 0.198758,
        "Normalized EBITDA": 67473000.0,
        "Total Unusual Items": -273000.0,
        "Total Unusual Items Excluding Goodwill": -273000.0,
        "Net Income From Continuing Operation Net Minority Interest": 41423000.0,
        "Reconciled Depreciation": 4133000.0,
        "Reconciled Cost Of Revenue": 98562000.0,
        "EBITDA": 67200000.0,
        "EBIT": 67200000.0,
        "Net Interest Income": 2661000.0,
        "Interest Expense": 682000.0,
        "Interest Income": 3343000.0,
        "Normalized Income": 41641739.002977,
        "Net Income From Continuing And Discontinued Operation": 41423000.0,
        "Total Expenses": 215986000.0,
        "Total Operating Income As Reported": 64476000.0,
        "Diluted Average Shares": 31968000.0,
        "Basic Average Shares": 31860000.0,
        "Diluted EPS": 1.3,
        "Basic EPS": 1.3,
        "Diluted NI Availto Com Stockholders": 41423000.0,
        "Net Income Common Stockholders": 41423000.0,
        "Net Income": 41423000.0,
        "Minority Interests": -11874000.0,
        "Net Income Including Noncontrolling Interests": 53297000.0,
        "Net Income Continuous Operations": 53297000.0,
        "Tax Provision": 13221000.0,
        "Pretax Income": 66518000.0,
        "Other Income Expense": -619000.0,
        "Other Non Operating Income Expenses": -346000.0,
        "Special Income Charges": 0.0,
        "Impairment Of Capital Assets": 0.0,
        "Gain On Sale Of Security": -273000.0,
        "Net Non Operating Interest Income Expense": 2661000.0,
        "Interest Expense Non Operating": 682000.0,
        "Interest Income Non Operating": 3343000.0,
        "Operating Income": 64476000.0,
        "Operating Expense": 117424000.0,
        "Selling General And Administration": 117424000.0,
        "Gross Profit": 181900000.0,
        "Cost Of Revenue": 98562000.0,
        "Total Revenue": 280462000.0,
        "Operating Revenue": 280462000.0
    },
    "2022-06-30": {
        "Tax Effect Of Unusual Items": 67071.735064,
        "Tax Rate For Calcs": 0.2404,
        "Normalized EBITDA": 49868000.0,
        "Total Unusual Items": 279000.0,
        "Total Unusual Items Excluding Goodwill": 279000.0,
        "Net Income From Continuing Operation Net Minority Interest": 27617000.0,
        "Reconciled Depreciation": 3679000.0,
        "Reconciled Cost Of Revenue": 90943000.0,
        "EBITDA": 50147000.0,
        "EBIT": 46468000.0,
        "Net Interest Income": -559000.0,
        "Interest Expense": 1023000.0,
        "Interest Income": 464000.0,
        "Normalized Income": 27405071.735064,
        "Net Income From Continuing And Discontinued Operation": 27617000.0,
        "Total Expenses": 199328000.0,
        "Total Operating Income As Reported": 45397000.0,
        "Diluted Average Shares": 31952000.0,
        "Basic Average Shares": 31845000.0,
        "Diluted EPS": 0.86,
        "Basic EPS": 0.87,
        "Diluted NI Availto Com Stockholders": 27617000.0,
        "Net Income Common Stockholders": 27617000.0,
        "Net Income": 27617000.0,
        "Minority Interests": -6903000.0,
        "Net Income Including Noncontrolling Interests": 34520000.0,
        "Net Income Continuous Operations": 34520000.0,
        "Tax Provision": 10925000.0,
        "Pretax Income": 45445000.0,
        "Other Income Expense": 607000.0,
        "Other Non Operating Income Expenses": 328000.0,
        "Special Income Charges": 0.0,
        "Impairment Of Capital Assets": 0.0,
        "Gain On Sale Of Security": 279000.0,
        "Net Non Operating Interest Income Expense": -559000.0,
        "Interest Expense Non Operating": 1023000.0,
        "Interest Income Non Operating": 464000.0,
        "Operating Income": 45397000.0,
        "Operating Expense": 108385000.0,
        "Selling General And Administration": 108385000.0,
        "Gross Profit": 153782000.0,
        "Cost Of Revenue": 90943000.0,
        "Total Revenue": 244725000.0,
        "Operating Revenue": 244725000.0
    },
    "2022-03-31": {
        "Diluted EPS": 1.1,
        "Total Revenue": 251,
        "Gross Profit": 159,
        "Operating Income": 61,
        "EBIT": 64,
        "Net Income": 35
    },
    "2021-12-31": {
        "Diluted EPS": -0.03,
        "Total Revenue": 211,
        "Gross Profit": 132,
        "Operating Income": -12,
        "EBIT": -7,
        "Net Income": -1
    },
    "2021-09-30": {
        "Diluted EPS": 1.2,
        "Total Revenue": 263,
        "Gross Profit": 167,
        "Operating Income": 68,
        "EBIT": 70,
        "Net Income": 38
    },
    "2021-06-30": {
        "Diluted EPS": 0.71,
        "Total Revenue": 208,
        "Gross Profit": 132,
        "Operating Income": 45,
        "EBIT": 47,
        "Net Income": 23
    },
    "2021-03-31": {
        "Diluted EPS": 0.87,
        "Total Revenue": 199,
        "Gross Profit": 125,
        "Operating Income": 48,
        "EBIT": 50,
        "Net Income": 28
    },
    "2020-12-31": {
        "Diluted EPS": 0.47,
        "Total Revenue": 184,
        "Gross Profit": 118,
        "Operating Income": 26,
        "EBIT": 29,
        "Net Income": 15
    },
    "2020-09-30": {
        "Diluted EPS": 0.52,
        "Total Revenue": 161,
        "Gross Profit": 97,
        "Operating Income": 31,
        "EBIT": 34,
        "Net Income": 17
    },
    "2020-06-30": {
        "Diluted EPS": -0.1,
        "Total Revenue": 50,
        "Gross Profit": 27,
        "Operating Income": -6,
        "EBIT": -3,
        "Net Income": -3
    },
    "2020-03-31": {
        "Diluted EPS": 0.32,
        "Total Revenue": 145,
        "Gross Profit": 89,
        "Operating Income": 18,
        "EBIT": 20,
        "Net Income": 10
    },
    "2019-12-31": {
        "Diluted EPS": 0.25,
        "Total Revenue": 178,
        "Gross Profit": 115,
        "Operating Income": 12,
        "EBIT": 15,
        "Net Income": 8
    },
    "2019-09-30": {
        "Diluted EPS": 0.66,
        "Total Revenue": 191,
        "Gross Profit": 114,
        "Operating Income": 37,
        "EBIT": 39,
        "Net Income": 21
    },
    "2019-06-30": {
        "Diluted EPS": 0.39,
        "Total Revenue": 166,
        "Gross Profit": 107,
        "Operating Income": 22,
        "EBIT": 24,
        "Net Income": 12
    },
    "2019-03-31": {
        "Diluted EPS": 0.6,
        "Total Revenue": 178,
        "Gross Profit": 110,
        "Operating Income": 33,
        "EBIT": 35,
        "Net Income": 19
    },
    "2018-12-31": {
        "Diluted EPS": 0.25,
        "Total Revenue": 177,
        "Gross Profit": 117,
        "Operating Income": 11,
        "EBIT": 13,
        "Net Income": 8
    },
    "2018-09-30": {
        "Diluted EPS": 0.6,
        "Total Revenue": 177,
        "Gross Profit": 109,
        "Operating Income": 35,
        "EBIT": 38,
        "Net Income": 19
    },
    "2018-06-30": {
        "Diluted EPS": 0.35,
        "Total Revenue": 149,
        "Gross Profit": 96,
        "Operating Income": 19,
        "EBIT": 22,
        "Net Income": 11
    },
    "2018-03-31": {
        "Diluted EPS": 0.51,
        "Total Revenue": 172,
        "Gross Profit": 106,
        "Operating Income": 30,
        "EBIT": 33,
        "Net Income": 16
    },
    "2017-12-31": {
        "Diluted EPS": 0.13,
        "Total Revenue": 150,
        "Gross Profit": 99,
        "Operating Income": 5,
        "EBIT": 9,
        "Net Income": 4
    },
    "2017-09-30": {
        "Diluted EPS": 0.55,
        "Total Revenue": 170,
        "Gross Profit": 103,
        "Operating Income": 33,
        "EBIT": 36,
        "Net Income": 17
    },
    "2017-06-30": {
        "Diluted EPS": 0.22,
        "Total Revenue": 129,
        "Gross Profit": 84,
        "Operating Income": 14,
        "EBIT": 17,
        "Net Income": 7
    },
    "2017-03-31": {
        "Diluted EPS": 0.43,
        "Total Revenue": 143,
        "Gross Profit": 90,
        "Operating Income": 26,
        "EBIT": 29,
        "Net Income": 13
    },
    "2016-12-31": {
        "Diluted EPS": 0.12,
        "Total Revenue": 135,
        "Gross Profit": 86,
        "Operating Income": 5,
        "EBIT": 14,
        "Net Income": 4
    },
    "2016-09-30": {
        "Diluted EPS": 0.52,
        "Total Revenue": 158,
        "Gross Profit": 95,
        "Operating Income": 32,
        "EBIT": 35,
        "Net Income": 16
    },
    "2016-06-30": {
        "Diluted EPS": 0.19,
        "Total Revenue": 117,
        "Gross Profit": 74,
        "Operating Income": 11,
        "EBIT": 14,
        "Net Income": 6
    },
    "2016-03-31": {
        "Diluted EPS": 0.24,
        "Total Revenue": 112,
        "Gross Profit": 71,
        "Operating Income": 18,
        "EBIT": 20,
        "Net Income": 7
    },
    "2015-12-31": {
        "Diluted EPS": 0.06,
        "Total Revenue": 118,
        "Gross Profit": 76,
        "Operating Income": 4,
        "EBIT": 7,
        "Net Income": 2
    },
    "2015-09-30": {
        "Diluted EPS": 0.46,
        "Total Revenue": 139,
        "Gross Profit": 86,
        "Operating Income": 28,
        "EBIT": 30,
        "Net Income": 14
    },
    "2015-06-30": {
        "Diluted EPS": 0.14,
        "Total Revenue": 102,
        "Gross Profit": 60,
        "Operating Income": 8,
        "EBIT": 10,
        "Net Income": 4
    },
    "2015-03-31": {
        "Diluted EPS": 0.32,
        "Total Revenue": 109,
        "Gross Profit": 68,
        "Operating Income": 21,
        "EBIT": 23,
        "Net Income": 10
    },
    "2014-12-31": {
        "Diluted EPS": 0.1,
        "Total Revenue": 125,
        "Gross Profit": 74,
        "Operating Income": 4,
        "EBIT": 7,
        "Net Income": 3
    },
    "2014-09-30": {
        "Diluted EPS": 0.36,
        "Total Revenue": 134,
        "Gross Profit": 75,
        "Operating Income": 19,
        "EBIT": 21,
        "Net Income": 11
    },
    "2014-06-30": {
        "Diluted EPS": 0.2,
        "Total Revenue": 118,
        "Gross Profit": 68,
        "Operating Income": 13,
        "EBIT": 15,
        "Net Income": 6
    },
    "2014-03-31": {
        "Diluted EPS": 0.29,
        "Total Revenue": 122,
        "Gross Profit": 69,
        "Operating Income": 17,
        "EBIT": 20,
        "Net Income": 9
    },
    "2013-12-31": {
        "Diluted EPS": -0.13,
        "Total Revenue": 106,
        "Gross Profit": 61,
        "Operating Income": -11,
        "EBIT": -8,
        "Net Income": -4
    },
    "2013-09-30": {
        "Diluted EPS": 0.25,
        "Total Revenue": 127,
        "Gross Profit": 70,
        "Operating Income": 15,
        "EBIT": 17,
        "Net Income": 8
    },
    "2013-06-30": {
        "Diluted EPS": 0.12,
        "Total Revenue": 117,
        "Gross Profit": 64,
        "Operating Income": 8,
        "EBIT": 10,
        "Net Income": 4
    },
    "2013-03-31": {
        "Diluted EPS": 1.03,
        "Total Revenue": 214,
        "Gross Profit": 135,
        "Operating Income": 67,
        "EBIT": 71,
        "Net Income": 32
    },
    "2012-12-31": {
        "Diluted EPS": 3.22,
        "Total Revenue": 177,
        "Gross Profit": 111,
        "Operating Income": 212,
        "EBIT": 216,
        "Net Income": 100
    },
    "2012-09-30": {
        "Diluted EPS": 0.33,
        "Total Revenue": 166,
        "Gross Profit": 101,
        "Operating Income": 22,
        "EBIT": 26,
        "Net Income": 10
    },
    "2012-06-30": {
        "Diluted EPS": 0.2,
        "Total Revenue": 146,
        "Gross Profit": 88,
        "Operating Income": 13,
        "EBIT": 16,
        "Net Income": 6
    },
    "2012-03-31": {
        "Diluted EPS": 0.51,
        "Total Revenue": 165,
        "Gross Profit": 107,
        "Operating Income": 32,
        "EBIT": 35,
        "Net Income": 15
    },
    "2011-12-31": {
        "Diluted EPS": 0.14,
        "Total Revenue": 189,
        "Gross Profit": 115,
        "Operating Income": 9,
        "EBIT": 12,
        "Net Income": 4
    },
    "2011-09-30": {
        "Diluted EPS": 0.34,
        "Total Revenue": 172,
        "Gross Profit": 107,
        "Operating Income": 22,
        "EBIT": 25,
        "Net Income": 10
    },
    "2011-06-30": {
        "Diluted EPS": 0.16,
        "Total Revenue": 121,
        "Gross Profit": 75,
        "Operating Income": 11,
        "EBIT": 14,
        "Net Income": 5
    },
    "2011-03-31": {
        "Diluted EPS": 0.41,
        "Total Revenue": 133,
        "Gross Profit": 87,
        "Operating Income": 26,
        "EBIT": 29,
        "Net Income": 13
    },
    "2010-12-31": {
        "Diluted EPS": 0.19,
        "Total Revenue": 112,
        "Gross Profit": 65,
        "Operating Income": 12,
        "EBIT": 15,
        "Net Income": 6
    },
    "2010-09-30": {
        "Diluted EPS": 0.28,
        "Total Revenue": 121,
        "Gross Profit": 71,
        "Operating Income": 17,
        "EBIT": 19,
        "Net Income": 8
    },
    "2010-06-30": {
        "Diluted EPS": 0.18,
        "Total Revenue": 108,
        "Gross Profit": 65,
        "Operating Income": 11,
        "EBIT": 14,
        "Net Income": 5
    },
    "2010-03-31": {
        "Diluted EPS": 0.22,
        "Total Revenue": 119,
        "Gross Profit": 72,
        "Operating Income": 16,
        "EBIT": 18,
        "Net Income": 7
    },
    "2009-12-31": {
        "Diluted EPS": 0.18,
        "Total Revenue": 113,
        "Gross Profit": 63,
        "Operating Income": 14,
        "EBIT": 17,
        "Net Income": 5
    },
    "2009-09-30": {
        "Diluted EPS": 0.24,
        "Total Revenue": 118,
        "Gross Profit": 67,
        "Operating Income": 14,
        "EBIT": 17,
        "Net Income": 7
    },
    "2009-06-30": {
        "Diluted EPS": 0.14,
        "Total Revenue": 89,
        "Gross Profit": 50,
        "Operating Income": 7,
        "EBIT": 10,
        "Net Income": 4
    },
    "2009-03-31": {
        "Diluted EPS": 0.18,
        "Total Revenue": 90,
        "Gross Profit": 54,
        "Operating Income": 10,
        "EBIT": 13,
        "Net Income": 5
    },
    "2023-06-30": {
        "Tax Effect Of Unusual Items": 174239.242902,
        "Tax Rate For Calcs": 0.233565,
        "Normalized EBITDA": 61257000.0,
        "Total Unusual Items": 746000.0,
        "Total Unusual Items Excluding Goodwill": 746000.0,
        "Net Income From Continuing Operation Net Minority Interest": 34952000.0,
        "Reconciled Depreciation": 4252000.0,
        "Reconciled Cost Of Revenue": 120840000.0,
        "EBITDA": 62003000.0,
        "EBIT": 57751000.0,
        "Net Interest Income": -299000.0,
        "Interest Expense": 2276000.0,
        "Interest Income": 1977000.0,
        "Normalized Income": 34380239.242902,
        "Net Income From Continuing And Discontinued Operation": 34952000.0,
        "Total Expenses": 254223000.0,
        "Total Operating Income As Reported": 55021000.0,
        "Diluted Average Shares": 32162000.0,
        "Basic Average Shares": 32006000.0,
        "Diluted EPS": 1.09,
        "Basic EPS": 1.09,
        "Diluted NI Availto Com Stockholders": 34952000.0,
        "Net Income Common Stockholders": 34952000.0,
        "Net Income": 34952000.0,
        "Minority Interests": -7566000.0,
        "Net Income Including Noncontrolling Interests": 42518000.0,
        "Net Income Continuous Operations": 42518000.0,
        "Tax Provision": 12957000.0,
        "Pretax Income": 55475000.0,
        "Other Income Expense": 753000.0,
        "Other Non Operating Income Expenses": 7000.0,
        "Special Income Charges": NaN,
        "Impairment Of Capital Assets": NaN,
        "Gain On Sale Of Security": 746000.0,
        "Net Non Operating Interest Income Expense": -299000.0,
        "Interest Expense Non Operating": 2276000.0,
        "Interest Income Non Operating": 1977000.0,
        "Operating Income": 55021000.0,
        "Operating Expense": 133383000.0,
        "Selling General And Administration": 133383000.0,
        "Gross Profit": 188404000.0,
        "Cost Of Revenue": 120840000.0,
        "Total Revenue": 309244000.0,
        "Operating Revenue": 309244000.0
    }
}