{
    "2023-03-31": {
        "Tax Effect Of Unusual Items": NaN,
        "Tax Rate For Calcs": NaN,
        "Normalized EBITDA": NaN,
        "Total Unusual Items": -3805000.0,
        "Total Unusual Items Excluding Goodwill": -3805000.0,
        "Net Income From Continuing Operation Net Minority Interest": NaN,
        "Reconciled Depreciation": NaN,
        "Reconciled Cost Of Revenue": NaN,
        "EBITDA": NaN,
        "EBIT": NaN,
        "Net Interest Income": NaN,
        "Interest Expense": NaN,
        "Interest Income": NaN,
        "Normalized Income": NaN,
        "Net Income From Continuing And Discontinued Operation": NaN,
        "Total Expenses": NaN,
        "Total Operating Income As Reported": NaN,
        "Diluted Average Shares": NaN,
        "Basic Average Shares": NaN,
        "Diluted EPS": NaN,
        "Basic EPS": NaN,
        "Diluted NI Availto Com Stockholders": NaN,
        "Net Income Common Stockholders": NaN,
        "Net Income": NaN,
        "Net Income Including Noncontrolling Interests": NaN,
        "Net Income Continuous Operations": NaN,
        "Tax Provision": NaN,
        "Pretax Income": NaN,
        "Other Income Expense": NaN,
        "Other Non Operating Income Expenses": -1077000.0,
        "Special Income Charges": -3805000.0,
        "Restructuring And Mergern Acquisition": 3805000.0,
        "Gain On Sale Of Security": NaN,
        "Net Non Operating Interest Income Expense": NaN,
        "Total Other Finance Cost": NaN,
        "Interest Expense Non Operating": NaN,
        "Interest Income Non Operating": NaN,
        "Operating Income": NaN,
        "Operating Expense": NaN,
        "Other Operating Expenses": NaN,
        "Depreciation Amortization Depletion Income Statement": NaN,
        "Depreciation And Amortization In Income Statement": NaN,
        "Amortization": NaN,
        "Amortization Of Intangibles Income Statement": NaN,
        "Research And Development": NaN,
        "Selling General And Administration": NaN,
        "Selling And Marketing Expense": NaN,
        "General And Administrative Expense": 30310000.0,
        "Other Gand A": 30310000.0,
        "Gross Profit": NaN,
        "Cost Of Revenue": NaN,
        "Total Revenue": NaN,
        "Operating Revenue": NaN
    },
    "2022-12-31": {
        "Tax Effect Of Unusual Items": NaN,
        "Tax Rate For Calcs": NaN,
        "Normalized EBITDA": NaN,
        "Total Unusual Items": NaN,
        "Total Unusual Items Excluding Goodwill": NaN,
        "Net Income From Continuing Operation Net Minority Interest": NaN,
        "Reconciled Depreciation": NaN,
        "Reconciled Cost Of Revenue": NaN,
        "EBITDA": NaN,
        "EBIT": NaN,
        "Normalized Income": NaN,
        "Net Income From Continuing And Discontinued Operation": NaN,
        "Total Expenses": NaN,
        "Total Operating Income As Reported": NaN,
        "Diluted Average Shares": NaN,
        "Basic Average Shares": NaN,
        "Diluted EPS": NaN,
        "Basic EPS": NaN,
        "Diluted NI Availto Com Stockholders": NaN,
        "Net Income Common Stockholders": NaN,
        "Net Income": NaN,
        "Net Income Including Noncontrolling Interests": NaN,
        "Net Income Continuous Operations": NaN,
        "Tax Provision": NaN,
        "Pretax Income": NaN,
        "Other Income Expense": NaN,
        "Other Non Operating Income Expenses": NaN,
        "Special Income Charges": NaN,
        "Restructuring And Mergern Acquisition": NaN,
        "Operating Income": NaN,
        "Operating Expense": NaN,
        "Other Operating Expenses": NaN,
        "Depreciation Amortization Depletion Income Statement": NaN,
        "Depreciation And Amortization In Income Statement": NaN,
        "Amortization": NaN,
        "Amortization Of Intangibles Income Statement": NaN,
        "Research And Development": NaN,
        "Selling General And Administration": NaN,
        "Selling And Marketing Expense": NaN,
        "General And Administrative Expense": 33527000.0,
        "Other Gand A": 33527000.0,
        "Gross Profit": NaN,
        "Cost Of Revenue": NaN,
        "Total Revenue": NaN,
        "Operating Revenue": NaN
    },
    "2022-09-30": {
        "Tax Effect Of Unusual Items": 0.0,
        "Tax Rate For Calcs": 0.21,
        "Normalized EBITDA": -49004000.0,
        "Net Income From Continuing Operation Net Minority Interest": -128366000.0,
        "Reconciled Depreciation": 19363000.0,
        "Reconciled Cost Of Revenue": 193989000.0,
        "EBITDA": -49004000.0,
        "EBIT": -68367000.0,
        "Normalized Income": -128366000.0,
        "Net Income From Continuing And Discontinued Operation": -128366000.0,
        "Total Expenses": 346558000.0,
        "Total Operating Income As Reported": -68367000.0,
        "Diluted Average Shares": 27264000.0,
        "Basic Average Shares": 27264000.0,
        "Diluted EPS": -4.71,
        "Basic EPS": -4.71,
        "Diluted NI Availto Com Stockholders": -128366000.0,
        "Net Income Common Stockholders": -128366000.0,
        "Net Income": -128366000.0,
        "Net Income Including Noncontrolling Interests": -128366000.0,
        "Net Income Continuous Operations": -128366000.0,
        "Tax Provision": 59020000.0,
        "Pretax Income": -69346000.0,
        "Other Income Expense": -979000.0,
        "Other Non Operating Income Expenses": -979000.0,
        "Operating Income": -68367000.0,
        "Operating Expense": 144774000.0,
        "Depreciation Amortization Depletion Income Statement": 11568000.0,
        "Depreciation And Amortization In Income Statement": 11568000.0,
        "Amortization": 11568000.0,
        "Amortization Of Intangibles Income Statement": 11568000.0,
        "Research And Development": 41425000.0,
        "Selling General And Administration": 91781000.0,
        "Selling And Marketing Expense": 60273000.0,
        "General And Administrative Expense": 31508000.0,
        "Other Gand A": 31508000.0,
        "Salaries And Wages": NaN,
        "Gross Profit": 76407000.0,
        "Cost Of Revenue": 201784000.0,
        "Total Revenue": 278191000.0,
        "Operating Revenue": 278191000.0
    },
    "2022-06-30": {
        "Tax Effect Of Unusual Items": 0.0,
        "Tax Rate For Calcs": 0.343062,
        "Normalized EBITDA": -63389000.0,
        "Net Income From Continuing Operation Net Minority Interest": -43421000.0,
        "Reconciled Depreciation": 525000.0,
        "Reconciled Cost Of Revenue": 174406000.0,
        "EBITDA": -63389000.0,
        "EBIT": -63914000.0,
        "Normalized Income": -43421000.0,
        "Net Income From Continuing And Discontinued Operation": -43421000.0,
        "Total Expenses": 319265000.0,
        "Total Operating Income As Reported": -63914000.0,
        "Diluted Average Shares": 27161000.0,
        "Basic Average Shares": 27161000.0,
        "Diluted EPS": -1.6,
        "Basic EPS": -1.6,
        "Diluted NI Availto Com Stockholders": -43421000.0,
        "Net Income Common Stockholders": -43421000.0,
        "Net Income": -43421000.0,
        "Net Income Including Noncontrolling Interests": -43421000.0,
        "Net Income Continuous Operations": -43421000.0,
        "Tax Provision": -22675000.0,
        "Pretax Income": -66096000.0,
        "Other Income Expense": -2182000.0,
        "Other Non Operating Income Expenses": -2182000.0,
        "Operating Income": -63914000.0,
        "Operating Expense": 144859000.0,
        "Depreciation Amortization Depletion Income Statement": 525000.0,
        "Depreciation And Amortization In Income Statement": 525000.0,
        "Amortization": 525000.0,
        "Amortization Of Intangibles Income Statement": 525000.0,
        "Research And Development": 41937000.0,
        "Selling General And Administration": 102397000.0,
        "Selling And Marketing Expense": 76017000.0,
        "General And Administrative Expense": 26380000.0,
        "Other Gand A": 26380000.0,
        "Salaries And Wages": NaN,
        "Gross Profit": 80945000.0,
        "Cost Of Revenue": 174406000.0,
        "Total Revenue": 255351000.0,
        "Operating Revenue": 255351000.0
    },
    "2022-03-31": {
        "Diluted EPS": -1.12,
        "Total Revenue": 292,
        "Gross Profit": 108,
        "Operating Income": -23,
        "EBIT": -12,
        "Net Income": -30
    },
    "2021-12-31": {
        "Diluted EPS": -1.14,
        "Total Revenue": 455,
        "Gross Profit": 126,
        "Operating Income": -45,
        "EBIT": -36,
        "Net Income": -32
    },
    "2021-09-30": {
        "Diluted EPS": 2.06,
        "Total Revenue": 441,
        "Gross Profit": 163,
        "Operating Income": 40,
        "EBIT": 49,
        "Net Income": 57
    },
    "2021-06-30": {
        "Diluted EPS": -0.1,
        "Total Revenue": 366,
        "Gross Profit": 139,
        "Operating Income": -3,
        "EBIT": 5,
        "Net Income": -3
    },
    "2021-03-31": {
        "Diluted EPS": 0.26,
        "Total Revenue": 303,
        "Gross Profit": 123,
        "Operating Income": 6,
        "EBIT": 14,
        "Net Income": 7
    },
    "2020-12-31": {
        "Diluted EPS": 0.44,
        "Total Revenue": 545,
        "Gross Profit": 215,
        "Operating Income": 15,
        "EBIT": 24,
        "Net Income": 13
    },
    "2020-09-30": {
        "Diluted EPS": 3.27,
        "Total Revenue": 413,
        "Gross Profit": 199,
        "Operating Income": 81,
        "EBIT": 89,
        "Net Income": 93
    },
    "2020-06-30": {
        "Diluted EPS": 2.07,
        "Total Revenue": 280,
        "Gross Profit": 178,
        "Operating Income": 70,
        "EBIT": 81,
        "Net Income": 59
    },
    "2020-03-31": {
        "Diluted EPS": -0.64,
        "Total Revenue": 193,
        "Gross Profit": 78,
        "Operating Income": -20,
        "EBIT": -13,
        "Net Income": -18
    },
    "2019-12-31": {
        "Diluted EPS": 0.7,
        "Total Revenue": 427,
        "Gross Profit": 169,
        "Operating Income": 17,
        "EBIT": 26,
        "Net Income": 20
    },
    "2019-09-30": {
        "Diluted EPS": 1.24,
        "Total Revenue": 289,
        "Gross Profit": 137,
        "Operating Income": 43,
        "EBIT": 52,
        "Net Income": 36
    },
    "2019-06-30": {
        "Diluted EPS": 0.25,
        "Total Revenue": 260,
        "Gross Profit": 118,
        "Operating Income": 5,
        "EBIT": 14,
        "Net Income": 7
    },
    "2019-03-31": {
        "Diluted EPS": 0.78,
        "Total Revenue": 238,
        "Gross Profit": 120,
        "Operating Income": 22,
        "EBIT": 31,
        "Net Income": 23
    },
    "2018-12-31": {
        "Diluted EPS": 0.87,
        "Total Revenue": 385,
        "Gross Profit": 187,
        "Operating Income": 30,
        "EBIT": 39,
        "Net Income": 25
    },
    "2018-09-30": {
        "Diluted EPS": 1.12,
        "Total Revenue": 265,
        "Gross Profit": 135,
        "Operating Income": 37,
        "EBIT": 47,
        "Net Income": 32
    },
    "2018-06-30": {
        "Diluted EPS": 0.37,
        "Total Revenue": 226,
        "Gross Profit": 118,
        "Operating Income": 13,
        "EBIT": 22,
        "Net Income": 10
    },
    "2018-03-31": {
        "Diluted EPS": 0.71,
        "Total Revenue": 217,
        "Gross Profit": 116,
        "Operating Income": 25,
        "EBIT": 34,
        "Net Income": 20
    },
    "2017-12-31": {
        "Diluted EPS": 0.16,
        "Total Revenue": 327,
        "Gross Profit": 154,
        "Operating Income": 23,
        "EBIT": 34,
        "Net Income": 5
    },
    "2017-09-30": {
        "Diluted EPS": 0.76,
        "Total Revenue": 205,
        "Gross Profit": 102,
        "Operating Income": 24,
        "EBIT": 30,
        "Net Income": 22
    },
    "2017-06-30": {
        "Diluted EPS": 0.27,
        "Total Revenue": 183,
        "Gross Profit": 90,
        "Operating Income": 4,
        "EBIT": 9,
        "Net Income": 8
    },
    "2017-03-31": {
        "Diluted EPS": 0.58,
        "Total Revenue": 168,
        "Gross Profit": 87,
        "Operating Income": 22,
        "EBIT": 25,
        "Net Income": 16
    },
    "2016-12-31": {
        "Diluted EPS": 0.48,
        "Total Revenue": 212,
        "Gross Profit": 107,
        "Operating Income": 19,
        "EBIT": 22,
        "Net Income": 14
    },
    "2016-09-30": {
        "Diluted EPS": 0.7,
        "Total Revenue": 169,
        "Gross Profit": 81,
        "Operating Income": 27,
        "EBIT": 31,
        "Net Income": 20
    },
    "2016-06-30": {
        "Diluted EPS": 0.17,
        "Total Revenue": 149,
        "Gross Profit": 70,
        "Operating Income": 6,
        "EBIT": 9,
        "Net Income": 5
    },
    "2016-03-31": {
        "Diluted EPS": 0.13,
        "Total Revenue": 131,
        "Gross Profit": 62,
        "Operating Income": 6,
        "EBIT": 9,
        "Net Income": 4
    },
    "2015-12-31": {
        "Diluted EPS": 0.65,
        "Total Revenue": 206,
        "Gross Profit": 95,
        "Operating Income": 23,
        "EBIT": 28,
        "Net Income": 19
    },
    "2015-09-30": {
        "Diluted EPS": 0.42,
        "Total Revenue": 144,
        "Gross Profit": 70,
        "Operating Income": 19,
        "EBIT": 22,
        "Net Income": 13
    },
    "2015-06-30": {
        "Diluted EPS": 0.24,
        "Total Revenue": 149,
        "Gross Profit": 70,
        "Operating Income": 11,
        "EBIT": 15,
        "Net Income": 7
    },
    "2015-03-31": {
        "Diluted EPS": 0.16,
        "Total Revenue": 118,
        "Gross Profit": 54,
        "Operating Income": 8,
        "EBIT": 11,
        "Net Income": 5
    },
    "2014-12-31": {
        "Diluted EPS": 0.31,
        "Total Revenue": 159,
        "Gross Profit": 76,
        "Operating Income": 13,
        "EBIT": 16,
        "Net Income": 9
    },
    "2014-09-30": {
        "Diluted EPS": 0.48,
        "Total Revenue": 143,
        "Gross Profit": 68,
        "Operating Income": 23,
        "EBIT": 26,
        "Net Income": 15
    },
    "2014-06-30": {
        "Diluted EPS": 0.28,
        "Total Revenue": 140,
        "Gross Profit": 62,
        "Operating Income": 10,
        "EBIT": 13,
        "Net Income": 9
    },
    "2014-03-31": {
        "Diluted EPS": 0.18,
        "Total Revenue": 114,
        "Gross Profit": 52,
        "Operating Income": 8,
        "EBIT": 11,
        "Net Income": 5
    },
    "2013-12-31": {
        "Diluted EPS": 0.11,
        "Total Revenue": 126,
        "Gross Profit": 59,
        "Operating Income": 5,
        "EBIT": 8,
        "Net Income": 3
    },
    "2013-09-30": {
        "Diluted EPS": 0.26,
        "Total Revenue": 125,
        "Gross Profit": 54,
        "Operating Income": 11,
        "EBIT": 14,
        "Net Income": 8
    },
    "2013-06-30": {
        "Diluted EPS": 0.28,
        "Total Revenue": 130,
        "Gross Profit": 62,
        "Operating Income": 8,
        "EBIT": 11,
        "Net Income": 8
    },
    "2013-03-31": {
        "Diluted EPS": 0.29,
        "Total Revenue": 106,
        "Gross Profit": 47,
        "Operating Income": 9,
        "EBIT": 12,
        "Net Income": 8
    },
    "2012-12-31": {
        "Diluted EPS": -0.21,
        "Total Revenue": 101,
        "Gross Profit": 45,
        "Operating Income": -9,
        "EBIT": -5,
        "Net Income": -6
    },
    "2012-09-30": {
        "Diluted EPS": 0.54,
        "Total Revenue": 126,
        "Gross Profit": 58,
        "Operating Income": 23,
        "EBIT": 26,
        "Net Income": 15
    },
    "2012-06-30": {
        "Diluted EPS": 0.26,
        "Total Revenue": 111,
        "Gross Profit": 53,
        "Operating Income": 11,
        "EBIT": 13,
        "Net Income": 7
    },
    "2012-03-31": {
        "Diluted EPS": 0.02,
        "Total Revenue": 98,
        "Gross Profit": 39,
        "Operating Income": 1,
        "EBIT": 3,
        "Net Income": 1
    },
    "2011-12-31": {
        "Diluted EPS": 0.38,
        "Total Revenue": 131,
        "Gross Profit": 72,
        "Operating Income": 15,
        "EBIT": 18,
        "Net Income": 11
    },
    "2011-09-30": {
        "Diluted EPS": 0.5,
        "Total Revenue": 120,
        "Gross Profit": 50,
        "Operating Income": 16,
        "EBIT": 18,
        "Net Income": 14
    },
    "2011-06-30": {
        "Diluted EPS": 0.29,
        "Total Revenue": 108,
        "Gross Profit": 43,
        "Operating Income": 12,
        "EBIT": 14,
        "Net Income": 8
    },
    "2011-03-31": {
        "Diluted EPS": 0.27,
        "Total Revenue": 106,
        "Gross Profit": 43,
        "Operating Income": 11,
        "EBIT": 13,
        "Net Income": 7
    },
    "2010-12-31": {
        "Diluted EPS": 0.25,
        "Total Revenue": 114,
        "Gross Profit": 45,
        "Operating Income": 8,
        "EBIT": 9,
        "Net Income": 7
    },
    "2010-09-30": {
        "Diluted EPS": 0.27,
        "Total Revenue": 94,
        "Gross Profit": 33,
        "Operating Income": 7,
        "EBIT": 9,
        "Net Income": 7
    },
    "2010-06-30": {
        "Diluted EPS": 0.2,
        "Total Revenue": 98,
        "Gross Profit": 34,
        "Operating Income": 8,
        "EBIT": 10,
        "Net Income": 5
    },
    "2010-03-31": {
        "Diluted EPS": 0.24,
        "Total Revenue": 95,
        "Gross Profit": 33,
        "Operating Income": 10,
        "EBIT": 12,
        "Net Income": 6
    },
    "2009-12-31": {
        "Diluted EPS": 0.2,
        "Total Revenue": 102,
        "Gross Profit": 34,
        "Operating Income": 9,
        "EBIT": 11,
        "Net Income": 5
    },
    "2009-09-30": {
        "Diluted EPS": 0.1,
        "Total Revenue": 79,
        "Gross Profit": 24,
        "Operating Income": 4,
        "EBIT": 6,
        "Net Income": 3
    },
    "2009-06-30": {
        "Diluted EPS": -0.1,
        "Total Revenue": 61,
        "Gross Profit": 16,
        "Operating Income": -4,
        "EBIT": -2,
        "Net Income": -3
    },
    "2009-03-31": {
        "Diluted EPS": -0.07,
        "Total Revenue": 57,
        "Gross Profit": 16,
        "Operating Income": -3,
        "EBIT": -2,
        "Net Income": -2
    },
    "2023-06-30": {
        "Tax Effect Of Unusual Items": -1560300.0,
        "Tax Rate For Calcs": 0.21,
        "Normalized EBITDA": -59242000.0,
        "Total Unusual Items": -7430000.0,
        "Total Unusual Items Excluding Goodwill": -7430000.0,
        "Net Income From Continuing Operation Net Minority Interest": -80800000.0,
        "Reconciled Depreciation": 7301000.0,
        "Reconciled Cost Of Revenue": 175941000.0,
        "EBITDA": -66672000.0,
        "EBIT": -73973000.0,
        "Net Interest Income": -875000.0,
        "Interest Expense": 1110000.0,
        "Interest Income": 710000.0,
        "Normalized Income": -74930300.0,
        "Net Income From Continuing And Discontinued Operation": -80800000.0,
        "Total Expenses": 303346000.0,
        "Total Operating Income As Reported": -71056000.0,
        "Diluted Average Shares": 27619000.0,
        "Basic Average Shares": 27619000.0,
        "Diluted EPS": -2.93,
        "Basic EPS": -2.93,
        "Diluted NI Availto Com Stockholders": -80800000.0,
        "Net Income Common Stockholders": -80800000.0,
        "Net Income": -80800000.0,
        "Net Income Including Noncontrolling Interests": -80800000.0,
        "Net Income Continuous Operations": -80800000.0,
        "Tax Provision": 5717000.0,
        "Pretax Income": -75083000.0,
        "Other Income Expense": -7430000.0,
        "Other Non Operating Income Expenses": -4027000.0,
        "Special Income Charges": -4278000.0,
        "Restructuring And Mergern Acquisition": 4278000.0,
        "Gain On Sale Of Security": -3152000.0,
        "Net Non Operating Interest Income Expense": -875000.0,
        "Total Other Finance Cost": 475000.0,
        "Interest Expense Non Operating": 1110000.0,
        "Interest Income Non Operating": 710000.0,
        "Operating Income": -66778000.0,
        "Operating Expense": 120281000.0,
        "Other Operating Expenses": NaN,
        "Depreciation Amortization Depletion Income Statement": 177000.0,
        "Depreciation And Amortization In Income Statement": 177000.0,
        "Amortization": 177000.0,
        "Amortization Of Intangibles Income Statement": 177000.0,
        "Research And Development": 37971000.0,
        "Selling General And Administration": 82133000.0,
        "Selling And Marketing Expense": 55596000.0,
        "General And Administrative Expense": 26537000.0,
        "Other Gand A": 26537000.0,
        "Gross Profit": 53503000.0,
        "Cost Of Revenue": 183065000.0,
        "Total Revenue": 236568000.0,
        "Operating Revenue": 236568000.0
    },
    "2023-09-30": {
        "Tax Effect Of Unusual Items": 0.0,
        "Tax Rate For Calcs": 0.21,
        "Normalized EBITDA": -52970000.0,
        "Total Unusual Items": NaN,
        "Total Unusual Items Excluding Goodwill": NaN,
        "Net Income From Continuing Operation Net Minority Interest": -79205000.0,
        "Reconciled Depreciation": 6524000.0,
        "Reconciled Cost Of Revenue": 131813000.0,
        "EBITDA": -52970000.0,
        "EBIT": -59494000.0,
        "Net Interest Income": NaN,
        "Interest Expense": NaN,
        "Interest Income": NaN,
        "Normalized Income": -79205000.0,
        "Net Income From Continuing And Discontinued Operation": -79205000.0,
        "Total Expenses": 245670000.0,
        "Total Operating Income As Reported": -59494000.0,
        "Diluted Average Shares": 27738000.0,
        "Basic Average Shares": 27738000.0,
        "Diluted EPS": -2.86,
        "Basic EPS": -2.86,
        "Diluted NI Availto Com Stockholders": -79205000.0,
        "Net Income Common Stockholders": -79205000.0,
        "Net Income": -79205000.0,
        "Net Income Including Noncontrolling Interests": -79205000.0,
        "Net Income Continuous Operations": -79205000.0,
        "Tax Provision": 598000.0,
        "Pretax Income": -78607000.0,
        "Other Income Expense": -19113000.0,
        "Other Non Operating Income Expenses": -19113000.0,
        "Special Income Charges": NaN,
        "Restructuring And Mergern Acquisition": NaN,
        "Gain On Sale Of Security": NaN,
        "Net Non Operating Interest Income Expense": NaN,
        "Total Other Finance Cost": NaN,
        "Interest Expense Non Operating": NaN,
        "Interest Income Non Operating": NaN,
        "Operating Income": -59494000.0,
        "Operating Expense": 107507000.0,
        "Other Operating Expenses": NaN,
        "Depreciation Amortization Depletion Income Statement": 174000.0,
        "Depreciation And Amortization In Income Statement": 174000.0,
        "Amortization": 174000.0,
        "Amortization Of Intangibles Income Statement": 174000.0,
        "Research And Development": 37239000.0,
        "Selling General And Administration": 70094000.0,
        "Selling And Marketing Expense": 41744000.0,
        "General And Administrative Expense": 28350000.0,
        "Other Gand A": 28350000.0,
        "Gross Profit": 48013000.0,
        "Cost Of Revenue": 138163000.0,
        "Total Revenue": 186176000.0,
        "Operating Revenue": 186176000.0
    },
    "2023-12-31": {
        "Tax Effect Of Unusual Items": 0.0,
        "Tax Rate For Calcs": 0.21,
        "Normalized EBITDA": -40809000.0,
        "Total Unusual Items": NaN,
        "Total Unusual Items Excluding Goodwill": NaN,
        "Net Income From Continuing Operation Net Minority Interest": -63593000.0,
        "Reconciled Depreciation": 11424000.0,
        "Reconciled Cost Of Revenue": 242826000.0,
        "EBITDA": -40809000.0,
        "EBIT": -52233000.0,
        "Net Interest Income": NaN,
        "Interest Expense": NaN,
        "Interest Income": NaN,
        "Normalized Income": -63593000.0,
        "Net Income From Continuing And Discontinued Operation": -63593000.0,
        "Total Expenses": 359777000.0,
        "Total Operating Income As Reported": -52233000.0,
        "Diluted Average Shares": 27880000.0,
        "Basic Average Shares": 27880000.0,
        "Diluted EPS": -2.28,
        "Basic EPS": -2.28,
        "Diluted NI Availto Com Stockholders": -63593000.0,
        "Net Income Common Stockholders": -63593000.0,
        "Net Income": -63593000.0,
        "Net Income Including Noncontrolling Interests": -63593000.0,
        "Net Income Continuous Operations": -63593000.0,
        "Tax Provision": 6602000.0,
        "Pretax Income": -56991000.0,
        "Other Income Expense": -4758000.0,
        "Other Non Operating Income Expenses": -4758000.0,
        "Special Income Charges": NaN,
        "Restructuring And Mergern Acquisition": NaN,
        "Gain On Sale Of Security": NaN,
        "Net Non Operating Interest Income Expense": NaN,
        "Total Other Finance Cost": NaN,
        "Interest Expense Non Operating": NaN,
        "Interest Income Non Operating": NaN,
        "Operating Income": -52233000.0,
        "Operating Expense": 110364000.0,
        "Other Operating Expenses": NaN,
        "Depreciation Amortization Depletion Income Statement": 4837000.0,
        "Depreciation And Amortization In Income Statement": 4837000.0,
        "Amortization": 4837000.0,
        "Amortization Of Intangibles Income Statement": 4837000.0,
        "Research And Development": 26950000.0,
        "Selling General And Administration": 78577000.0,
        "Selling And Marketing Expense": 59674000.0,
        "General And Administrative Expense": 18903000.0,
        "Other Gand A": 18903000.0,
        "Gross Profit": 58131000.0,
        "Cost Of Revenue": 249413000.0,
        "Total Revenue": 307544000.0,
        "Operating Revenue": 307544000.0
    },
    "2024-03-31": {
        "Tax Effect Of Unusual Items": -169752.0,
        "Tax Rate For Calcs": 0.012,
        "Normalized EBITDA": 46004000.0,
        "Total Unusual Items": -14146000.0,
        "Total Unusual Items Excluding Goodwill": -14146000.0,
        "Net Income From Continuing Operation Net Minority Interest": 8607000.0,
        "Reconciled Depreciation": 5812000.0,
        "Reconciled Cost Of Revenue": 108273000.0,
        "EBITDA": 31858000.0,
        "EBIT": 26046000.0,
        "Net Interest Income": NaN,
        "Interest Expense": NaN,
        "Interest Income": NaN,
        "Normalized Income": 22583248.0,
        "Net Income From Continuing And Discontinued Operation": 8607000.0,
        "Total Expenses": 123968000.0,
        "Total Operating Income As Reported": 11900000.0,
        "Diluted Average Shares": 28266000.0,
        "Basic Average Shares": 28171000.0,
        "Diluted EPS": 0.3,
        "Basic EPS": 0.31,
        "Diluted NI Availto Com Stockholders": 8607000.0,
        "Net Income Common Stockholders": 8607000.0,
        "Net Income": 8607000.0,
        "Net Income Including Noncontrolling Interests": 8607000.0,
        "Net Income Continuous Operations": 8607000.0,
        "Tax Provision": 108000.0,
        "Pretax Income": 8715000.0,
        "Other Income Expense": -17331000.0,
        "Other Non Operating Income Expenses": -3185000.0,
        "Special Income Charges": -14146000.0,
        "Restructuring And Mergern Acquisition": 14146000.0,
        "Gain On Sale Of Security": NaN,
        "Net Non Operating Interest Income Expense": NaN,
        "Total Other Finance Cost": NaN,
        "Interest Expense Non Operating": NaN,
        "Interest Income Non Operating": NaN,
        "Operating Income": 26046000.0,
        "Operating Expense": 10055000.0,
        "Other Operating Expenses": -53711000.0,
        "Depreciation Amortization Depletion Income Statement": 172000.0,
        "Depreciation And Amortization In Income Statement": 172000.0,
        "Amortization": 172000.0,
        "Amortization Of Intangibles Income Statement": 172000.0,
        "Research And Development": 33878000.0,
        "Selling General And Administration": 29716000.0,
        "Selling And Marketing Expense": 29716000.0,
        "General And Administrative Expense": NaN,
        "Other Gand A": NaN,
        "Gross Profit": 36101000.0,
        "Cost Of Revenue": 113913000.0,
        "Total Revenue": 150014000.0,
        "Operating Revenue": 150014000.0
    },
    "2024-06-30": {
        "Tax Effect Of Unusual Items": -1728300.0,
        "Tax Rate For Calcs": 0.21,
        "Normalized EBITDA": -50985000.0,
        "Total Unusual Items": -8230000.0,
        "Total Unusual Items Excluding Goodwill": -8230000.0,
        "Net Income From Continuing Operation Net Minority Interest": -70646000.0,
        "Reconciled Depreciation": 5304000.0,
        "Reconciled Cost Of Revenue": 133759000.0,
        "EBITDA": -59215000.0,
        "EBIT": -64519000.0,
        "Net Interest Income": -8849000.0,
        "Interest Expense": 5398000.0,
        "Interest Income": 2623000.0,
        "Normalized Income": -64144300.0,
        "Net Income From Continuing And Discontinued Operation": -70646000.0,
        "Total Expenses": 219199000.0,
        "Total Operating Income As Reported": -61068000.0,
        "Diluted Average Shares": 29309000.0,
        "Basic Average Shares": 29309000.0,
        "Diluted EPS": -2.41,
        "Basic EPS": -2.41,
        "Diluted NI Availto Com Stockholders": -70646000.0,
        "Net Income Common Stockholders": -70646000.0,
        "Net Income": -70646000.0,
        "Net Income Including Noncontrolling Interests": -70646000.0,
        "Net Income Continuous Operations": -70646000.0,
        "Tax Provision": 729000.0,
        "Pretax Income": -69917000.0,
        "Other Income Expense": -8230000.0,
        "Other Non Operating Income Expenses": NaN,
        "Special Income Charges": -8230000.0,
        "Restructuring And Mergern Acquisition": 8230000.0,
        "Gain On Sale Of Security": NaN,
        "Net Non Operating Interest Income Expense": -8849000.0,
        "Total Other Finance Cost": 6074000.0,
        "Interest Expense Non Operating": 5398000.0,
        "Interest Income Non Operating": 2623000.0,
        "Operating Income": -52838000.0,
        "Operating Expense": 80304000.0,
        "Other Operating Expenses": NaN,
        "Depreciation Amortization Depletion Income Statement": 168000.0,
        "Depreciation And Amortization In Income Statement": 168000.0,
        "Amortization": 168000.0,
        "Amortization Of Intangibles Income Statement": 168000.0,
        "Research And Development": 23230000.0,
        "Selling General And Administration": 56906000.0,
        "Selling And Marketing Expense": 39980000.0,
        "General And Administrative Expense": 16926000.0,
        "Other Gand A": 16926000.0,
        "Gross Profit": 27466000.0,
        "Cost Of Revenue": 138895000.0,
        "Total Revenue": 166361000.0,
        "Operating Revenue": 166361000.0
    }
}