{
    "2023-06-30": {
        "Tax Effect Of Unusual Items": 0.0,
        "Tax Rate For Calcs": 0.152,
        "Normalized EBITDA": 99017000.0,
        "Net Income From Continuing Operation Net Minority Interest": -30741000.0,
        "Reconciled Depreciation": 114569000.0,
        "Reconciled Cost Of Revenue": 51545000.0,
        "EBITDA": 99017000.0,
        "EBIT": -15552000.0,
        "Net Interest Income": -18723000.0,
        "Interest Expense": 18723000.0,
        "Normalized Income": -30741000.0,
        "Net Income From Continuing And Discontinued Operation": -30741000.0,
        "Total Expenses": 209079000.0,
        "Total Operating Income As Reported": -15971000.0,
        "Diluted Average Shares": 126239000.0,
        "Basic Average Shares": 126239000.0,
        "Diluted EPS": -0.24,
        "Basic EPS": -0.24,
        "Diluted NI Availto Com Stockholders": -30741000.0,
        "Net Income Common Stockholders": -30741000.0,
        "Net Income": -30741000.0,
        "Net Income Including Noncontrolling Interests": -30741000.0,
        "Net Income Continuous Operations": -30741000.0,
        "Earnings From Equity Interest Net Of Tax": -1677000.0,
        "Tax Provision": -5211000.0,
        "Pretax Income": -34275000.0,
        "Other Income Expense": 419000.0,
        "Other Non Operating Income Expenses": 419000.0,
        "Net Non Operating Interest Income Expense": -18723000.0,
        "Interest Expense Non Operating": 18723000.0,
        "Operating Income": -15971000.0,
        "Operating Expense": 157534000.0,
        "Depreciation Amortization Depletion Income Statement": 114569000.0,
        "Depreciation And Amortization In Income Statement": 114569000.0,
        "Research And Development": 5626000.0,
        "Selling General And Administration": 37339000.0,
        "Gross Profit": 141563000.0,
        "Cost Of Revenue": 51545000.0,
        "Total Revenue": 193108000.0,
        "Operating Revenue": 193108000.0
    },
    "2023-03-31": {
        "Tax Effect Of Unusual Items": 0.0,
        "Tax Rate For Calcs": 0.21,
        "Normalized EBITDA": 99186000.0,
        "Total Unusual Items": NaN,
        "Total Unusual Items Excluding Goodwill": NaN,
        "Net Income From Continuing Operation Net Minority Interest": 9775000.0,
        "Reconciled Depreciation": 75819000.0,
        "Reconciled Cost Of Revenue": 63744000.0,
        "EBITDA": 99186000.0,
        "EBIT": 23367000.0,
        "Net Interest Income": -17890000.0,
        "Interest Expense": 17890000.0,
        "Normalized Income": 9775000.0,
        "Net Income From Continuing And Discontinued Operation": 9775000.0,
        "Total Expenses": 182125000.0,
        "Total Operating Income As Reported": 23148000.0,
        "Diluted Average Shares": 128738000.0,
        "Basic Average Shares": 127058000.0,
        "Diluted EPS": 0.08,
        "Basic EPS": 0.08,
        "Diluted NI Availto Com Stockholders": 9775000.0,
        "Net Income Common Stockholders": 9775000.0,
        "Net Income": 9775000.0,
        "Net Income Including Noncontrolling Interests": 9775000.0,
        "Net Income Continuous Operations": 9775000.0,
        "Earnings From Equity Interest Net Of Tax": -1155000.0,
        "Tax Provision": -5453000.0,
        "Pretax Income": 5477000.0,
        "Other Income Expense": 219000.0,
        "Other Non Operating Income Expenses": 219000.0,
        "Special Income Charges": NaN,
        "Net Non Operating Interest Income Expense": -17890000.0,
        "Interest Expense Non Operating": 17890000.0,
        "Operating Income": 23148000.0,
        "Operating Expense": 118381000.0,
        "Depreciation Amortization Depletion Income Statement": 75819000.0,
        "Depreciation And Amortization In Income Statement": 75819000.0,
        "Research And Development": 3878000.0,
        "Selling General And Administration": 38684000.0,
        "Gross Profit": 141529000.0,
        "Cost Of Revenue": 63744000.0,
        "Total Revenue": 205273000.0,
        "Operating Revenue": 205273000.0
    },
    "2022-12-31": {
        "Tax Effect Of Unusual Items": NaN,
        "Tax Rate For Calcs": NaN,
        "Normalized EBITDA": NaN,
        "Total Unusual Items": -1187000.0,
        "Total Unusual Items Excluding Goodwill": -1187000.0,
        "Net Income From Continuing Operation Net Minority Interest": NaN,
        "Reconciled Depreciation": NaN,
        "Reconciled Cost Of Revenue": NaN,
        "EBITDA": NaN,
        "EBIT": NaN,
        "Net Interest Income": NaN,
        "Interest Expense": NaN,
        "Normalized Income": NaN,
        "Net Income From Continuing And Discontinued Operation": NaN,
        "Total Expenses": NaN,
        "Total Operating Income As Reported": NaN,
        "Diluted Average Shares": NaN,
        "Basic Average Shares": NaN,
        "Diluted EPS": NaN,
        "Basic EPS": NaN,
        "Diluted NI Availto Com Stockholders": NaN,
        "Net Income Common Stockholders": NaN,
        "Net Income": NaN,
        "Net Income Including Noncontrolling Interests": NaN,
        "Net Income Continuous Operations": NaN,
        "Earnings From Equity Interest Net Of Tax": NaN,
        "Tax Provision": NaN,
        "Pretax Income": NaN,
        "Other Income Expense": NaN,
        "Other Non Operating Income Expenses": NaN,
        "Special Income Charges": -1187000.0,
        "Net Non Operating Interest Income Expense": NaN,
        "Interest Expense Non Operating": NaN,
        "Operating Income": NaN,
        "Operating Expense": NaN,
        "Depreciation Amortization Depletion Income Statement": NaN,
        "Depreciation And Amortization In Income Statement": NaN,
        "Research And Development": NaN,
        "Selling General And Administration": NaN,
        "Gross Profit": NaN,
        "Cost Of Revenue": NaN,
        "Total Revenue": NaN,
        "Operating Revenue": NaN
    },
    "2022-09-30": {
        "Tax Effect Of Unusual Items": NaN,
        "Tax Rate For Calcs": NaN,
        "Normalized EBITDA": NaN,
        "Total Unusual Items": 0.0,
        "Total Unusual Items Excluding Goodwill": 0.0,
        "Net Income From Continuing Operation Net Minority Interest": NaN,
        "Reconciled Depreciation": NaN,
        "Reconciled Cost Of Revenue": NaN,
        "EBITDA": NaN,
        "EBIT": NaN,
        "Net Interest Income": NaN,
        "Interest Expense": NaN,
        "Normalized Income": NaN,
        "Net Income From Continuing And Discontinued Operation": NaN,
        "Total Expenses": NaN,
        "Total Operating Income As Reported": NaN,
        "Diluted Average Shares": NaN,
        "Basic Average Shares": NaN,
        "Diluted EPS": NaN,
        "Basic EPS": NaN,
        "Diluted NI Availto Com Stockholders": NaN,
        "Net Income Common Stockholders": NaN,
        "Net Income": NaN,
        "Net Income Including Noncontrolling Interests": NaN,
        "Net Income Continuous Operations": NaN,
        "Earnings From Equity Interest Net Of Tax": NaN,
        "Tax Provision": NaN,
        "Pretax Income": NaN,
        "Other Income Expense": NaN,
        "Other Non Operating Income Expenses": NaN,
        "Special Income Charges": 0.0,
        "Net Non Operating Interest Income Expense": NaN,
        "Interest Expense Non Operating": NaN,
        "Operating Income": NaN,
        "Operating Expense": NaN,
        "Depreciation Amortization Depletion Income Statement": NaN,
        "Depreciation And Amortization In Income Statement": NaN,
        "Research And Development": NaN,
        "Selling General And Administration": NaN,
        "Gross Profit": NaN,
        "Cost Of Revenue": NaN,
        "Total Revenue": NaN,
        "Operating Revenue": NaN
    },
    "2022-06-30": {
        "Tax Effect Of Unusual Items": 0.0,
        "Tax Rate For Calcs": 0.214,
        "Normalized EBITDA": 96260000.0,
        "Total Unusual Items": NaN,
        "Total Unusual Items Excluding Goodwill": NaN,
        "Net Income From Continuing Operation Net Minority Interest": 4557000.0,
        "Reconciled Depreciation": 75681000.0,
        "Reconciled Cost Of Revenue": 46791000.0,
        "EBITDA": 96260000.0,
        "EBIT": 20579000.0,
        "Net Interest Income": -14780000.0,
        "Interest Expense": 14780000.0,
        "Normalized Income": 4557000.0,
        "Net Income From Continuing And Discontinued Operation": 4557000.0,
        "Total Expenses": 154120000.0,
        "Total Operating Income As Reported": 20799000.0,
        "Diluted Average Shares": 129611000.0,
        "Basic Average Shares": 128351000.0,
        "Diluted EPS": 0.04,
        "Basic EPS": 0.04,
        "Diluted NI Availto Com Stockholders": 4557000.0,
        "Net Income Common Stockholders": 4557000.0,
        "Net Income": 4557000.0,
        "Net Income Including Noncontrolling Interests": 4557000.0,
        "Net Income Continuous Operations": 4557000.0,
        "Earnings From Equity Interest Net Of Tax": NaN,
        "Tax Provision": 1242000.0,
        "Pretax Income": 5799000.0,
        "Other Income Expense": -220000.0,
        "Other Non Operating Income Expenses": -220000.0,
        "Special Income Charges": NaN,
        "Other Special Charges": NaN,
        "Earnings From Equity Interest": NaN,
        "Net Non Operating Interest Income Expense": -14780000.0,
        "Interest Expense Non Operating": 14780000.0,
        "Operating Income": 20799000.0,
        "Operating Expense": 107329000.0,
        "Depreciation Amortization Depletion Income Statement": 75681000.0,
        "Depreciation And Amortization In Income Statement": 75681000.0,
        "Research And Development": 2986000.0,
        "Selling General And Administration": 28662000.0,
        "Gross Profit": 128128000.0,
        "Cost Of Revenue": 46791000.0,
        "Total Revenue": 174919000.0,
        "Operating Revenue": 174919000.0
    },
    "2022-03-31": {
        "Diluted EPS": 0.02,
        "Total Revenue": 168,
        "Gross Profit": 124,
        "Operating Income": 19,
        "EBIT": 96,
        "Net Income": 3
    },
    "2021-12-31": {
        "Diluted EPS": -0.04,
        "Total Revenue": 156,
        "Gross Profit": 119,
        "Operating Income": 11,
        "EBIT": 88,
        "Net Income": -6
    },
    "2021-09-30": {
        "Diluted EPS": -0.02,
        "Total Revenue": 162,
        "Gross Profit": 121,
        "Operating Income": 15,
        "EBIT": 94,
        "Net Income": -2
    },
    "2021-06-30": {
        "Diluted EPS": 0.03,
        "Total Revenue": 150,
        "Gross Profit": 114,
        "Operating Income": 12,
        "EBIT": 88,
        "Net Income": 4
    },
    "2021-03-31": {
        "Diluted EPS": -0.04,
        "Total Revenue": 147,
        "Gross Profit": 110,
        "Operating Income": 9,
        "EBIT": 86,
        "Net Income": -5
    },
    "2020-12-31": {
        "Diluted EPS": -0.06,
        "Total Revenue": 147,
        "Gross Profit": 113,
        "Operating Income": 5,
        "EBIT": 82,
        "Net Income": -8
    },
    "2020-09-30": {
        "Diluted EPS": -0.03,
        "Total Revenue": 151,
        "Gross Profit": 112,
        "Operating Income": 13,
        "EBIT": 89,
        "Net Income": -4
    },
    "2020-06-30": {
        "Diluted EPS": -0.09,
        "Total Revenue": 140,
        "Gross Profit": 105,
        "Operating Income": 6,
        "EBIT": 82,
        "Net Income": -12
    },
    "2020-03-31": {
        "Diluted EPS": -0.24,
        "Total Revenue": 145,
        "Gross Profit": 111,
        "Operating Income": 12,
        "EBIT": 89,
        "Net Income": -32
    },
    "2019-12-31": {
        "Diluted EPS": -0.85,
        "Total Revenue": 139,
        "Gross Profit": 104,
        "Operating Income": 0,
        "EBIT": 79,
        "Net Income": -108
    },
    "2019-09-30": {
        "Diluted EPS": -0.14,
        "Total Revenue": 145,
        "Gross Profit": 108,
        "Operating Income": 8,
        "EBIT": 88,
        "Net Income": -18
    },
    "2019-06-30": {
        "Diluted EPS": -0.16,
        "Total Revenue": 143,
        "Gross Profit": 104,
        "Operating Income": 4,
        "EBIT": 84,
        "Net Income": -20
    },
    "2019-03-31": {
        "Diluted EPS": -0.18,
        "Total Revenue": 134,
        "Gross Profit": 99,
        "Operating Income": -2,
        "EBIT": 76,
        "Net Income": -20
    },
    "2018-12-31": {
        "Diluted EPS": -0.1,
        "Total Revenue": 132,
        "Gross Profit": 98,
        "Operating Income": 0,
        "EBIT": 71,
        "Net Income": -10
    },
    "2018-09-30": {
        "Diluted EPS": -0.13,
        "Total Revenue": 137,
        "Gross Profit": 100,
        "Operating Income": 6,
        "EBIT": 72,
        "Net Income": -15
    },
    "2018-06-30": {
        "Diluted EPS": -0.06,
        "Total Revenue": 135,
        "Gross Profit": 97,
        "Operating Income": 16,
        "EBIT": 69,
        "Net Income": -7
    },
    "2018-03-31": {
        "Diluted EPS": 0.07,
        "Total Revenue": 119,
        "Gross Profit": 85,
        "Operating Income": 19,
        "EBIT": 58,
        "Net Income": 8
    },
    "2017-12-31": {
        "Diluted EPS": 1.09,
        "Total Revenue": 115,
        "Gross Profit": 83,
        "Operating Income": -14,
        "EBIT": -14,
        "Net Income": 138
    },
    "2017-09-30": {
        "Diluted EPS": 0.23,
        "Total Revenue": 117,
        "Gross Profit": 83,
        "Operating Income": 38,
        "EBIT": 38,
        "Net Income": 25
    },
    "2017-06-30": {
        "Diluted EPS": 0.2,
        "Total Revenue": 112,
        "Gross Profit": 79,
        "Operating Income": 36,
        "EBIT": 36,
        "Net Income": 21
    },
    "2017-03-31": {
        "Diluted EPS": 0.3,
        "Total Revenue": 104,
        "Gross Profit": 77,
        "Operating Income": 56,
        "EBIT": 56,
        "Net Income": 34
    },
    "2016-12-31": {
        "Diluted EPS": 0.18,
        "Total Revenue": 107,
        "Gross Profit": 80,
        "Operating Income": 42,
        "EBIT": 42,
        "Net Income": 20
    },
    "2016-09-30": {
        "Diluted EPS": 0.26,
        "Total Revenue": 113,
        "Gross Profit": 85,
        "Operating Income": 50,
        "EBIT": 50,
        "Net Income": 28
    },
    "2016-06-30": {
        "Diluted EPS": 0.22,
        "Total Revenue": 109,
        "Gross Profit": 81,
        "Operating Income": 42,
        "EBIT": 42,
        "Net Income": 23
    },
    "2016-03-31": {
        "Diluted EPS": 0.23,
        "Total Revenue": 104,
        "Gross Profit": 78,
        "Operating Income": 43,
        "EBIT": 43,
        "Net Income": 25
    },
    "2015-12-31": {
        "Diluted EPS": -0.71,
        "Total Revenue": 106,
        "Gross Profit": 80,
        "Operating Income": -49,
        "EBIT": -49,
        "Net Income": -73
    },
    "2015-09-30": {
        "Diluted EPS": 0.24,
        "Total Revenue": 106,
        "Gross Profit": 80,
        "Operating Income": 47,
        "EBIT": 47,
        "Net Income": 26
    },
    "2015-06-30": {
        "Diluted EPS": 0.21,
        "Total Revenue": 102,
        "Gross Profit": 78,
        "Operating Income": 42,
        "EBIT": 42,
        "Net Income": 22
    },
    "2015-03-31": {
        "Diluted EPS": 0.17,
        "Total Revenue": 97,
        "Gross Profit": 71,
        "Operating Income": 33,
        "EBIT": 33,
        "Net Income": 17
    },
    "2014-12-31": {
        "Diluted EPS": 0.19,
        "Total Revenue": 101,
        "Gross Profit": 74,
        "Operating Income": 32,
        "EBIT": 32,
        "Net Income": 19
    },
    "2014-09-30": {
        "Diluted EPS": 0.17,
        "Total Revenue": 107,
        "Gross Profit": 76,
        "Operating Income": 33,
        "EBIT": 33,
        "Net Income": 17
    },
    "2014-06-30": {
        "Diluted EPS": 0.14,
        "Total Revenue": 103,
        "Gross Profit": 73,
        "Operating Income": 30,
        "EBIT": 30,
        "Net Income": 12
    },
    "2014-03-31": {
        "Diluted EPS": 0.19,
        "Total Revenue": 98,
        "Gross Profit": 70,
        "Operating Income": 28,
        "EBIT": 28,
        "Net Income": 15
    },
    "2013-12-31": {
        "Diluted EPS": 0.17,
        "Total Revenue": 98,
        "Gross Profit": 70,
        "Operating Income": 26,
        "EBIT": 26,
        "Net Income": 14
    },
    "2013-09-30": {
        "Diluted EPS": 0.19,
        "Total Revenue": 101,
        "Gross Profit": 70,
        "Operating Income": 29,
        "EBIT": 29,
        "Net Income": 15
    },
    "2013-06-30": {
        "Diluted EPS": 0.18,
        "Total Revenue": 95,
        "Gross Profit": 68,
        "Operating Income": 29,
        "EBIT": 29,
        "Net Income": 14
    },
    "2013-03-31": {
        "Diluted EPS": 0.17,
        "Total Revenue": 89,
        "Gross Profit": 64,
        "Operating Income": 25,
        "EBIT": 25,
        "Net Income": 13
    },
    "2012-12-31": {
        "Diluted EPS": 0.21,
        "Total Revenue": 92,
        "Gross Profit": 67,
        "Operating Income": 31,
        "EBIT": 31,
        "Net Income": 15
    },
    "2012-09-30": {
        "Diluted EPS": 0.23,
        "Total Revenue": 100,
        "Gross Profit": 72,
        "Operating Income": 32,
        "EBIT": 32,
        "Net Income": 18
    },
    "2012-06-30": {
        "Diluted EPS": 0.23,
        "Total Revenue": 97,
        "Gross Profit": 68,
        "Operating Income": 28,
        "EBIT": 28,
        "Net Income": 18
    },
    "2012-03-31": {
        "Diluted EPS": 0.16,
        "Total Revenue": 93,
        "Gross Profit": 62,
        "Operating Income": 14,
        "EBIT": 14,
        "Net Income": 12
    },
    "2011-12-31": {
        "Diluted EPS": 0.13,
        "Total Revenue": 95,
        "Gross Profit": 63,
        "Operating Income": 16,
        "EBIT": 16,
        "Net Income": 9
    },
    "2011-09-30": {
        "Diluted EPS": 0.16,
        "Total Revenue": 102,
        "Gross Profit": 71,
        "Operating Income": 24,
        "EBIT": 24,
        "Net Income": 12
    },
    "2011-06-30": {
        "Diluted EPS": 0.16,
        "Total Revenue": 96,
        "Gross Profit": 64,
        "Operating Income": 21,
        "EBIT": 21,
        "Net Income": 12
    },
    "2011-03-31": {
        "Diluted EPS": 0.11,
        "Total Revenue": 91,
        "Gross Profit": 61,
        "Operating Income": 16,
        "EBIT": 16,
        "Net Income": 8
    },
    "2010-12-31": {
        "Diluted EPS": 0.11,
        "Total Revenue": 88,
        "Gross Profit": 60,
        "Operating Income": 15,
        "EBIT": 15,
        "Net Income": 7
    },
    "2010-09-30": {
        "Diluted EPS": 0.14,
        "Total Revenue": 95,
        "Gross Profit": 62,
        "Operating Income": 21,
        "EBIT": 21,
        "Net Income": 11
    },
    "2010-06-30": {
        "Diluted EPS": 0.04,
        "Total Revenue": 84,
        "Gross Profit": 53,
        "Operating Income": 6,
        "EBIT": 6,
        "Net Income": 3
    },
    "2010-03-31": {
        "Diluted EPS": -0.02,
        "Total Revenue": 82,
        "Gross Profit": 38,
        "Operating Income": -4,
        "EBIT": -4,
        "Net Income": -1
    },
    "2009-12-31": {
        "Diluted EPS": 0.03,
        "Total Revenue": NaN,
        "Gross Profit": NaN,
        "Operating Income": -82,
        "EBIT": -82,
        "Net Income": -3
    },
    "2009-09-30": {
        "Diluted EPS": -0.81,
        "Total Revenue": NaN,
        "Gross Profit": NaN,
        "Operating Income": -6,
        "EBIT": -6,
        "Net Income": -39
    },
    "2009-06-30": {
        "Diluted EPS": 0.0,
        "Total Revenue": NaN,
        "Gross Profit": NaN,
        "Operating Income": 0,
        "EBIT": 0,
        "Net Income": 0
    },
    "2009-03-31": {
        "Diluted EPS": 0.0,
        "Total Revenue": NaN,
        "Gross Profit": NaN,
        "Operating Income": 0,
        "EBIT": 0,
        "Net Income": 0
    },
    "2023-09-30": {
        "Tax Effect Of Unusual Items": 0.0,
        "Tax Rate For Calcs": 0.21,
        "Normalized EBITDA": 105323000.0,
        "Net Income From Continuing Operation Net Minority Interest": -1642000.0,
        "Reconciled Depreciation": 76825000.0,
        "Reconciled Cost Of Revenue": 54217000.0,
        "EBITDA": 105323000.0,
        "EBIT": 28498000.0,
        "Net Interest Income": -34660000.0,
        "Interest Expense": 34660000.0,
        "Normalized Income": -1642000.0,
        "Net Income From Continuing And Discontinued Operation": -1642000.0,
        "Total Expenses": 169447000.0,
        "Total Operating Income As Reported": 28155000.0,
        "Diluted Average Shares": 125176000.0,
        "Basic Average Shares": 125176000.0,
        "Diluted EPS": -0.01,
        "Basic EPS": -0.01,
        "Diluted NI Availto Com Stockholders": -1642000.0,
        "Net Income Common Stockholders": -1642000.0,
        "Net Income": -1642000.0,
        "Net Income Including Noncontrolling Interests": -1642000.0,
        "Net Income Continuous Operations": -1642000.0,
        "Earnings From Equity Interest Net Of Tax": -1489000.0,
        "Tax Provision": -6009000.0,
        "Pretax Income": -6162000.0,
        "Other Income Expense": 343000.0,
        "Other Non Operating Income Expenses": 343000.0,
        "Net Non Operating Interest Income Expense": -34660000.0,
        "Interest Expense Non Operating": 34660000.0,
        "Operating Income": 28155000.0,
        "Operating Expense": 115230000.0,
        "Depreciation Amortization Depletion Income Statement": 76825000.0,
        "Depreciation And Amortization In Income Statement": 76825000.0,
        "Research And Development": 5037000.0,
        "Selling General And Administration": 33368000.0,
        "Gross Profit": 143385000.0,
        "Cost Of Revenue": 54217000.0,
        "Total Revenue": 197602000.0,
        "Operating Revenue": 197602000.0
    },
    "2023-12-31": {
        "Tax Effect Of Unusual Items": 0.0,
        "Tax Rate For Calcs": 0.21,
        "Normalized EBITDA": 102114000.0,
        "Net Income From Continuing Operation Net Minority Interest": 38023000.0,
        "Reconciled Depreciation": 52787000.0,
        "Reconciled Cost Of Revenue": 55614000.0,
        "EBITDA": 102114000.0,
        "EBIT": 49327000.0,
        "Net Interest Income": -19114000.0,
        "Interest Expense": 19114000.0,
        "Normalized Income": 38023000.0,
        "Net Income From Continuing And Discontinued Operation": 38023000.0,
        "Total Expenses": 148444000.0,
        "Total Operating Income As Reported": 46296000.0,
        "Diluted Average Shares": 126743333.0,
        "Basic Average Shares": 122776000.0,
        "Diluted EPS": 0.3,
        "Basic EPS": 0.309694,
        "Diluted NI Availto Com Stockholders": 38023000.0,
        "Net Income Common Stockholders": 38023000.0,
        "Net Income": 38023000.0,
        "Net Income Including Noncontrolling Interests": 38023000.0,
        "Net Income Continuous Operations": 38023000.0,
        "Earnings From Equity Interest Net Of Tax": -1768000.0,
        "Tax Provision": -9578000.0,
        "Pretax Income": 30213000.0,
        "Other Income Expense": 3031000.0,
        "Other Non Operating Income Expenses": 3031000.0,
        "Net Non Operating Interest Income Expense": -19114000.0,
        "Interest Expense Non Operating": 19114000.0,
        "Operating Income": 46296000.0,
        "Operating Expense": 92830000.0,
        "Depreciation Amortization Depletion Income Statement": 52787000.0,
        "Depreciation And Amortization In Income Statement": 52787000.0,
        "Research And Development": 5728000.0,
        "Selling General And Administration": 34315000.0,
        "Gross Profit": 139126000.0,
        "Cost Of Revenue": 55614000.0,
        "Total Revenue": 194740000.0,
        "Operating Revenue": 194740000.0
    },
    "2024-03-31": {
        "Tax Effect Of Unusual Items": 0.0,
        "Tax Rate For Calcs": 0.272,
        "Normalized EBITDA": 99558000.0,
        "Net Income From Continuing Operation Net Minority Interest": 19653000.0,
        "Reconciled Depreciation": 49744000.0,
        "Reconciled Cost Of Revenue": 60329000.0,
        "EBITDA": 99558000.0,
        "EBIT": 49814000.0,
        "Net Interest Income": -20663000.0,
        "Interest Expense": 20663000.0,
        "Normalized Income": 19653000.0,
        "Net Income From Continuing And Discontinued Operation": 19653000.0,
        "Total Expenses": 154082000.0,
        "Total Operating Income As Reported": 49771000.0,
        "Diluted Average Shares": 123993000.0,
        "Basic Average Shares": 123151000.0,
        "Diluted EPS": 0.16,
        "Basic EPS": 0.16,
        "Diluted NI Availto Com Stockholders": 19653000.0,
        "Net Income Common Stockholders": 19653000.0,
        "Net Income": 19653000.0,
        "Net Income Including Noncontrolling Interests": 19653000.0,
        "Net Income Continuous Operations": 19653000.0,
        "Earnings From Equity Interest Net Of Tax": -1567000.0,
        "Tax Provision": 7931000.0,
        "Pretax Income": 29151000.0,
        "Other Income Expense": 43000.0,
        "Other Non Operating Income Expenses": 43000.0,
        "Net Non Operating Interest Income Expense": -20663000.0,
        "Interest Expense Non Operating": 20663000.0,
        "Operating Income": 49771000.0,
        "Operating Expense": 93753000.0,
        "Depreciation Amortization Depletion Income Statement": 49744000.0,
        "Depreciation And Amortization In Income Statement": 49744000.0,
        "Research And Development": 7198000.0,
        "Selling General And Administration": 36811000.0,
        "Gross Profit": 143524000.0,
        "Cost Of Revenue": 60329000.0,
        "Total Revenue": 203853000.0,
        "Operating Revenue": 203853000.0
    },
    "2024-06-30": {
        "Tax Effect Of Unusual Items": 0.0,
        "Tax Rate For Calcs": 0.238,
        "Normalized EBITDA": 93776000.0,
        "Net Income From Continuing Operation Net Minority Interest": 32336000.0,
        "Reconciled Depreciation": 50776000.0,
        "Reconciled Cost Of Revenue": 53410000.0,
        "EBITDA": 93776000.0,
        "EBIT": 43000000.0,
        "Net Interest Income": -23797000.0,
        "Interest Expense": 23797000.0,
        "Normalized Income": 32336000.0,
        "Net Income From Continuing And Discontinued Operation": 32336000.0,
        "Total Expenses": 157421000.0,
        "Total Operating Income As Reported": 43646000.0,
        "Diluted Average Shares": 121242000.0,
        "Basic Average Shares": 120612000.0,
        "Diluted EPS": 0.27,
        "Basic EPS": 0.27,
        "Diluted NI Availto Com Stockholders": 32336000.0,
        "Net Income Common Stockholders": 32336000.0,
        "Net Income": 32336000.0,
        "Net Income Including Noncontrolling Interests": 32336000.0,
        "Net Income Continuous Operations": 32336000.0,
        "Earnings From Equity Interest Net Of Tax": 17698000.0,
        "Tax Provision": 4565000.0,
        "Pretax Income": 19203000.0,
        "Other Income Expense": -646000.0,
        "Other Non Operating Income Expenses": -646000.0,
        "Net Non Operating Interest Income Expense": -23797000.0,
        "Interest Expense Non Operating": 23797000.0,
        "Operating Income": 43646000.0,
        "Operating Expense": 104011000.0,
        "Depreciation Amortization Depletion Income Statement": 50776000.0,
        "Depreciation And Amortization In Income Statement": 50776000.0,
        "Research And Development": 6512000.0,
        "Selling General And Administration": 46723000.0,
        "Gross Profit": 147657000.0,
        "Cost Of Revenue": 53410000.0,
        "Total Revenue": 201067000.0,
        "Operating Revenue": 201067000.0
    }
}