{
    "2023-03-31": {
        "Tax Effect Of Unusual Items": 0.0,
        "Tax Rate For Calcs": 0.21,
        "Normalized EBITDA": -25100000.0,
        "Total Unusual Items": NaN,
        "Total Unusual Items Excluding Goodwill": NaN,
        "Net Income From Continuing Operation Net Minority Interest": -22781000.0,
        "Reconciled Depreciation": 25000.0,
        "EBITDA": -25100000.0,
        "EBIT": -25125000.0,
        "Net Interest Income": 2367000.0,
        "Interest Income": 2367000.0,
        "Normalized Income": -22781000.0,
        "Net Income From Continuing And Discontinued Operation": -22781000.0,
        "Total Expenses": 25125000.0,
        "Total Operating Income As Reported": -25125000.0,
        "Diluted Average Shares": 18954914.0,
        "Basic Average Shares": 18954914.0,
        "Diluted EPS": -1.2,
        "Basic EPS": -1.2,
        "Diluted NI Availto Com Stockholders": -22781000.0,
        "Net Income Common Stockholders": -22781000.0,
        "Net Income": -22781000.0,
        "Net Income Including Noncontrolling Interests": -22781000.0,
        "Net Income Continuous Operations": -22781000.0,
        "Tax Provision": 23000.0,
        "Pretax Income": -22758000.0,
        "Other Income Expense": NaN,
        "Other Non Operating Income Expenses": NaN,
        "Special Income Charges": NaN,
        "Restructuring And Mergern Acquisition": NaN,
        "Net Non Operating Interest Income Expense": 2367000.0,
        "Interest Income Non Operating": 2367000.0,
        "Operating Income": -25125000.0,
        "Operating Expense": 25125000.0,
        "Research And Development": 20180000.0,
        "Selling General And Administration": 4945000.0,
        "General And Administrative Expense": 4945000.0,
        "Other Gand A": 4945000.0,
        "Salaries And Wages": NaN,
        "Total Revenue": 0.0,
        "Operating Revenue": 0.0
    },
    "2022-12-31": {
        "Tax Effect Of Unusual Items": 0.0,
        "Tax Rate For Calcs": 0.0,
        "Normalized EBITDA": -21943000.0,
        "Total Unusual Items": NaN,
        "Total Unusual Items Excluding Goodwill": NaN,
        "Net Income From Continuing Operation Net Minority Interest": -21229000.0,
        "Reconciled Depreciation": 89000.0,
        "EBITDA": -21943000.0,
        "EBIT": -22032000.0,
        "Net Interest Income": 207000.0,
        "Interest Income": 52000.0,
        "Normalized Income": -21229000.0,
        "Net Income From Continuing And Discontinued Operation": -21229000.0,
        "Total Expenses": 21327000.0,
        "Total Operating Income As Reported": -21327000.0,
        "Diluted Average Shares": NaN,
        "Basic Average Shares": NaN,
        "Diluted EPS": NaN,
        "Basic EPS": NaN,
        "Diluted NI Availto Com Stockholders": -21229000.0,
        "Net Income Common Stockholders": -21229000.0,
        "Net Income": -21229000.0,
        "Net Income Including Noncontrolling Interests": -21229000.0,
        "Net Income Continuous Operations": -21229000.0,
        "Tax Provision": NaN,
        "Pretax Income": -21229000.0,
        "Other Income Expense": -109000.0,
        "Other Non Operating Income Expenses": NaN,
        "Special Income Charges": NaN,
        "Restructuring And Mergern Acquisition": NaN,
        "Net Non Operating Interest Income Expense": 207000.0,
        "Interest Income Non Operating": 52000.0,
        "Operating Income": -21327000.0,
        "Operating Expense": 21327000.0,
        "Research And Development": 20615000.0,
        "Selling General And Administration": 712000.0,
        "General And Administrative Expense": 712000.0,
        "Other Gand A": 712000.0,
        "Salaries And Wages": NaN,
        "Total Revenue": 0.0,
        "Operating Revenue": 0.0
    },
    "2022-09-30": {
        "Tax Effect Of Unusual Items": 0.0,
        "Tax Rate For Calcs": 0.0,
        "Normalized EBITDA": -3236000.0,
        "Total Unusual Items": NaN,
        "Total Unusual Items Excluding Goodwill": NaN,
        "Net Income From Continuing Operation Net Minority Interest": -3277000.0,
        "Reconciled Depreciation": 0.0,
        "EBITDA": -3236000.0,
        "EBIT": -3236000.0,
        "Net Interest Income": 458000.0,
        "Interest Expense": 41000.0,
        "Interest Income": 499000.0,
        "Normalized Income": -3277000.0,
        "Net Income From Continuing And Discontinued Operation": -3277000.0,
        "Total Expenses": 3737000.0,
        "Total Operating Income As Reported": -3737000.0,
        "Diluted Average Shares": 960317.0,
        "Basic Average Shares": 960317.0,
        "Diluted EPS": -16.82,
        "Basic EPS": -16.82,
        "Diluted NI Availto Com Stockholders": -3277000.0,
        "Net Income Common Stockholders": -3277000.0,
        "Net Income": -3277000.0,
        "Net Income Including Noncontrolling Interests": -3277000.0,
        "Net Income Continuous Operations": -3277000.0,
        "Tax Provision": NaN,
        "Pretax Income": -3277000.0,
        "Other Income Expense": 2000.0,
        "Other Non Operating Income Expenses": 2000.0,
        "Special Income Charges": NaN,
        "Restructuring And Mergern Acquisition": NaN,
        "Net Non Operating Interest Income Expense": 458000.0,
        "Interest Expense Non Operating": 41000.0,
        "Interest Income Non Operating": 499000.0,
        "Operating Income": -3737000.0,
        "Operating Expense": 3737000.0,
        "Research And Development": 438000.0,
        "Selling General And Administration": 3299000.0,
        "General And Administrative Expense": 3299000.0,
        "Other Gand A": 3299000.0,
        "Salaries And Wages": NaN,
        "Total Revenue": 0.0,
        "Operating Revenue": 0.0
    },
    "2022-06-30": {
        "Tax Effect Of Unusual Items": 0.0,
        "Tax Rate For Calcs": 0.0,
        "Normalized EBITDA": -7042000.0,
        "Total Unusual Items": NaN,
        "Total Unusual Items Excluding Goodwill": NaN,
        "Net Income From Continuing Operation Net Minority Interest": -7090000.0,
        "Reconciled Depreciation": 0.0,
        "EBITDA": -7042000.0,
        "EBIT": -7042000.0,
        "Net Interest Income": 101000.0,
        "Interest Expense": 48000.0,
        "Interest Income": 149000.0,
        "Normalized Income": -7090000.0,
        "Net Income From Continuing And Discontinued Operation": -7090000.0,
        "Total Expenses": 7234000.0,
        "Total Operating Income As Reported": -7234000.0,
        "Diluted Average Shares": 944706.0,
        "Basic Average Shares": 944706.0,
        "Diluted EPS": -10.14,
        "Basic EPS": -10.14,
        "Diluted NI Availto Com Stockholders": -7090000.0,
        "Net Income Common Stockholders": -7090000.0,
        "Net Income": -7090000.0,
        "Net Income Including Noncontrolling Interests": -7090000.0,
        "Net Income Continuous Operations": -7090000.0,
        "Tax Provision": NaN,
        "Pretax Income": -7090000.0,
        "Other Income Expense": 43000.0,
        "Other Non Operating Income Expenses": 43000.0,
        "Special Income Charges": NaN,
        "Restructuring And Mergern Acquisition": NaN,
        "Net Non Operating Interest Income Expense": 101000.0,
        "Interest Expense Non Operating": 48000.0,
        "Interest Income Non Operating": 149000.0,
        "Operating Income": -7234000.0,
        "Operating Expense": 7234000.0,
        "Research And Development": 2580000.0,
        "Selling General And Administration": 4654000.0,
        "General And Administrative Expense": 4654000.0,
        "Other Gand A": 4654000.0,
        "Salaries And Wages": NaN,
        "Total Revenue": 0.0,
        "Operating Revenue": 0.0
    },
    "2023-06-30": {
        "Tax Effect Of Unusual Items": -315000.0,
        "Tax Rate For Calcs": 0.21,
        "Normalized EBITDA": -15803000.0,
        "Total Unusual Items": -1500000.0,
        "Total Unusual Items Excluding Goodwill": -1500000.0,
        "Net Income From Continuing Operation Net Minority Interest": -15947000.0,
        "Reconciled Depreciation": 25000.0,
        "EBITDA": -17303000.0,
        "EBIT": -17328000.0,
        "Net Interest Income": 2910000.0,
        "Interest Income": 2910000.0,
        "Normalized Income": -14762000.0,
        "Net Income From Continuing And Discontinued Operation": -15947000.0,
        "Total Expenses": 17328000.0,
        "Total Operating Income As Reported": -17328000.0,
        "Diluted Average Shares": 21484955.0,
        "Basic Average Shares": 21484955.0,
        "Diluted EPS": -0.74,
        "Basic EPS": -0.74,
        "Diluted NI Availto Com Stockholders": -15947000.0,
        "Net Income Common Stockholders": -15947000.0,
        "Net Income": -15947000.0,
        "Net Income Including Noncontrolling Interests": -15947000.0,
        "Net Income Continuous Operations": -15947000.0,
        "Tax Provision": 24000.0,
        "Pretax Income": -15923000.0,
        "Other Income Expense": -1505000.0,
        "Other Non Operating Income Expenses": -5000.0,
        "Special Income Charges": -1500000.0,
        "Restructuring And Mergern Acquisition": 1500000.0,
        "Net Non Operating Interest Income Expense": 2910000.0,
        "Interest Income Non Operating": 2910000.0,
        "Operating Income": -17328000.0,
        "Operating Expense": 17328000.0,
        "Research And Development": 12100000.0,
        "Selling General And Administration": 5228000.0,
        "General And Administrative Expense": 5228000.0,
        "Other Gand A": 5228000.0,
        "Salaries And Wages": 942000.0,
        "Total Revenue": 0.0,
        "Operating Revenue": 0.0
    },
    "2022-03-31": {
        "Diluted EPS": 0.14,
        "Total Revenue": NaN,
        "Gross Profit": 701,
        "Operating Income": 222,
        "EBIT": 410,
        "Net Income": 42
    },
    "2021-12-31": {
        "Diluted EPS": 0.21,
        "Total Revenue": NaN,
        "Gross Profit": 681,
        "Operating Income": 196,
        "EBIT": 374,
        "Net Income": 62
    },
    "2021-09-30": {
        "Diluted EPS": 0.23,
        "Total Revenue": NaN,
        "Gross Profit": 648,
        "Operating Income": 181,
        "EBIT": 360,
        "Net Income": 68
    },
    "2021-06-30": {
        "Diluted EPS": 0.95,
        "Total Revenue": NaN,
        "Gross Profit": 645,
        "Operating Income": 306,
        "EBIT": 477,
        "Net Income": 275
    },
    "2021-03-31": {
        "Diluted EPS": 0.16,
        "Total Revenue": NaN,
        "Gross Profit": 630,
        "Operating Income": 170,
        "EBIT": 340,
        "Net Income": 46
    },
    "2020-12-31": {
        "Diluted EPS": 0.86,
        "Total Revenue": NaN,
        "Gross Profit": 610,
        "Operating Income": 425,
        "EBIT": 598,
        "Net Income": 247
    },
    "2020-09-30": {
        "Diluted EPS": 0.13,
        "Total Revenue": NaN,
        "Gross Profit": 602,
        "Operating Income": 240,
        "EBIT": 402,
        "Net Income": 38
    },
    "2020-06-30": {
        "Diluted EPS": -0.02,
        "Total Revenue": 982,
        "Gross Profit": 576,
        "Operating Income": 132,
        "EBIT": 300,
        "Net Income": -7
    },
    "2020-03-31": {
        "Diluted EPS": 0.22,
        "Total Revenue": NaN,
        "Gross Profit": 602,
        "Operating Income": 138,
        "EBIT": 328,
        "Net Income": 64
    },
    "2019-12-31": {
        "Diluted EPS": 0.14,
        "Total Revenue": NaN,
        "Gross Profit": 620,
        "Operating Income": 206,
        "EBIT": 384,
        "Net Income": 38
    },
    "2019-09-30": {
        "Diluted EPS": 0.37,
        "Total Revenue": NaN,
        "Gross Profit": 613,
        "Operating Income": 223,
        "EBIT": 385,
        "Net Income": 108
    },
    "2019-06-30": {
        "Diluted EPS": 0.32,
        "Total Revenue": NaN,
        "Gross Profit": 603,
        "Operating Income": 193,
        "EBIT": 362,
        "Net Income": 92
    },
    "2019-03-31": {
        "Diluted EPS": 0.1,
        "Total Revenue": NaN,
        "Gross Profit": 593,
        "Operating Income": 159,
        "EBIT": 325,
        "Net Income": 30
    },
    "2018-12-31": {
        "Diluted EPS": 0.52,
        "Total Revenue": NaN,
        "Gross Profit": 616,
        "Operating Income": 247,
        "EBIT": 416,
        "Net Income": 152
    },
    "2018-09-30": {
        "Diluted EPS": 0.23,
        "Total Revenue": NaN,
        "Gross Profit": 613,
        "Operating Income": 196,
        "EBIT": 357,
        "Net Income": 66
    },
    "2018-06-30": {
        "Diluted EPS": 0.32,
        "Total Revenue": NaN,
        "Gross Profit": 609,
        "Operating Income": 201,
        "EBIT": 362,
        "Net Income": 92
    },
    "2018-03-31": {
        "Diluted EPS": 0.16,
        "Total Revenue": NaN,
        "Gross Profit": 594,
        "Operating Income": 165,
        "EBIT": 329,
        "Net Income": 45
    },
    "2017-12-31": {
        "Diluted EPS": 0.03,
        "Total Revenue": 991,
        "Gross Profit": 586,
        "Operating Income": 139,
        "EBIT": 286,
        "Net Income": 9
    },
    "2017-09-30": {
        "Diluted EPS": 0.09,
        "Total Revenue": 966,
        "Gross Profit": 547,
        "Operating Income": 177,
        "EBIT": 309,
        "Net Income": 24
    },
    "2017-06-30": {
        "Diluted EPS": 0.3,
        "Total Revenue": 950,
        "Gross Profit": 536,
        "Operating Income": 170,
        "EBIT": 302,
        "Net Income": 79
    },
    "2017-03-31": {
        "Diluted EPS": 0.22,
        "Total Revenue": 939,
        "Gross Profit": 512,
        "Operating Income": 148,
        "EBIT": 276,
        "Net Income": 58
    },
    "2016-12-31": {
        "Diluted EPS": 0.15,
        "Total Revenue": 934,
        "Gross Profit": 518,
        "Operating Income": 139,
        "EBIT": 269,
        "Net Income": 49
    },
    "2016-09-30": {
        "Diluted EPS": 0.03,
        "Total Revenue": 943,
        "Gross Profit": 513,
        "Operating Income": 135,
        "EBIT": 264,
        "Net Income": 7
    },
    "2016-06-30": {
        "Diluted EPS": -0.06,
        "Total Revenue": 884,
        "Gross Profit": 488,
        "Operating Income": 97,
        "EBIT": 215,
        "Net Income": -14
    },
    "2016-03-31": {
        "Diluted EPS": 0.3,
        "Total Revenue": 751,
        "Gross Profit": 425,
        "Operating Income": 130,
        "EBIT": 220,
        "Net Income": 63
    },
    "2015-12-31": {
        "Diluted EPS": 0.02,
        "Total Revenue": 752,
        "Gross Profit": 428,
        "Operating Income": 123,
        "EBIT": 212,
        "Net Income": 6
    },
    "2015-09-30": {
        "Diluted EPS": 0.11,
        "Total Revenue": 747,
        "Gross Profit": 429,
        "Operating Income": 127,
        "EBIT": 215,
        "Net Income": 23
    },
    "2015-06-30": {
        "Diluted EPS": 0.25,
        "Total Revenue": 760,
        "Gross Profit": 433,
        "Operating Income": 130,
        "EBIT": 219,
        "Net Income": 53
    },
    "2015-03-31": {
        "Diluted EPS": 0.2,
        "Total Revenue": 749,
        "Gross Profit": 428,
        "Operating Income": 145,
        "EBIT": 233,
        "Net Income": 41
    },
    "2014-12-31": {
        "Diluted EPS": 0.04,
        "Total Revenue": 778,
        "Gross Profit": 441,
        "Operating Income": 128,
        "EBIT": 219,
        "Net Income": 13
    },
    "2014-09-30": {
        "Diluted EPS": 0.0,
        "Total Revenue": 783,
        "Gross Profit": 447,
        "Operating Income": 141,
        "EBIT": 233,
        "Net Income": 0
    },
    "2014-06-30": {
        "Diluted EPS": 1.4,
        "Total Revenue": 787,
        "Gross Profit": 450,
        "Operating Income": 147,
        "EBIT": 238,
        "Net Income": 272
    },
    "2014-03-31": {
        "Diluted EPS": 0.22,
        "Total Revenue": 770,
        "Gross Profit": 435,
        "Operating Income": 133,
        "EBIT": 221,
        "Net Income": 42
    },
    "2013-12-31": {
        "Diluted EPS": 0.24,
        "Total Revenue": 768,
        "Gross Profit": 432,
        "Operating Income": 95,
        "EBIT": 180,
        "Net Income": 47
    },
    "2013-09-30": {
        "Diluted EPS": 0.02,
        "Total Revenue": 755,
        "Gross Profit": 445,
        "Operating Income": 140,
        "EBIT": 221,
        "Net Income": 4
    },
    "2013-06-30": {
        "Diluted EPS": 0.14,
        "Total Revenue": 754,
        "Gross Profit": 433,
        "Operating Income": 132,
        "EBIT": 212,
        "Net Income": 26
    },
    "2013-03-31": {
        "Diluted EPS": 0.1,
        "Total Revenue": 747,
        "Gross Profit": 426,
        "Operating Income": 123,
        "EBIT": 205,
        "Net Income": 19
    },
    "2012-12-31": {
        "Diluted EPS": 0.13,
        "Total Revenue": 757,
        "Gross Profit": 419,
        "Operating Income": 101,
        "EBIT": 183,
        "Net Income": 25
    },
    "2012-09-30": {
        "Diluted EPS": 0.31,
        "Total Revenue": 748,
        "Gross Profit": 438,
        "Operating Income": 154,
        "EBIT": 237,
        "Net Income": 53
    },
    "2012-06-30": {
        "Diluted EPS": 0.22,
        "Total Revenue": 752,
        "Gross Profit": 439,
        "Operating Income": 159,
        "EBIT": 238,
        "Net Income": 38
    },
    "2012-03-31": {
        "Diluted EPS": 0.32,
        "Total Revenue": 746,
        "Gross Profit": 431,
        "Operating Income": 142,
        "EBIT": 222,
        "Net Income": 55
    },
    "2011-12-31": {
        "Diluted EPS": 0.22,
        "Total Revenue": 742,
        "Gross Profit": 427,
        "Operating Income": 149,
        "EBIT": 239,
        "Net Income": 32
    },
    "2011-09-30": {
        "Diluted EPS": 0.19,
        "Total Revenue": 768,
        "Gross Profit": 462,
        "Operating Income": 135,
        "EBIT": 256,
        "Net Income": 37
    },
    "2011-06-30": {
        "Diluted EPS": 1.24,
        "Total Revenue": 759,
        "Gross Profit": 451,
        "Operating Income": 149,
        "EBIT": 229,
        "Net Income": 253
    },
    "2011-03-31": {
        "Diluted EPS": 0.37,
        "Total Revenue": 746,
        "Gross Profit": 430,
        "Operating Income": 138,
        "EBIT": 219,
        "Net Income": 73
    },
    "2010-12-31": {
        "Diluted EPS": 0.15,
        "Total Revenue": 660,
        "Gross Profit": 387,
        "Operating Income": 150,
        "EBIT": 237,
        "Net Income": 29
    },
    "2010-09-30": {
        "Diluted EPS": -0.76,
        "Total Revenue": 731,
        "Gross Profit": 432,
        "Operating Income": 107,
        "EBIT": 262,
        "Net Income": -154
    },
    "2010-06-30": {
        "Diluted EPS": 0.2,
        "Total Revenue": 725,
        "Gross Profit": 430,
        "Operating Income": 158,
        "EBIT": 225,
        "Net Income": 41
    },
    "2010-03-31": {
        "Diluted EPS": 0.12,
        "Total Revenue": 777,
        "Gross Profit": 451,
        "Operating Income": 133,
        "EBIT": 220,
        "Net Income": 26
    },
    "2009-12-31": {
        "Diluted EPS": 0.29,
        "Total Revenue": 540,
        "Gross Profit": 289,
        "Operating Income": 143,
        "EBIT": 185,
        "Net Income": 58
    },
    "2009-09-30": {
        "Diluted EPS": 0.21,
        "Total Revenue": 765,
        "Gross Profit": 443,
        "Operating Income": 143,
        "EBIT": 225,
        "Net Income": 43
    },
    "2009-06-30": {
        "Diluted EPS": 0.43,
        "Total Revenue": 746,
        "Gross Profit": 433,
        "Operating Income": 138,
        "EBIT": 218,
        "Net Income": 88
    },
    "2009-03-31": {
        "Diluted EPS": 0.14,
        "Total Revenue": 723,
        "Gross Profit": 406,
        "Operating Income": 121,
        "EBIT": 199,
        "Net Income": 29
    },
    "2023-09-30": {
        "Tax Effect Of Unusual Items": 0.0,
        "Tax Rate For Calcs": 0.21,
        "Normalized EBITDA": -18933000.0,
        "Total Unusual Items": 0.0,
        "Total Unusual Items Excluding Goodwill": 0.0,
        "Net Income From Continuing Operation Net Minority Interest": -14122000.0,
        "Reconciled Depreciation": 25000.0,
        "EBITDA": -18933000.0,
        "EBIT": -18958000.0,
        "Net Interest Income": 4843000.0,
        "Interest Income": 4843000.0,
        "Normalized Income": -14122000.0,
        "Net Income From Continuing And Discontinued Operation": -14122000.0,
        "Total Expenses": 18958000.0,
        "Total Operating Income As Reported": -18958000.0,
        "Diluted Average Shares": 24316817.0,
        "Basic Average Shares": 24316817.0,
        "Diluted EPS": -0.58,
        "Basic EPS": -0.58,
        "Diluted NI Availto Com Stockholders": -14122000.0,
        "Net Income Common Stockholders": -14122000.0,
        "Net Income": -14122000.0,
        "Net Income Including Noncontrolling Interests": -14122000.0,
        "Net Income Continuous Operations": -14122000.0,
        "Tax Provision": 20000.0,
        "Pretax Income": -14102000.0,
        "Other Income Expense": 13000.0,
        "Other Non Operating Income Expenses": 13000.0,
        "Special Income Charges": 0.0,
        "Restructuring And Mergern Acquisition": 0.0,
        "Net Non Operating Interest Income Expense": 4843000.0,
        "Interest Income Non Operating": 4843000.0,
        "Operating Income": -18958000.0,
        "Operating Expense": 18958000.0,
        "Research And Development": 14419000.0,
        "Selling General And Administration": 4539000.0,
        "General And Administrative Expense": 4539000.0,
        "Other Gand A": 4539000.0,
        "Salaries And Wages": NaN,
        "Total Revenue": 0.0,
        "Operating Revenue": 0.0
    },
    "2023-12-31": {
        "Tax Effect Of Unusual Items": 0.0,
        "Tax Rate For Calcs": 0.21,
        "Normalized EBITDA": -29689000.0,
        "Total Unusual Items": NaN,
        "Total Unusual Items Excluding Goodwill": NaN,
        "Net Income From Continuing Operation Net Minority Interest": -23579000.0,
        "Reconciled Depreciation": 25000.0,
        "EBITDA": -29689000.0,
        "EBIT": -29714000.0,
        "Net Interest Income": 4677000.0,
        "Interest Income": 4677000.0,
        "Normalized Income": -23579000.0,
        "Net Income From Continuing And Discontinued Operation": -23579000.0,
        "Total Expenses": 29714000.0,
        "Total Operating Income As Reported": -29714000.0,
        "Diluted Average Shares": NaN,
        "Basic Average Shares": NaN,
        "Diluted EPS": NaN,
        "Basic EPS": NaN,
        "Diluted NI Availto Com Stockholders": -23579000.0,
        "Net Income Common Stockholders": -23579000.0,
        "Net Income": -23579000.0,
        "Net Income Including Noncontrolling Interests": -23579000.0,
        "Net Income Continuous Operations": -23579000.0,
        "Tax Provision": 32000.0,
        "Pretax Income": -23547000.0,
        "Other Income Expense": 1490000.0,
        "Other Non Operating Income Expenses": -10000.0,
        "Special Income Charges": NaN,
        "Restructuring And Mergern Acquisition": NaN,
        "Net Non Operating Interest Income Expense": 4677000.0,
        "Interest Income Non Operating": 4677000.0,
        "Operating Income": -29714000.0,
        "Operating Expense": 29714000.0,
        "Research And Development": 22565000.0,
        "Selling General And Administration": 7149000.0,
        "General And Administrative Expense": 7149000.0,
        "Other Gand A": 7149000.0,
        "Salaries And Wages": NaN,
        "Total Revenue": 0.0,
        "Operating Revenue": 0.0
    }
}