{
    "2023-03-31": {
        "Tax Effect Of Unusual Items": 0.0,
        "Tax Rate For Calcs": 0.21,
        "Normalized EBITDA": -33131000.0,
        "Total Unusual Items": 0.0,
        "Total Unusual Items Excluding Goodwill": 0.0,
        "Net Income From Continuing Operation Net Minority Interest": -39109000.0,
        "Reconciled Depreciation": 4941000.0,
        "Reconciled Cost Of Revenue": 35755000.0,
        "EBITDA": -33131000.0,
        "EBIT": -38072000.0,
        "Net Interest Income": -950000.0,
        "Interest Expense": 950000.0,
        "Interest Income": NaN,
        "Normalized Income": -39109000.0,
        "Net Income From Continuing And Discontinued Operation": -39109000.0,
        "Total Expenses": 150940000.0,
        "Total Operating Income As Reported": -39504000.0,
        "Diluted Average Shares": 30297000.0,
        "Basic Average Shares": 30297000.0,
        "Diluted EPS": -1.29,
        "Basic EPS": -1.29,
        "Diluted NI Availto Com Stockholders": -39109000.0,
        "Net Income Common Stockholders": -39109000.0,
        "Net Income": -39109000.0,
        "Net Income Including Noncontrolling Interests": -39109000.0,
        "Net Income Continuous Operations": -39109000.0,
        "Tax Provision": 87000.0,
        "Pretax Income": -39022000.0,
        "Other Income Expense": 1432000.0,
        "Other Non Operating Income Expenses": 1432000.0,
        "Special Income Charges": 0.0,
        "Impairment Of Capital Assets": 0.0,
        "Restructuring And Mergern Acquisition": NaN,
        "Net Non Operating Interest Income Expense": -950000.0,
        "Interest Expense Non Operating": 950000.0,
        "Interest Income Non Operating": NaN,
        "Operating Income": -39504000.0,
        "Operating Expense": 115185000.0,
        "Research And Development": 14842000.0,
        "Selling General And Administration": 100343000.0,
        "Gross Profit": 75681000.0,
        "Cost Of Revenue": 35755000.0,
        "Total Revenue": 111436000.0,
        "Operating Revenue": 111436000.0
    },
    "2022-12-31": {
        "Tax Effect Of Unusual Items": 0.0,
        "Tax Rate For Calcs": 0.21,
        "Normalized EBITDA": -14298000.0,
        "Total Unusual Items": 0.0,
        "Total Unusual Items Excluding Goodwill": 0.0,
        "Net Income From Continuing Operation Net Minority Interest": -20198000.0,
        "Reconciled Depreciation": 4814000.0,
        "Reconciled Cost Of Revenue": 33910000.0,
        "EBITDA": -14298000.0,
        "EBIT": -19112000.0,
        "Net Interest Income": -1463000.0,
        "Interest Expense": 1013000.0,
        "Interest Income": NaN,
        "Normalized Income": -20198000.0,
        "Net Income From Continuing And Discontinued Operation": -20198000.0,
        "Total Expenses": 133315000.0,
        "Total Operating Income As Reported": -20698000.0,
        "Diluted Average Shares": 30150501.0,
        "Basic Average Shares": 30150501.0,
        "Diluted EPS": -0.67,
        "Basic EPS": -0.67,
        "Diluted NI Availto Com Stockholders": -20198000.0,
        "Net Income Common Stockholders": -20198000.0,
        "Net Income": -20198000.0,
        "Net Income Including Noncontrolling Interests": -20198000.0,
        "Net Income Continuous Operations": -20198000.0,
        "Tax Provision": 73000.0,
        "Pretax Income": -20125000.0,
        "Other Income Expense": 2036000.0,
        "Other Non Operating Income Expenses": 1586000.0,
        "Special Income Charges": 0.0,
        "Impairment Of Capital Assets": 0.0,
        "Restructuring And Mergern Acquisition": 0.0,
        "Net Non Operating Interest Income Expense": -1463000.0,
        "Interest Expense Non Operating": 1013000.0,
        "Interest Income Non Operating": NaN,
        "Operating Income": -20698000.0,
        "Operating Expense": 99405000.0,
        "Research And Development": 12675000.0,
        "Selling General And Administration": 86730000.0,
        "Gross Profit": 78707000.0,
        "Cost Of Revenue": 33910000.0,
        "Total Revenue": 112617000.0,
        "Operating Revenue": 112617000.0
    },
    "2022-09-30": {
        "Tax Effect Of Unusual Items": 0.0,
        "Tax Rate For Calcs": 0.21,
        "Normalized EBITDA": -20721000.0,
        "Total Unusual Items": 0.0,
        "Total Unusual Items Excluding Goodwill": 0.0,
        "Net Income From Continuing Operation Net Minority Interest": -21451000.0,
        "Reconciled Depreciation": 438000.0,
        "Reconciled Cost Of Revenue": 32954000.0,
        "EBITDA": -20721000.0,
        "EBIT": -20721000.0,
        "Net Interest Income": -614000.0,
        "Interest Expense": 614000.0,
        "Interest Income": NaN,
        "Normalized Income": -21451000.0,
        "Net Income From Continuing And Discontinued Operation": -21451000.0,
        "Total Expenses": 124961000.0,
        "Total Operating Income As Reported": -21086000.0,
        "Diluted Average Shares": 30055000.0,
        "Basic Average Shares": 30055000.0,
        "Diluted EPS": -0.71,
        "Basic EPS": -0.71,
        "Diluted NI Availto Com Stockholders": -21451000.0,
        "Net Income Common Stockholders": -21451000.0,
        "Net Income": -21451000.0,
        "Net Income Including Noncontrolling Interests": -21451000.0,
        "Net Income Continuous Operations": -21451000.0,
        "Tax Provision": 116000.0,
        "Pretax Income": -21335000.0,
        "Other Income Expense": 365000.0,
        "Other Non Operating Income Expenses": 365000.0,
        "Special Income Charges": 0.0,
        "Impairment Of Capital Assets": 0.0,
        "Restructuring And Mergern Acquisition": NaN,
        "Net Non Operating Interest Income Expense": -614000.0,
        "Interest Expense Non Operating": 614000.0,
        "Interest Income Non Operating": NaN,
        "Operating Income": -21086000.0,
        "Operating Expense": 92007000.0,
        "Research And Development": 11448000.0,
        "Selling General And Administration": 80559000.0,
        "Gross Profit": 70921000.0,
        "Cost Of Revenue": 32954000.0,
        "Total Revenue": 103875000.0,
        "Operating Revenue": 103875000.0
    },
    "2022-06-30": {
        "Tax Effect Of Unusual Items": 0.0,
        "Tax Rate For Calcs": 0.4,
        "Normalized EBITDA": -18715000.0,
        "Total Unusual Items": 0.0,
        "Total Unusual Items Excluding Goodwill": 0.0,
        "Net Income From Continuing Operation Net Minority Interest": -23897000.0,
        "Reconciled Depreciation": 4667000.0,
        "Reconciled Cost Of Revenue": 31806000.0,
        "EBITDA": -18715000.0,
        "EBIT": -23382000.0,
        "Net Interest Income": -482000.0,
        "Interest Expense": 482000.0,
        "Interest Income": NaN,
        "Normalized Income": -23897000.0,
        "Net Income From Continuing And Discontinued Operation": -23897000.0,
        "Total Expenses": 125502000.0,
        "Total Operating Income As Reported": -23451000.0,
        "Diluted Average Shares": 29843000.0,
        "Basic Average Shares": 29843000.0,
        "Diluted EPS": -0.8,
        "Basic EPS": -0.8,
        "Diluted NI Availto Com Stockholders": -23897000.0,
        "Net Income Common Stockholders": -23897000.0,
        "Net Income": -23897000.0,
        "Net Income Including Noncontrolling Interests": -23897000.0,
        "Net Income Continuous Operations": -23897000.0,
        "Tax Provision": 33000.0,
        "Pretax Income": -23864000.0,
        "Other Income Expense": 69000.0,
        "Other Non Operating Income Expenses": 69000.0,
        "Special Income Charges": 0.0,
        "Impairment Of Capital Assets": 0.0,
        "Restructuring And Mergern Acquisition": NaN,
        "Net Non Operating Interest Income Expense": -482000.0,
        "Interest Expense Non Operating": 482000.0,
        "Interest Income Non Operating": NaN,
        "Operating Income": -23451000.0,
        "Operating Expense": 93696000.0,
        "Research And Development": 11945000.0,
        "Selling General And Administration": 81751000.0,
        "Gross Profit": 70245000.0,
        "Cost Of Revenue": 31806000.0,
        "Total Revenue": 102051000.0,
        "Operating Revenue": 102051000.0
    },
    "2022-03-31": {
        "Diluted EPS": -1.71,
        "Total Revenue": 92,
        "Gross Profit": 62,
        "Operating Income": -49,
        "EBIT": -38,
        "Net Income": -51
    },
    "2021-12-31": {
        "Diluted EPS": -1.11,
        "Total Revenue": 82,
        "Gross Profit": 51,
        "Operating Income": -32,
        "EBIT": -32,
        "Net Income": -32
    },
    "2021-09-30": {
        "Diluted EPS": -0.81,
        "Total Revenue": 85,
        "Gross Profit": 56,
        "Operating Income": -23,
        "EBIT": -19,
        "Net Income": -24
    },
    "2021-06-30": {
        "Diluted EPS": -0.59,
        "Total Revenue": 81,
        "Gross Profit": 55,
        "Operating Income": -17,
        "EBIT": -14,
        "Net Income": -17
    },
    "2021-03-31": {
        "Diluted EPS": -0.95,
        "Total Revenue": 74,
        "Gross Profit": 51,
        "Operating Income": -27,
        "EBIT": -23,
        "Net Income": -28
    },
    "2020-12-31": {
        "Diluted EPS": -0.32,
        "Total Revenue": 79,
        "Gross Profit": 58,
        "Operating Income": -10,
        "EBIT": -12,
        "Net Income": -10
    },
    "2020-09-30": {
        "Diluted EPS": -0.17,
        "Total Revenue": 72,
        "Gross Profit": 54,
        "Operating Income": -5,
        "EBIT": -2,
        "Net Income": -5
    },
    "2020-06-30": {
        "Diluted EPS": -0.75,
        "Total Revenue": 51,
        "Gross Profit": 35,
        "Operating Income": -20,
        "EBIT": -17,
        "Net Income": -20
    },
    "2020-03-31": {
        "Diluted EPS": -0.34,
        "Total Revenue": 64,
        "Gross Profit": 47,
        "Operating Income": -9,
        "EBIT": -6,
        "Net Income": -9
    },
    "2019-12-31": {
        "Diluted EPS": -0.67,
        "Total Revenue": 59,
        "Gross Profit": 45,
        "Operating Income": -18,
        "EBIT": -23,
        "Net Income": -17
    },
    "2019-09-30": {
        "Diluted EPS": -0.72,
        "Total Revenue": 55,
        "Gross Profit": 41,
        "Operating Income": -18,
        "EBIT": -16,
        "Net Income": -18
    },
    "2019-06-30": {
        "Diluted EPS": -0.43,
        "Total Revenue": 52,
        "Gross Profit": 39,
        "Operating Income": -11,
        "EBIT": -6,
        "Net Income": -11
    },
    "2019-03-31": {
        "Diluted EPS": -0.34,
        "Total Revenue": 48,
        "Gross Profit": 37,
        "Operating Income": -8,
        "EBIT": -6,
        "Net Income": -8
    },
    "2018-12-31": {
        "Diluted EPS": -0.73,
        "Total Revenue": 43,
        "Gross Profit": 32,
        "Operating Income": -14,
        "EBIT": -13,
        "Net Income": -17
    },
    "2018-09-30": {
        "Diluted EPS": -0.4,
        "Total Revenue": 38,
        "Gross Profit": 28,
        "Operating Income": -9,
        "EBIT": -9,
        "Net Income": -10
    },
    "2018-06-30": {
        "Diluted EPS": -0.51,
        "Total Revenue": 35,
        "Gross Profit": 26,
        "Operating Income": -12,
        "EBIT": -11,
        "Net Income": -12
    },
    "2018-03-31": {
        "Diluted EPS": -0.47,
        "Total Revenue": 31,
        "Gross Profit": 22,
        "Operating Income": -11,
        "EBIT": -10,
        "Net Income": -11
    },
    "2017-12-31": {
        "Diluted EPS": -0.49,
        "Total Revenue": 29,
        "Gross Profit": 21,
        "Operating Income": -11,
        "EBIT": -10,
        "Net Income": -11
    },
    "2017-09-30": {
        "Diluted EPS": -0.29,
        "Total Revenue": 25,
        "Gross Profit": 18,
        "Operating Income": -6,
        "EBIT": -5,
        "Net Income": -7
    },
    "2017-06-30": {
        "Diluted EPS": -0.29,
        "Total Revenue": 24,
        "Gross Profit": 17,
        "Operating Income": -6,
        "EBIT": -6,
        "Net Income": -6
    },
    "2017-03-31": {
        "Diluted EPS": -0.24,
        "Total Revenue": 21,
        "Gross Profit": 15,
        "Operating Income": -5,
        "EBIT": -4,
        "Net Income": -5
    },
    "2016-12-31": {
        "Diluted EPS": 6.28,
        "Total Revenue": 19,
        "Gross Profit": 13,
        "Operating Income": -4,
        "EBIT": -4,
        "Net Income": -6
    },
    "2016-09-30": {
        "Diluted EPS": -2.8,
        "Total Revenue": 17,
        "Gross Profit": 11,
        "Operating Income": -3,
        "EBIT": -2,
        "Net Income": -4
    },
    "2016-06-30": {
        "Diluted EPS": -3.09,
        "Total Revenue": 16,
        "Gross Profit": 11,
        "Operating Income": -4,
        "EBIT": -3,
        "Net Income": -4
    },
    "2016-03-31": {
        "Diluted EPS": -4.34,
        "Total Revenue": 13,
        "Gross Profit": 8,
        "Operating Income": -5,
        "EBIT": -5,
        "Net Income": -6
    },
    "2015-12-31": {
        "Diluted EPS": 0.0,
        "Total Revenue": NaN,
        "Gross Profit": NaN,
        "Operating Income": NaN,
        "EBIT": NaN,
        "Net Income": NaN
    },
    "2015-09-30": {
        "Diluted EPS": -4.07,
        "Total Revenue": 9,
        "Gross Profit": 6,
        "Operating Income": -6,
        "EBIT": -5,
        "Net Income": -6
    },
    "2015-06-30": {
        "Diluted EPS": 0.0,
        "Total Revenue": NaN,
        "Gross Profit": NaN,
        "Operating Income": NaN,
        "EBIT": NaN,
        "Net Income": NaN
    },
    "2014-12-31": {
        "Diluted EPS": 0.0,
        "Total Revenue": NaN,
        "Gross Profit": NaN,
        "Operating Income": NaN,
        "EBIT": NaN,
        "Net Income": NaN
    },
    "2023-06-30": {
        "Tax Effect Of Unusual Items": 0.0,
        "Tax Rate For Calcs": 0.21,
        "Normalized EBITDA": -12262000.0,
        "Total Unusual Items": 0.0,
        "Total Unusual Items Excluding Goodwill": 0.0,
        "Net Income From Continuing Operation Net Minority Interest": -18482000.0,
        "Reconciled Depreciation": 5175000.0,
        "Reconciled Cost Of Revenue": 37905000.0,
        "EBITDA": -12262000.0,
        "EBIT": -17437000.0,
        "Net Interest Income": 603000.0,
        "Interest Expense": 832000.0,
        "Interest Income": 1435000.0,
        "Normalized Income": -18482000.0,
        "Net Income From Continuing And Discontinued Operation": -18482000.0,
        "Total Expenses": 143002000.0,
        "Total Operating Income As Reported": -18872000.0,
        "Diluted Average Shares": 30502000.0,
        "Basic Average Shares": 30502000.0,
        "Diluted EPS": -0.61,
        "Basic EPS": -0.61,
        "Diluted NI Availto Com Stockholders": -18482000.0,
        "Net Income Common Stockholders": -18482000.0,
        "Net Income": -18482000.0,
        "Net Income Including Noncontrolling Interests": -18482000.0,
        "Net Income Continuous Operations": -18482000.0,
        "Tax Provision": 213000.0,
        "Pretax Income": -18269000.0,
        "Other Income Expense": 1435000.0,
        "Other Non Operating Income Expenses": 1435000.0,
        "Special Income Charges": 0.0,
        "Impairment Of Capital Assets": 0.0,
        "Restructuring And Mergern Acquisition": NaN,
        "Net Non Operating Interest Income Expense": 603000.0,
        "Interest Expense Non Operating": 832000.0,
        "Interest Income Non Operating": 1435000.0,
        "Operating Income": -18872000.0,
        "Operating Expense": 105097000.0,
        "Research And Development": 13677000.0,
        "Selling General And Administration": 91420000.0,
        "Gross Profit": 86225000.0,
        "Cost Of Revenue": 37905000.0,
        "Total Revenue": 124130000.0,
        "Operating Revenue": 124130000.0
    },
    "2023-09-30": {
        "Tax Effect Of Unusual Items": 0.0,
        "Tax Rate For Calcs": 0.21,
        "Normalized EBITDA": -20433000.0,
        "Total Unusual Items": 0.0,
        "Total Unusual Items Excluding Goodwill": 0.0,
        "Net Income From Continuing Operation Net Minority Interest": -27116000.0,
        "Reconciled Depreciation": 5561000.0,
        "Reconciled Cost Of Revenue": 42130000.0,
        "EBITDA": -20433000.0,
        "EBIT": -25994000.0,
        "Net Interest Income": 682000.0,
        "Interest Expense": 927000.0,
        "Interest Income": 1609000.0,
        "Normalized Income": -27116000.0,
        "Net Income From Continuing And Discontinued Operation": -27116000.0,
        "Total Expenses": 152207000.0,
        "Total Operating Income As Reported": -27603000.0,
        "Diluted Average Shares": 30607000.0,
        "Basic Average Shares": 30607000.0,
        "Diluted EPS": -0.89,
        "Basic EPS": -0.89,
        "Diluted NI Availto Com Stockholders": -27116000.0,
        "Net Income Common Stockholders": -27116000.0,
        "Net Income": -27116000.0,
        "Net Income Including Noncontrolling Interests": -27116000.0,
        "Net Income Continuous Operations": -27116000.0,
        "Tax Provision": 195000.0,
        "Pretax Income": -26921000.0,
        "Other Income Expense": NaN,
        "Other Non Operating Income Expenses": NaN,
        "Special Income Charges": 0.0,
        "Impairment Of Capital Assets": 0.0,
        "Restructuring And Mergern Acquisition": NaN,
        "Net Non Operating Interest Income Expense": 682000.0,
        "Interest Expense Non Operating": 927000.0,
        "Interest Income Non Operating": 1609000.0,
        "Operating Income": -27603000.0,
        "Operating Expense": 110077000.0,
        "Research And Development": 16309000.0,
        "Selling General And Administration": 93768000.0,
        "Gross Profit": 82474000.0,
        "Cost Of Revenue": 42130000.0,
        "Total Revenue": 124604000.0,
        "Operating Revenue": 124604000.0
    }
}