{
    "2023-03-31": {
        "Tax Effect Of Unusual Items": NaN,
        "Tax Rate For Calcs": NaN,
        "Normalized EBITDA": NaN,
        "Total Unusual Items": NaN,
        "Total Unusual Items Excluding Goodwill": NaN,
        "Net Income From Continuing Operation Net Minority Interest": NaN,
        "Reconciled Depreciation": NaN,
        "Reconciled Cost Of Revenue": NaN,
        "EBITDA": NaN,
        "EBIT": NaN,
        "Net Interest Income": NaN,
        "Normalized Income": NaN,
        "Net Income From Continuing And Discontinued Operation": NaN,
        "Total Expenses": NaN,
        "Diluted Average Shares": NaN,
        "Basic Average Shares": NaN,
        "Diluted EPS": NaN,
        "Basic EPS": NaN,
        "Diluted NI Availto Com Stockholders": NaN,
        "Net Income Common Stockholders": NaN,
        "Otherunder Preferred Stock Dividend": 0.0,
        "Net Income": NaN,
        "Minority Interests": NaN,
        "Net Income Including Noncontrolling Interests": NaN,
        "Net Income Continuous Operations": NaN,
        "Tax Provision": NaN,
        "Pretax Income": NaN,
        "Other Income Expense": NaN,
        "Other Non Operating Income Expenses": NaN,
        "Gain On Sale Of Security": NaN,
        "Net Non Operating Interest Income Expense": NaN,
        "Total Other Finance Cost": NaN,
        "Operating Income": NaN,
        "Operating Expense": NaN,
        "Other Operating Expenses": NaN,
        "Depreciation Amortization Depletion Income Statement": NaN,
        "Depreciation And Amortization In Income Statement": NaN,
        "Depreciation Income Statement": 979000.0,
        "Research And Development": NaN,
        "Selling General And Administration": NaN,
        "Selling And Marketing Expense": NaN,
        "General And Administrative Expense": NaN,
        "Other Gand A": NaN,
        "Salaries And Wages": NaN,
        "Gross Profit": NaN,
        "Cost Of Revenue": NaN,
        "Total Revenue": NaN,
        "Operating Revenue": NaN
    },
    "2022-12-31": {
        "Tax Effect Of Unusual Items": NaN,
        "Tax Rate For Calcs": NaN,
        "Normalized EBITDA": NaN,
        "Total Unusual Items": NaN,
        "Total Unusual Items Excluding Goodwill": NaN,
        "Net Income From Continuing Operation Net Minority Interest": NaN,
        "Reconciled Depreciation": NaN,
        "Reconciled Cost Of Revenue": NaN,
        "EBITDA": NaN,
        "EBIT": NaN,
        "Net Interest Income": NaN,
        "Normalized Income": NaN,
        "Net Income From Continuing And Discontinued Operation": NaN,
        "Total Expenses": NaN,
        "Diluted Average Shares": NaN,
        "Basic Average Shares": NaN,
        "Diluted EPS": NaN,
        "Basic EPS": NaN,
        "Diluted NI Availto Com Stockholders": NaN,
        "Net Income Common Stockholders": NaN,
        "Otherunder Preferred Stock Dividend": NaN,
        "Net Income": NaN,
        "Minority Interests": NaN,
        "Net Income Including Noncontrolling Interests": NaN,
        "Net Income Continuous Operations": NaN,
        "Tax Provision": NaN,
        "Pretax Income": NaN,
        "Other Income Expense": NaN,
        "Other Non Operating Income Expenses": NaN,
        "Special Income Charges": 0.0,
        "Gain On Sale Of Security": NaN,
        "Net Non Operating Interest Income Expense": NaN,
        "Total Other Finance Cost": NaN,
        "Operating Income": NaN,
        "Operating Expense": NaN,
        "Other Operating Expenses": NaN,
        "Depreciation Amortization Depletion Income Statement": NaN,
        "Depreciation And Amortization In Income Statement": NaN,
        "Depreciation Income Statement": NaN,
        "Research And Development": NaN,
        "Selling General And Administration": NaN,
        "Selling And Marketing Expense": NaN,
        "General And Administrative Expense": NaN,
        "Other Gand A": NaN,
        "Salaries And Wages": NaN,
        "Gross Profit": NaN,
        "Cost Of Revenue": NaN,
        "Total Revenue": NaN,
        "Operating Revenue": NaN
    },
    "2022-09-30": {
        "Tax Effect Of Unusual Items": NaN,
        "Tax Rate For Calcs": NaN,
        "Normalized EBITDA": NaN,
        "Total Unusual Items": NaN,
        "Total Unusual Items Excluding Goodwill": NaN,
        "Net Income From Continuing Operation Net Minority Interest": NaN,
        "Reconciled Depreciation": NaN,
        "Reconciled Cost Of Revenue": NaN,
        "EBITDA": NaN,
        "EBIT": NaN,
        "Net Interest Income": NaN,
        "Normalized Income": NaN,
        "Net Income From Continuing And Discontinued Operation": NaN,
        "Total Expenses": NaN,
        "Diluted Average Shares": NaN,
        "Basic Average Shares": NaN,
        "Diluted EPS": NaN,
        "Basic EPS": NaN,
        "Diluted NI Availto Com Stockholders": NaN,
        "Net Income Common Stockholders": NaN,
        "Otherunder Preferred Stock Dividend": NaN,
        "Net Income": NaN,
        "Minority Interests": NaN,
        "Net Income Including Noncontrolling Interests": NaN,
        "Net Income Continuous Operations": NaN,
        "Tax Provision": NaN,
        "Pretax Income": NaN,
        "Other Income Expense": NaN,
        "Other Non Operating Income Expenses": NaN,
        "Special Income Charges": 0.0,
        "Gain On Sale Of Security": NaN,
        "Net Non Operating Interest Income Expense": NaN,
        "Total Other Finance Cost": NaN,
        "Operating Income": NaN,
        "Operating Expense": NaN,
        "Other Operating Expenses": NaN,
        "Depreciation Amortization Depletion Income Statement": NaN,
        "Depreciation And Amortization In Income Statement": NaN,
        "Depreciation Income Statement": NaN,
        "Research And Development": NaN,
        "Selling General And Administration": NaN,
        "Selling And Marketing Expense": NaN,
        "General And Administrative Expense": NaN,
        "Other Gand A": NaN,
        "Salaries And Wages": NaN,
        "Gross Profit": NaN,
        "Cost Of Revenue": NaN,
        "Total Revenue": NaN,
        "Operating Revenue": NaN
    },
    "2022-06-30": {
        "Tax Effect Of Unusual Items": 4450400.0,
        "Tax Rate For Calcs": 0.4,
        "Normalized EBITDA": -28407000.0,
        "Total Unusual Items": 11126000.0,
        "Total Unusual Items Excluding Goodwill": 11126000.0,
        "Net Income From Continuing Operation Net Minority Interest": -7248000.0,
        "Reconciled Depreciation": 694000.0,
        "Reconciled Cost Of Revenue": 60081000.0,
        "EBITDA": -17281000.0,
        "EBIT": -17975000.0,
        "Net Interest Income": -193000.0,
        "Interest Expense": 193000.0,
        "Normalized Income": -13923600.0,
        "Net Income From Continuing And Discontinued Operation": -7248000.0,
        "Total Expenses": 101673000.0,
        "Diluted Average Shares": 52400000.0,
        "Basic Average Shares": 52400000.0,
        "Diluted EPS": -0.138321,
        "Basic EPS": -0.138321,
        "Diluted NI Availto Com Stockholders": -7248000.0,
        "Net Income Common Stockholders": -7248000.0,
        "Net Income": -7248000.0,
        "Minority Interests": 4274000.0,
        "Net Income Including Noncontrolling Interests": -7248000.0,
        "Net Income Continuous Operations": -7248000.0,
        "Tax Provision": 206000.0,
        "Pretax Income": -7042000.0,
        "Other Income Expense": 11126000.0,
        "Other Non Operating Income Expenses": NaN,
        "Special Income Charges": 0.0,
        "Gain On Sale Of Security": 11126000.0,
        "Net Non Operating Interest Income Expense": -193000.0,
        "Total Other Finance Cost": 193000.0,
        "Interest Expense Non Operating": 193000.0,
        "Operating Income": -17975000.0,
        "Operating Expense": 41592000.0,
        "Other Operating Expenses": 11179000.0,
        "Depreciation Amortization Depletion Income Statement": 694000.0,
        "Depreciation And Amortization In Income Statement": 694000.0,
        "Research And Development": 2876000.0,
        "Selling General And Administration": 26843000.0,
        "Selling And Marketing Expense": 11061000.0,
        "General And Administrative Expense": 15782000.0,
        "Other Gand A": 13351000.0,
        "Salaries And Wages": 2431000.0,
        "Gross Profit": 23617000.0,
        "Cost Of Revenue": 60081000.0,
        "Total Revenue": 83698000.0,
        "Operating Revenue": 83698000.0
    },
    "2022-03-31": {
        "Diluted EPS": -0.29,
        "Total Revenue": 82,
        "Gross Profit": 35,
        "Operating Income": -6,
        "EBIT": 8,
        "Net Income": -12
    },
    "2021-12-31": {
        "Diluted EPS": -0.07,
        "Total Revenue": 68,
        "Gross Profit": 26,
        "Operating Income": -19,
        "EBIT": -17,
        "Net Income": -9
    },
    "2021-09-30": {
        "Diluted EPS": -0.09,
        "Total Revenue": 65,
        "Gross Profit": 22,
        "Operating Income": -9,
        "EBIT": -8,
        "Net Income": -9
    },
    "2021-06-30": {
        "Diluted EPS": -0.01,
        "Total Revenue": 52,
        "Gross Profit": 17,
        "Operating Income": -10,
        "EBIT": -9,
        "Net Income": -1
    },
    "2021-03-31": {
        "Diluted EPS": -0.04,
        "Total Revenue": 49,
        "Gross Profit": 17,
        "Operating Income": 7,
        "EBIT": 8,
        "Net Income": -4
    },
    "2020-12-31": {
        "Diluted EPS": 0.0,
        "Total Revenue": NaN,
        "Gross Profit": NaN,
        "Operating Income": NaN,
        "EBIT": NaN,
        "Net Income": NaN
    },
    "2020-09-30": {
        "Diluted EPS": -0.01,
        "Total Revenue": NaN,
        "Gross Profit": NaN,
        "Operating Income": 0,
        "EBIT": 0,
        "Net Income": 0
    },
    "2023-06-30": {
        "Tax Effect Of Unusual Items": 79800.0,
        "Tax Rate For Calcs": 0.21,
        "Normalized EBITDA": -28583000.0,
        "Total Unusual Items": 380000.0,
        "Total Unusual Items Excluding Goodwill": 380000.0,
        "Net Income From Continuing Operation Net Minority Interest": -23420000.0,
        "Reconciled Depreciation": 18725000.0,
        "Reconciled Cost Of Revenue": 77060000.0,
        "EBITDA": -28203000.0,
        "EBIT": -46928000.0,
        "Net Interest Income": 414000.0,
        "Normalized Income": -23720200.0,
        "Net Income From Continuing And Discontinued Operation": -23420000.0,
        "Total Expenses": 131020000.0,
        "Diluted Average Shares": 3367000.0,
        "Basic Average Shares": 3367000.0,
        "Diluted EPS": -6.96,
        "Basic EPS": -6.96,
        "Diluted NI Availto Com Stockholders": -23420000.0,
        "Net Income Common Stockholders": -23420000.0,
        "Otherunder Preferred Stock Dividend": NaN,
        "Net Income": -23420000.0,
        "Minority Interests": 23252000.0,
        "Net Income Including Noncontrolling Interests": -46672000.0,
        "Net Income Continuous Operations": -46672000.0,
        "Tax Provision": 217000.0,
        "Pretax Income": -46455000.0,
        "Other Income Expense": 59000.0,
        "Other Non Operating Income Expenses": -321000.0,
        "Gain On Sale Of Security": 380000.0,
        "Net Non Operating Interest Income Expense": 414000.0,
        "Total Other Finance Cost": -414000.0,
        "Operating Income": -46928000.0,
        "Operating Expense": 36250000.0,
        "Other Operating Expenses": 6966000.0,
        "Depreciation Amortization Depletion Income Statement": 1015000.0,
        "Depreciation And Amortization In Income Statement": 1015000.0,
        "Depreciation Income Statement": 1015000.0,
        "Research And Development": 3280000.0,
        "Selling General And Administration": 24989000.0,
        "Selling And Marketing Expense": 8309000.0,
        "General And Administrative Expense": 16680000.0,
        "Other Gand A": 16680000.0,
        "Salaries And Wages": 3731000.0,
        "Gross Profit": -10678000.0,
        "Cost Of Revenue": 94770000.0,
        "Total Revenue": 84092000.0,
        "Operating Revenue": 84069000.0
    },
    "2023-09-30": {
        "Tax Effect Of Unusual Items": 56070.0,
        "Tax Rate For Calcs": 0.21,
        "Normalized EBITDA": 638000.0,
        "Total Unusual Items": 267000.0,
        "Total Unusual Items Excluding Goodwill": 267000.0,
        "Net Income From Continuing Operation Net Minority Interest": -16653000.0,
        "Reconciled Depreciation": 24368000.0,
        "Reconciled Cost Of Revenue": 38628000.0,
        "EBITDA": 905000.0,
        "EBIT": -23463000.0,
        "Net Interest Income": -1731000.0,
        "Normalized Income": -16863930.0,
        "Net Income From Continuing And Discontinued Operation": -16653000.0,
        "Total Expenses": 106061000.0,
        "Diluted Average Shares": 3419000.0,
        "Basic Average Shares": 3419000.0,
        "Diluted EPS": -4.87,
        "Basic EPS": -4.87,
        "Diluted NI Availto Com Stockholders": -16653000.0,
        "Net Income Common Stockholders": -16653000.0,
        "Otherunder Preferred Stock Dividend": NaN,
        "Net Income": -16653000.0,
        "Minority Interests": 8769000.0,
        "Net Income Including Noncontrolling Interests": -25422000.0,
        "Net Income Continuous Operations": -25422000.0,
        "Tax Provision": 492000.0,
        "Pretax Income": -24930000.0,
        "Other Income Expense": 264000.0,
        "Other Non Operating Income Expenses": -3000.0,
        "Gain On Sale Of Security": 267000.0,
        "Net Non Operating Interest Income Expense": -1731000.0,
        "Total Other Finance Cost": 1731000.0,
        "Operating Income": -23463000.0,
        "Operating Expense": 44063000.0,
        "Other Operating Expenses": 8623000.0,
        "Depreciation Amortization Depletion Income Statement": 998000.0,
        "Depreciation And Amortization In Income Statement": 998000.0,
        "Depreciation Income Statement": 998000.0,
        "Research And Development": 2355000.0,
        "Selling General And Administration": 32087000.0,
        "Selling And Marketing Expense": 8600000.0,
        "General And Administrative Expense": 23487000.0,
        "Other Gand A": 23487000.0,
        "Salaries And Wages": NaN,
        "Gross Profit": 20600000.0,
        "Cost Of Revenue": 61998000.0,
        "Total Revenue": 82598000.0,
        "Operating Revenue": 82598000.0
    },
    "2023-12-31": {
        "Tax Effect Of Unusual Items": 21376.94704,
        "Tax Rate For Calcs": 0.011713,
        "Normalized EBITDA": 8027000.0,
        "Total Unusual Items": 1825000.0,
        "Total Unusual Items Excluding Goodwill": 1825000.0,
        "Net Income From Continuing Operation Net Minority Interest": -8786000.0,
        "Reconciled Depreciation": 27721000.0,
        "Reconciled Cost Of Revenue": 31746000.0,
        "EBITDA": 9852000.0,
        "EBIT": -17869000.0,
        "Net Interest Income": 71000.0,
        "Normalized Income": -10589623.05296,
        "Net Income From Continuing And Discontinued Operation": -8786000.0,
        "Total Expenses": 88579000.0,
        "Diluted Average Shares": 3500000.0,
        "Basic Average Shares": 3500000.0,
        "Diluted EPS": -2.51,
        "Basic EPS": -2.51,
        "Diluted NI Availto Com Stockholders": -8786000.0,
        "Net Income Common Stockholders": -8786000.0,
        "Otherunder Preferred Stock Dividend": NaN,
        "Net Income": -8786000.0,
        "Minority Interests": 7076000.0,
        "Net Income Including Noncontrolling Interests": -15862000.0,
        "Net Income Continuous Operations": -15862000.0,
        "Tax Provision": -188000.0,
        "Pretax Income": -16050000.0,
        "Other Income Expense": 1749000.0,
        "Other Non Operating Income Expenses": -76000.0,
        "Gain On Sale Of Security": 1825000.0,
        "Net Non Operating Interest Income Expense": 71000.0,
        "Total Other Finance Cost": -71000.0,
        "Operating Income": -17869000.0,
        "Operating Expense": 30583000.0,
        "Other Operating Expenses": 4878000.0,
        "Depreciation Amortization Depletion Income Statement": 1471000.0,
        "Depreciation And Amortization In Income Statement": 1471000.0,
        "Depreciation Income Statement": 1471000.0,
        "Research And Development": 2606000.0,
        "Selling General And Administration": 21628000.0,
        "Selling And Marketing Expense": 9683000.0,
        "General And Administrative Expense": 11945000.0,
        "Other Gand A": 11945000.0,
        "Salaries And Wages": NaN,
        "Gross Profit": 12714000.0,
        "Cost Of Revenue": 57996000.0,
        "Total Revenue": 70710000.0,
        "Operating Revenue": 69571000.0
    },
    "2024-03-31": {
        "Tax Effect Of Unusual Items": 248940.0,
        "Tax Rate For Calcs": 0.06,
        "Normalized EBITDA": 10847000.0,
        "Total Unusual Items": 4149000.0,
        "Total Unusual Items Excluding Goodwill": 4149000.0,
        "Net Income From Continuing Operation Net Minority Interest": 1263000.0,
        "Reconciled Depreciation": 16724000.0,
        "Reconciled Cost Of Revenue": 33139000.0,
        "EBITDA": 14996000.0,
        "EBIT": -1728000.0,
        "Net Interest Income": -323000.0,
        "Normalized Income": -2637060.0,
        "Net Income From Continuing And Discontinued Operation": 1263000.0,
        "Total Expenses": 81973000.0,
        "Diluted Average Shares": 4445000.0,
        "Basic Average Shares": 3595000.0,
        "Diluted EPS": -0.18,
        "Basic EPS": 0.35,
        "Diluted NI Availto Com Stockholders": -803000.0,
        "Net Income Common Stockholders": -803000.0,
        "Otherunder Preferred Stock Dividend": 2066000.0,
        "Net Income": 1263000.0,
        "Minority Interests": -986000.0,
        "Net Income Including Noncontrolling Interests": 2249000.0,
        "Net Income Continuous Operations": 2249000.0,
        "Tax Provision": 144000.0,
        "Pretax Income": 2393000.0,
        "Other Income Expense": 4444000.0,
        "Other Non Operating Income Expenses": 295000.0,
        "Gain On Sale Of Security": 4149000.0,
        "Net Non Operating Interest Income Expense": -323000.0,
        "Total Other Finance Cost": 323000.0,
        "Operating Income": -1728000.0,
        "Operating Expense": 33449000.0,
        "Other Operating Expenses": 7023000.0,
        "Depreciation Amortization Depletion Income Statement": 1339000.0,
        "Depreciation And Amortization In Income Statement": 1339000.0,
        "Depreciation Income Statement": 1339000.0,
        "Research And Development": 2050000.0,
        "Selling General And Administration": 23037000.0,
        "Selling And Marketing Expense": 8726000.0,
        "General And Administrative Expense": 14311000.0,
        "Other Gand A": 14311000.0,
        "Salaries And Wages": NaN,
        "Gross Profit": 31721000.0,
        "Cost Of Revenue": 48524000.0,
        "Total Revenue": 80245000.0,
        "Operating Revenue": 77739000.0
    },
    "2024-06-30": {
        "Tax Effect Of Unusual Items": -66360.0,
        "Tax Rate For Calcs": 0.21,
        "Normalized EBITDA": 6199000.0,
        "Total Unusual Items": -316000.0,
        "Total Unusual Items Excluding Goodwill": -316000.0,
        "Net Income From Continuing Operation Net Minority Interest": -8707000.0,
        "Reconciled Depreciation": 20513000.0,
        "Reconciled Cost Of Revenue": 31701000.0,
        "EBITDA": 5883000.0,
        "EBIT": -14630000.0,
        "Net Interest Income": -373000.0,
        "Normalized Income": -8457360.0,
        "Net Income From Continuing And Discontinued Operation": -8707000.0,
        "Total Expenses": 82012000.0,
        "Diluted Average Shares": 3730000.0,
        "Basic Average Shares": 3730000.0,
        "Diluted EPS": -2.33,
        "Basic EPS": -2.33,
        "Diluted NI Availto Com Stockholders": -8707000.0,
        "Net Income Common Stockholders": -8707000.0,
        "Otherunder Preferred Stock Dividend": NaN,
        "Net Income": -8707000.0,
        "Minority Interests": 6686000.0,
        "Net Income Including Noncontrolling Interests": -15393000.0,
        "Net Income Continuous Operations": -15393000.0,
        "Tax Provision": 56000.0,
        "Pretax Income": -15337000.0,
        "Other Income Expense": -334000.0,
        "Other Non Operating Income Expenses": -18000.0,
        "Gain On Sale Of Security": -316000.0,
        "Net Non Operating Interest Income Expense": -373000.0,
        "Total Other Finance Cost": 373000.0,
        "Operating Income": -14630000.0,
        "Operating Expense": 30811000.0,
        "Other Operating Expenses": 4766000.0,
        "Depreciation Amortization Depletion Income Statement": 1013000.0,
        "Depreciation And Amortization In Income Statement": 1013000.0,
        "Depreciation Income Statement": NaN,
        "Research And Development": 2266000.0,
        "Selling General And Administration": 22766000.0,
        "Selling And Marketing Expense": 8772000.0,
        "General And Administrative Expense": 13994000.0,
        "Other Gand A": 13994000.0,
        "Salaries And Wages": NaN,
        "Gross Profit": 16181000.0,
        "Cost Of Revenue": 51201000.0,
        "Total Revenue": 67382000.0,
        "Operating Revenue": 64086000.0
    }
}