{
    "2023-06-30": {
        "Tax Effect Of Unusual Items": -9911.0,
        "Tax Rate For Calcs": 0.187,
        "Total Unusual Items": -53000.0,
        "Total Unusual Items Excluding Goodwill": -53000.0,
        "Net Income From Continuing Operation Net Minority Interest": 6547000.0,
        "Reconciled Depreciation": 919000.0,
        "Net Interest Income": 18387000.0,
        "Interest Expense": 14009000.0,
        "Interest Income": 32396000.0,
        "Normalized Income": 6590089.0,
        "Net Income From Continuing And Discontinued Operation": 6547000.0,
        "Diluted Average Shares": 9881385.0,
        "Basic Average Shares": 9880721.0,
        "Diluted EPS": 0.67,
        "Basic EPS": 0.67,
        "Diluted NI Availto Com Stockholders": 6547000.0,
        "Net Income Common Stockholders": 6547000.0,
        "Otherunder Preferred Stock Dividend": NaN,
        "Net Income": 6547000.0,
        "Net Income Including Noncontrolling Interests": 6547000.0,
        "Net Income Continuous Operations": 6547000.0,
        "Tax Provision": 1509000.0,
        "Pretax Income": 8056000.0,
        "Special Income Charges": -58000.0,
        "Other Special Charges": 58000.0,
        "Restructuring And Mergern Acquisition": NaN,
        "Gain On Sale Of Security": -107000.0,
        "Depreciation Amortization Depletion Income Statement": 919000.0,
        "Depreciation And Amortization In Income Statement": 919000.0,
        "Selling General And Administration": 9425000.0,
        "Selling And Marketing Expense": 82000.0,
        "General And Administrative Expense": 9343000.0,
        "Salaries And Wages": 9343000.0,
        "Total Revenue": 20515000.0,
        "Operating Revenue": 20515000.0
    },
    "2023-03-31": {
        "Tax Effect Of Unusual Items": -187187.0,
        "Tax Rate For Calcs": 0.187,
        "Total Unusual Items": -1001000.0,
        "Total Unusual Items Excluding Goodwill": -1001000.0,
        "Net Income From Continuing Operation Net Minority Interest": 3812000.0,
        "Reconciled Depreciation": 1052000.0,
        "Net Interest Income": 20173000.0,
        "Interest Expense": 10804000.0,
        "Interest Income": 30977000.0,
        "Normalized Income": 4625813.0,
        "Net Income From Continuing And Discontinued Operation": 3812000.0,
        "Diluted Average Shares": 9992467.0,
        "Basic Average Shares": 9908931.0,
        "Diluted EPS": 0.38,
        "Basic EPS": 0.38,
        "Diluted NI Availto Com Stockholders": 3811000.0,
        "Net Income Common Stockholders": 3811000.0,
        "Otherunder Preferred Stock Dividend": 1000.0,
        "Net Income": 3812000.0,
        "Net Income Including Noncontrolling Interests": 3812000.0,
        "Net Income Continuous Operations": 3812000.0,
        "Tax Provision": 874000.0,
        "Pretax Income": 4686000.0,
        "Special Income Charges": -859000.0,
        "Other Special Charges": 859000.0,
        "Restructuring And Mergern Acquisition": NaN,
        "Gain On Sale Of Security": -5000.0,
        "Depreciation Amortization Depletion Income Statement": 1052000.0,
        "Depreciation And Amortization In Income Statement": 1052000.0,
        "Selling General And Administration": 9403000.0,
        "Selling And Marketing Expense": 69000.0,
        "General And Administrative Expense": 9334000.0,
        "Salaries And Wages": 9334000.0,
        "Total Revenue": 22108000.0,
        "Operating Revenue": 22108000.0
    },
    "2022-12-31": {
        "Tax Effect Of Unusual Items": -11342.888951,
        "Tax Rate For Calcs": 0.174506,
        "Total Unusual Items": -65000.0,
        "Total Unusual Items Excluding Goodwill": -65000.0,
        "Net Income From Continuing Operation Net Minority Interest": 8898000.0,
        "Reconciled Depreciation": 1071000.0,
        "Net Interest Income": 22519000.0,
        "Interest Expense": 6853000.0,
        "Interest Income": 29372000.0,
        "Normalized Income": 8951657.111049,
        "Net Income From Continuing And Discontinued Operation": 8898000.0,
        "Diluted Average Shares": 10032446.0,
        "Basic Average Shares": 9899192.0,
        "Diluted EPS": 0.88,
        "Basic EPS": 0.9,
        "Diluted NI Availto Com Stockholders": 8892000.0,
        "Net Income Common Stockholders": 8892000.0,
        "Otherunder Preferred Stock Dividend": 6000.0,
        "Net Income": 8898000.0,
        "Net Income Including Noncontrolling Interests": 8898000.0,
        "Net Income Continuous Operations": 8898000.0,
        "Tax Provision": 1881000.0,
        "Pretax Income": 10779000.0,
        "Special Income Charges": -67000.0,
        "Other Special Charges": 67000.0,
        "Restructuring And Mergern Acquisition": 0.0,
        "Gain On Sale Of Security": 12000.0,
        "Depreciation Amortization Depletion Income Statement": 1071000.0,
        "Depreciation And Amortization In Income Statement": 1071000.0,
        "Selling General And Administration": 7619000.0,
        "Selling And Marketing Expense": 74000.0,
        "General And Administrative Expense": 7545000.0,
        "Salaries And Wages": 7545000.0,
        "Total Revenue": 26027000.0,
        "Operating Revenue": 26027000.0
    },
    "2022-09-30": {
        "Tax Effect Of Unusual Items": -10017.0,
        "Tax Rate For Calcs": 0.189,
        "Total Unusual Items": -53000.0,
        "Total Unusual Items Excluding Goodwill": -53000.0,
        "Net Income From Continuing Operation Net Minority Interest": 7304000.0,
        "Reconciled Depreciation": 1087000.0,
        "Net Interest Income": 23467000.0,
        "Interest Expense": 3535000.0,
        "Interest Income": 27002000.0,
        "Normalized Income": 7346983.0,
        "Net Income From Continuing And Discontinued Operation": 7304000.0,
        "Diluted Average Shares": 10086249.0,
        "Basic Average Shares": 9965374.0,
        "Diluted EPS": 0.73,
        "Basic EPS": 0.74,
        "Diluted NI Availto Com Stockholders": 7304000.0,
        "Net Income Common Stockholders": 7304000.0,
        "Otherunder Preferred Stock Dividend": 5000.0,
        "Net Income": 7304000.0,
        "Net Income Including Noncontrolling Interests": 7304000.0,
        "Net Income Continuous Operations": 7304000.0,
        "Tax Provision": 1699000.0,
        "Pretax Income": 9003000.0,
        "Special Income Charges": -103000.0,
        "Other Special Charges": 103000.0,
        "Restructuring And Mergern Acquisition": 0.0,
        "Gain On Sale Of Security": -27000.0,
        "Depreciation Amortization Depletion Income Statement": 1087000.0,
        "Depreciation And Amortization In Income Statement": 1087000.0,
        "Selling General And Administration": 9429000.0,
        "Selling And Marketing Expense": 84000.0,
        "General And Administrative Expense": 9345000.0,
        "Other Gand A": 861000.0,
        "Salaries And Wages": 9345000.0,
        "Total Revenue": 26235000.0,
        "Operating Revenue": 26235000.0
    },
    "2022-06-30": {
        "Tax Effect Of Unusual Items": -158769.0,
        "Tax Rate For Calcs": 0.207,
        "Total Unusual Items": -767000.0,
        "Total Unusual Items Excluding Goodwill": -767000.0,
        "Net Income From Continuing Operation Net Minority Interest": 9404000.0,
        "Reconciled Depreciation": 1122000.0,
        "Net Interest Income": 21978000.0,
        "Interest Expense": 2350000.0,
        "Interest Income": 24328000.0,
        "Normalized Income": 10012231.0,
        "Net Income From Continuing And Discontinued Operation": 9404000.0,
        "Diluted Average Shares": 10233539.0,
        "Basic Average Shares": 10149246.0,
        "Diluted EPS": 0.92,
        "Basic EPS": 0.92,
        "Diluted NI Availto Com Stockholders": 9404000.0,
        "Net Income Common Stockholders": 9404000.0,
        "Otherunder Preferred Stock Dividend": 7000.0,
        "Net Income": 9404000.0,
        "Net Income Including Noncontrolling Interests": 9404000.0,
        "Net Income Continuous Operations": 9404000.0,
        "Tax Provision": 2459000.0,
        "Pretax Income": 11863000.0,
        "Special Income Charges": -683000.0,
        "Other Special Charges": 461000.0,
        "Restructuring And Mergern Acquisition": 0.0,
        "Gain On Sale Of Security": 4647000.0,
        "Depreciation Amortization Depletion Income Statement": 1122000.0,
        "Depreciation And Amortization In Income Statement": 1122000.0,
        "Selling General And Administration": 9146000.0,
        "Selling And Marketing Expense": 83000.0,
        "General And Administrative Expense": 9063000.0,
        "Other Gand A": 727000.0,
        "Salaries And Wages": 9063000.0,
        "Total Revenue": 28817000.0,
        "Operating Revenue": 28817000.0
    },
    "2022-03-31": {
        "Diluted EPS": 0.97,
        "Total Revenue": 30,
        "Gross Profit": 28,
        "Operating Income": 13,
        "EBIT": NaN,
        "Net Income": 10
    },
    "2021-12-31": {
        "Diluted EPS": 0.67,
        "Total Revenue": 25,
        "Gross Profit": 23,
        "Operating Income": 9,
        "EBIT": NaN,
        "Net Income": 7
    },
    "2021-09-30": {
        "Diluted EPS": -0.95,
        "Total Revenue": 28,
        "Gross Profit": 25,
        "Operating Income": -12,
        "EBIT": NaN,
        "Net Income": -10
    },
    "2021-06-30": {
        "Diluted EPS": 0.53,
        "Total Revenue": 28,
        "Gross Profit": 25,
        "Operating Income": 9,
        "EBIT": NaN,
        "Net Income": 6
    },
    "2021-03-31": {
        "Diluted EPS": 0.51,
        "Total Revenue": 25,
        "Gross Profit": 22,
        "Operating Income": 7,
        "EBIT": NaN,
        "Net Income": 5
    },
    "2020-12-31": {
        "Diluted EPS": 0.42,
        "Total Revenue": 27,
        "Gross Profit": 23,
        "Operating Income": 6,
        "EBIT": NaN,
        "Net Income": 5
    },
    "2020-09-30": {
        "Diluted EPS": 0.41,
        "Total Revenue": 27,
        "Gross Profit": 22,
        "Operating Income": 6,
        "EBIT": NaN,
        "Net Income": 4
    },
    "2020-06-30": {
        "Diluted EPS": 0.39,
        "Total Revenue": 28,
        "Gross Profit": 22,
        "Operating Income": 6,
        "EBIT": NaN,
        "Net Income": 4
    },
    "2020-03-31": {
        "Diluted EPS": 0.05,
        "Total Revenue": 25,
        "Gross Profit": 18,
        "Operating Income": 2,
        "EBIT": NaN,
        "Net Income": 1
    },
    "2019-12-31": {
        "Diluted EPS": 0.32,
        "Total Revenue": 25,
        "Gross Profit": 19,
        "Operating Income": 5,
        "EBIT": NaN,
        "Net Income": 3
    },
    "2019-09-30": {
        "Diluted EPS": 0.46,
        "Total Revenue": 24,
        "Gross Profit": 18,
        "Operating Income": 6,
        "EBIT": NaN,
        "Net Income": 5
    },
    "2019-06-30": {
        "Diluted EPS": 0.48,
        "Total Revenue": 24,
        "Gross Profit": 18,
        "Operating Income": 6,
        "EBIT": NaN,
        "Net Income": 5
    },
    "2019-03-31": {
        "Diluted EPS": 0.4,
        "Total Revenue": 22,
        "Gross Profit": 16,
        "Operating Income": 6,
        "EBIT": NaN,
        "Net Income": 4
    },
    "2018-12-31": {
        "Diluted EPS": 0.34,
        "Total Revenue": 21,
        "Gross Profit": 16,
        "Operating Income": 4,
        "EBIT": NaN,
        "Net Income": 3
    },
    "2018-09-30": {
        "Diluted EPS": 0.41,
        "Total Revenue": 20,
        "Gross Profit": 16,
        "Operating Income": 5,
        "EBIT": NaN,
        "Net Income": 4
    },
    "2018-06-30": {
        "Diluted EPS": 0.39,
        "Total Revenue": 19,
        "Gross Profit": 16,
        "Operating Income": 5,
        "EBIT": NaN,
        "Net Income": 4
    },
    "2018-03-31": {
        "Diluted EPS": 0.25,
        "Total Revenue": 18,
        "Gross Profit": 15,
        "Operating Income": 5,
        "EBIT": NaN,
        "Net Income": 2
    },
    "2017-12-31": {
        "Diluted EPS": 0.24,
        "Total Revenue": 17,
        "Gross Profit": 14,
        "Operating Income": 5,
        "EBIT": NaN,
        "Net Income": 2
    },
    "2017-09-30": {
        "Diluted EPS": 0.24,
        "Total Revenue": 16,
        "Gross Profit": 13,
        "Operating Income": 4,
        "EBIT": NaN,
        "Net Income": 2
    },
    "2017-06-30": {
        "Diluted EPS": 0.22,
        "Total Revenue": 13,
        "Gross Profit": 10,
        "Operating Income": 3,
        "EBIT": NaN,
        "Net Income": 2
    },
    "2017-03-31": {
        "Diluted EPS": 0.26,
        "Total Revenue": 12,
        "Gross Profit": 10,
        "Operating Income": 3,
        "EBIT": NaN,
        "Net Income": 2
    },
    "2016-12-31": {
        "Diluted EPS": 0.25,
        "Total Revenue": 12,
        "Gross Profit": 10,
        "Operating Income": 3,
        "EBIT": NaN,
        "Net Income": 2
    },
    "2016-09-30": {
        "Diluted EPS": 0.29,
        "Total Revenue": 12,
        "Gross Profit": 10,
        "Operating Income": 3,
        "EBIT": NaN,
        "Net Income": 2
    },
    "2016-06-30": {
        "Diluted EPS": 0.28,
        "Total Revenue": 13,
        "Gross Profit": 11,
        "Operating Income": 3,
        "EBIT": NaN,
        "Net Income": 2
    },
    "2016-03-31": {
        "Diluted EPS": 0.28,
        "Total Revenue": 12,
        "Gross Profit": 10,
        "Operating Income": 3,
        "EBIT": NaN,
        "Net Income": 2
    },
    "2015-12-31": {
        "Diluted EPS": 0.19,
        "Total Revenue": 11,
        "Gross Profit": 10,
        "Operating Income": 2,
        "EBIT": NaN,
        "Net Income": 1
    },
    "2015-09-30": {
        "Diluted EPS": 0.26,
        "Total Revenue": 12,
        "Gross Profit": 10,
        "Operating Income": 3,
        "EBIT": NaN,
        "Net Income": 2
    },
    "2015-06-30": {
        "Diluted EPS": 0.25,
        "Total Revenue": 11,
        "Gross Profit": 10,
        "Operating Income": 3,
        "EBIT": NaN,
        "Net Income": 2
    },
    "2015-03-31": {
        "Diluted EPS": 0.27,
        "Total Revenue": 11,
        "Gross Profit": 10,
        "Operating Income": 3,
        "EBIT": NaN,
        "Net Income": 2
    },
    "2014-12-31": {
        "Diluted EPS": 0.26,
        "Total Revenue": 10,
        "Gross Profit": 9,
        "Operating Income": 2,
        "EBIT": NaN,
        "Net Income": 2
    },
    "2014-09-30": {
        "Diluted EPS": 0.2,
        "Total Revenue": 10,
        "Gross Profit": 9,
        "Operating Income": 2,
        "EBIT": NaN,
        "Net Income": 1
    },
    "2014-06-30": {
        "Diluted EPS": 0.26,
        "Total Revenue": 9,
        "Gross Profit": 8,
        "Operating Income": 2,
        "EBIT": NaN,
        "Net Income": 1
    },
    "2014-03-31": {
        "Diluted EPS": 0.21,
        "Total Revenue": 8,
        "Gross Profit": 7,
        "Operating Income": 1,
        "EBIT": NaN,
        "Net Income": 1
    },
    "2013-12-31": {
        "Diluted EPS": 0.0,
        "Total Revenue": NaN,
        "Gross Profit": NaN,
        "Operating Income": NaN,
        "EBIT": NaN,
        "Net Income": NaN
    },
    "2013-09-30": {
        "Diluted EPS": 0.16,
        "Total Revenue": 7,
        "Gross Profit": 6,
        "Operating Income": 1,
        "EBIT": NaN,
        "Net Income": 1
    },
    "2013-06-30": {
        "Diluted EPS": 0.44,
        "Total Revenue": 8,
        "Gross Profit": 7,
        "Operating Income": 2,
        "EBIT": NaN,
        "Net Income": 2
    },
    "2012-12-31": {
        "Diluted EPS": 0.0,
        "Total Revenue": NaN,
        "Gross Profit": NaN,
        "Operating Income": NaN,
        "EBIT": NaN,
        "Net Income": NaN
    },
    "2023-09-30": {
        "Tax Effect Of Unusual Items": -59856.0,
        "Tax Rate For Calcs": 0.174,
        "Total Unusual Items": -344000.0,
        "Total Unusual Items Excluding Goodwill": -344000.0,
        "Net Income From Continuing Operation Net Minority Interest": 2781000.0,
        "Reconciled Depreciation": 900000.0,
        "Net Interest Income": 17469000.0,
        "Interest Expense": 15691000.0,
        "Interest Income": 33160000.0,
        "Normalized Income": 3065144.0,
        "Net Income From Continuing And Discontinued Operation": 2781000.0,
        "Diluted Average Shares": 9817607.0,
        "Basic Average Shares": 9814727.0,
        "Diluted EPS": 0.28,
        "Basic EPS": 0.28,
        "Diluted NI Availto Com Stockholders": 2781000.0,
        "Net Income Common Stockholders": 2781000.0,
        "Otherunder Preferred Stock Dividend": NaN,
        "Net Income": 2781000.0,
        "Net Income Including Noncontrolling Interests": 2781000.0,
        "Net Income Continuous Operations": 2781000.0,
        "Tax Provision": 585000.0,
        "Pretax Income": 3366000.0,
        "Special Income Charges": -367000.0,
        "Other Special Charges": 367000.0,
        "Restructuring And Mergern Acquisition": NaN,
        "Gain On Sale Of Security": 22000.0,
        "Depreciation Amortization Depletion Income Statement": 900000.0,
        "Depreciation And Amortization In Income Statement": 900000.0,
        "Selling General And Administration": 9546000.0,
        "Selling And Marketing Expense": 83000.0,
        "General And Administrative Expense": 9463000.0,
        "Salaries And Wages": 9463000.0,
        "Total Revenue": 19473000.0,
        "Operating Revenue": 19473000.0
    },
    "2023-12-31": {
        "Tax Effect Of Unusual Items": -7059.722222,
        "Tax Rate For Calcs": 0.181019,
        "Total Unusual Items": -39000.0,
        "Total Unusual Items Excluding Goodwill": -39000.0,
        "Net Income From Continuing Operation Net Minority Interest": 3538000.0,
        "Reconciled Depreciation": 909000.0,
        "Net Interest Income": 18491000.0,
        "Interest Expense": 18177000.0,
        "Interest Income": 36668000.0,
        "Normalized Income": 3569940.277778,
        "Net Income From Continuing And Discontinued Operation": 3538000.0,
        "Diluted Average Shares": 9763296.0,
        "Basic Average Shares": 9754617.0,
        "Diluted EPS": 0.36,
        "Basic EPS": 0.36,
        "Diluted NI Availto Com Stockholders": 3539000.0,
        "Net Income Common Stockholders": 3539000.0,
        "Otherunder Preferred Stock Dividend": -1000.0,
        "Net Income": 3538000.0,
        "Net Income Including Noncontrolling Interests": 3538000.0,
        "Net Income Continuous Operations": 3538000.0,
        "Tax Provision": 782000.0,
        "Pretax Income": 4320000.0,
        "Special Income Charges": -39000.0,
        "Other Special Charges": 39000.0,
        "Restructuring And Mergern Acquisition": NaN,
        "Gain On Sale Of Security": -298000.0,
        "Depreciation Amortization Depletion Income Statement": 909000.0,
        "Depreciation And Amortization In Income Statement": 909000.0,
        "Selling General And Administration": 9071000.0,
        "Selling And Marketing Expense": 68000.0,
        "General And Administrative Expense": 9003000.0,
        "Salaries And Wages": 9003000.0,
        "Total Revenue": 20285000.0,
        "Operating Revenue": 20285000.0
    }
}