{
    "2023-03-31": {
        "Tax Effect Of Unusual Items": -60800000.0,
        "Tax Rate For Calcs": 0.4,
        "Total Unusual Items": -152000000.0,
        "Total Unusual Items Excluding Goodwill": -152000000.0,
        "Net Income From Continuing Operation Net Minority Interest": 74783000000.0,
        "Reconciled Depreciation": 24966000000.0,
        "Net Interest Income": 247795000000.0,
        "Interest Expense": 436409000000.0,
        "Interest Income": 684204000000.0,
        "Normalized Income": 74874200000.0,
        "Net Income From Continuing And Discontinued Operation": 74783000000.0,
        "Rent Expense Supplemental": 401000000.0,
        "Diluted Average Shares": 649012000.0,
        "Basic Average Shares": 649012000.0,
        "Diluted EPS": 115.5,
        "Basic EPS": 115.5,
        "Diluted NI Availto Com Stockholders": 74783000000.0,
        "Net Income Common Stockholders": 74783000000.0,
        "Net Income": 74783000000.0,
        "Minority Interests": -12000000.0,
        "Net Income Including Noncontrolling Interests": 74795000000.0,
        "Net Income Discontinuous Operations": 0.0,
        "Net Income Continuous Operations": 74795000000.0,
        "Tax Provision": -59628000000.0,
        "Pretax Income": 15167000000.0,
        "Other Non Operating Income Expenses": 1925000000.0,
        "Special Income Charges": -152000000.0,
        "Gain On Sale Of Business": 0.0,
        "Other Special Charges": 152000000.0,
        "Write Off": NaN,
        "Impairment Of Capital Assets": 0.0,
        "Restructuring And Mergern Acquisition": 36000000.0,
        "Gain On Sale Of Security": 2540000000.0,
        "Depreciation Amortization Depletion Income Statement": 24966000000.0,
        "Depreciation And Amortization In Income Statement": 24966000000.0,
        "Selling General And Administration": 124456000000.0,
        "Selling And Marketing Expense": 3446000000.0,
        "General And Administrative Expense": 121010000000.0,
        "Other Gand A": 37596000000.0,
        "Insurance And Claims": 3847000000.0,
        "Rent And Landing Fees": 401000000.0,
        "Salaries And Wages": 79166000000.0,
        "Total Revenue": 383940000000.0,
        "Operating Revenue": 383940000000.0,
        "Gross Profit": 330,
        "Operating Income": 18,
        "EBIT": NaN
    },
    "2022-12-31": {
        "Tax Effect Of Unusual Items": 1632400000.0,
        "Tax Rate For Calcs": 0.4,
        "Total Unusual Items": 4081000000.0,
        "Total Unusual Items Excluding Goodwill": 4081000000.0,
        "Net Income From Continuing Operation Net Minority Interest": 88821000000.0,
        "Reconciled Depreciation": 26017000000.0,
        "Net Interest Income": 617833000000.0,
        "Interest Expense": 1377172000000.0,
        "Interest Income": 1995005000000.0,
        "Normalized Income": 86372400000.0,
        "Net Income From Continuing And Discontinued Operation": 88821000000.0,
        "Rent Expense Supplemental": 549000000.0,
        "Diluted Average Shares": NaN,
        "Basic Average Shares": NaN,
        "Diluted EPS": NaN,
        "Basic EPS": NaN,
        "Diluted NI Availto Com Stockholders": 88821000000.0,
        "Net Income Common Stockholders": 88821000000.0,
        "Net Income": 88821000000.0,
        "Minority Interests": -33000000.0,
        "Net Income Including Noncontrolling Interests": 88854000000.0,
        "Net Income Discontinuous Operations": 0.0,
        "Net Income Continuous Operations": 88854000000.0,
        "Tax Provision": -111343000000.0,
        "Pretax Income": -22489000000.0,
        "Other Non Operating Income Expenses": NaN,
        "Special Income Charges": 425000000.0,
        "Gain On Sale Of Business": NaN,
        "Other Special Charges": -435000000.0,
        "Write Off": NaN,
        "Impairment Of Capital Assets": 10000000.0,
        "Restructuring And Mergern Acquisition": 0.0,
        "Gain On Sale Of Security": 90109000000.0,
        "Depreciation Amortization Depletion Income Statement": 26017000000.0,
        "Depreciation And Amortization In Income Statement": 26017000000.0,
        "Selling General And Administration": 176334000000.0,
        "Selling And Marketing Expense": 4755000000.0,
        "General And Administrative Expense": 171579000000.0,
        "Other Gand A": 65671000000.0,
        "Insurance And Claims": 5689000000.0,
        "Rent And Landing Fees": 549000000.0,
        "Salaries And Wages": 99670000000.0,
        "Total Revenue": -366300000000.0,
        "Operating Revenue": -366300000000.0,
        "Gross Profit": 324,
        "Operating Income": -56,
        "EBIT": NaN
    },
    "2022-09-30": {
        "Tax Effect Of Unusual Items": -87252700.0,
        "Tax Rate For Calcs": 0.2243,
        "Total Unusual Items": -389000000.0,
        "Total Unusual Items Excluding Goodwill": -389000000.0,
        "Net Income From Continuing Operation Net Minority Interest": 112983000000.0,
        "Reconciled Depreciation": 24057000000.0,
        "Net Interest Income": 237830000000.0,
        "Interest Expense": 312369000000.0,
        "Interest Income": 550199000000.0,
        "Normalized Income": 113284747300.0,
        "Net Income From Continuing And Discontinued Operation": 112983000000.0,
        "Rent Expense Supplemental": 600000000.0,
        "Diluted Average Shares": 649012000.0,
        "Basic Average Shares": 649012000.0,
        "Diluted EPS": 174.0,
        "Basic EPS": 174.0,
        "Diluted NI Availto Com Stockholders": 112983000000.0,
        "Net Income Common Stockholders": 112983000000.0,
        "Net Income": 112983000000.0,
        "Minority Interests": -17000000.0,
        "Net Income Including Noncontrolling Interests": 113000000000.0,
        "Net Income Discontinuous Operations": 0.0,
        "Net Income Continuous Operations": 113000000000.0,
        "Tax Provision": 10928000000.0,
        "Pretax Income": 123928000000.0,
        "Other Non Operating Income Expenses": NaN,
        "Special Income Charges": -389000000.0,
        "Gain On Sale Of Business": NaN,
        "Other Special Charges": 389000000.0,
        "Write Off": 0.0,
        "Impairment Of Capital Assets": 0.0,
        "Restructuring And Mergern Acquisition": 0.0,
        "Gain On Sale Of Security": -14717000000.0,
        "Depreciation Amortization Depletion Income Statement": 24057000000.0,
        "Depreciation And Amortization In Income Statement": 24057000000.0,
        "Selling General And Administration": 136356000000.0,
        "Selling And Marketing Expense": 3891000000.0,
        "General And Administrative Expense": 132465000000.0,
        "Other Gand A": 43407000000.0,
        "Insurance And Claims": 4817000000.0,
        "Rent And Landing Fees": 600000000.0,
        "Salaries And Wages": 83641000000.0,
        "Total Revenue": 663007000000.0,
        "Operating Revenue": 663007000000.0,
        "Gross Profit": 442,
        "Operating Income": 136,
        "EBIT": NaN
    },
    "2022-06-30": {
        "Diluted EPS": 0.25,
        "Total Revenue": 876,
        "Gross Profit": 599,
        "Operating Income": 290,
        "EBIT": NaN,
        "Net Income": 162
    },
    "2022-03-31": {
        "Diluted EPS": 0.2,
        "Total Revenue": 526,
        "Gross Profit": 323,
        "Operating Income": 83,
        "EBIT": NaN,
        "Net Income": 127
    },
    "2021-12-31": {
        "Diluted EPS": 0.03,
        "Total Revenue": 733,
        "Gross Profit": 388,
        "Operating Income": 81,
        "EBIT": NaN,
        "Net Income": 65
    },
    "2021-09-30": {
        "Diluted EPS": 0.21,
        "Total Revenue": 566,
        "Gross Profit": 368,
        "Operating Income": 150,
        "EBIT": NaN,
        "Net Income": 70
    },
    "2021-06-30": {
        "Diluted EPS": 0.28,
        "Total Revenue": 511,
        "Gross Profit": 321,
        "Operating Income": 108,
        "EBIT": NaN,
        "Net Income": 95
    },
    "2021-03-31": {
        "Diluted EPS": 0.38,
        "Total Revenue": 638,
        "Gross Profit": 446,
        "Operating Income": 170,
        "EBIT": NaN,
        "Net Income": 126
    },
    "2020-12-31": {
        "Diluted EPS": -0.5,
        "Total Revenue": 539,
        "Gross Profit": 297,
        "Operating Income": -227,
        "EBIT": NaN,
        "Net Income": -166
    },
    "2020-09-30": {
        "Diluted EPS": -0.04,
        "Total Revenue": 440,
        "Gross Profit": 277,
        "Operating Income": -44,
        "EBIT": NaN,
        "Net Income": -18
    },
    "2020-06-30": {
        "Diluted EPS": -2.63,
        "Total Revenue": 519,
        "Gross Profit": 306,
        "Operating Income": -5,
        "EBIT": NaN,
        "Net Income": -899
    },
    "2020-03-31": {
        "Diluted EPS": 0.1,
        "Total Revenue": 808,
        "Gross Profit": 539,
        "Operating Income": 112,
        "EBIT": NaN,
        "Net Income": 33
    },
    "2019-12-31": {
        "Diluted EPS": 0.02,
        "Total Revenue": 658,
        "Gross Profit": 383,
        "Operating Income": -1,
        "EBIT": NaN,
        "Net Income": 6
    },
    "2019-09-30": {
        "Diluted EPS": 0.15,
        "Total Revenue": 722,
        "Gross Profit": 423,
        "Operating Income": 103,
        "EBIT": NaN,
        "Net Income": 51
    },
    "2019-06-30": {
        "Diluted EPS": 0.23,
        "Total Revenue": 819,
        "Gross Profit": 451,
        "Operating Income": 99,
        "EBIT": NaN,
        "Net Income": 79
    },
    "2019-03-31": {
        "Diluted EPS": 0.12,
        "Total Revenue": 633,
        "Gross Profit": 353,
        "Operating Income": 51,
        "EBIT": NaN,
        "Net Income": 42
    },
    "2018-12-31": {
        "Diluted EPS": 0.13,
        "Total Revenue": 916,
        "Gross Profit": 575,
        "Operating Income": 84,
        "EBIT": NaN,
        "Net Income": 44
    },
    "2018-09-30": {
        "Diluted EPS": 0.19,
        "Total Revenue": 787,
        "Gross Profit": 468,
        "Operating Income": 88,
        "EBIT": NaN,
        "Net Income": 64
    },
    "2018-06-30": {
        "Diluted EPS": 0.27,
        "Total Revenue": 875,
        "Gross Profit": 534,
        "Operating Income": 139,
        "EBIT": NaN,
        "Net Income": 93
    },
    "2018-03-31": {
        "Diluted EPS": 0.21,
        "Total Revenue": 713,
        "Gross Profit": 351,
        "Operating Income": 63,
        "EBIT": NaN,
        "Net Income": 73
    },
    "2017-12-31": {
        "Diluted EPS": -0.08,
        "Total Revenue": 582,
        "Gross Profit": 306,
        "Operating Income": -58,
        "EBIT": NaN,
        "Net Income": -25
    },
    "2017-09-30": {
        "Diluted EPS": -0.02,
        "Total Revenue": 625,
        "Gross Profit": 327,
        "Operating Income": -42,
        "EBIT": NaN,
        "Net Income": -6
    },
    "2017-06-30": {
        "Diluted EPS": 0.28,
        "Total Revenue": 823,
        "Gross Profit": 463,
        "Operating Income": 102,
        "EBIT": NaN,
        "Net Income": 97
    },
    "2017-03-31": {
        "Diluted EPS": 0.11,
        "Total Revenue": 687,
        "Gross Profit": 325,
        "Operating Income": 13,
        "EBIT": NaN,
        "Net Income": 37
    },
    "2016-12-31": {
        "Diluted EPS": -0.04,
        "Total Revenue": 192,
        "Gross Profit": 153,
        "Operating Income": 11,
        "EBIT": NaN,
        "Net Income": -16
    },
    "2016-09-30": {
        "Diluted EPS": 0.11,
        "Total Revenue": 791,
        "Gross Profit": 379,
        "Operating Income": 32,
        "EBIT": NaN,
        "Net Income": 29
    },
    "2016-06-30": {
        "Diluted EPS": 0.16,
        "Total Revenue": 829,
        "Gross Profit": 413,
        "Operating Income": 61,
        "EBIT": NaN,
        "Net Income": 43
    },
    "2016-03-31": {
        "Diluted EPS": -0.16,
        "Total Revenue": 425,
        "Gross Profit": 161,
        "Operating Income": -90,
        "EBIT": NaN,
        "Net Income": -36
    },
    "2015-12-31": {
        "Diluted EPS": 0.27,
        "Total Revenue": 639,
        "Gross Profit": NaN,
        "Operating Income": 955,
        "EBIT": NaN,
        "Net Income": 60
    },
    "2015-09-30": {
        "Diluted EPS": 0.41,
        "Total Revenue": 677,
        "Gross Profit": 423,
        "Operating Income": 200,
        "EBIT": NaN,
        "Net Income": 94
    },
    "2015-06-30": {
        "Diluted EPS": 0.39,
        "Total Revenue": 677,
        "Gross Profit": 398,
        "Operating Income": 202,
        "EBIT": NaN,
        "Net Income": 89
    },
    "2015-03-31": {
        "Diluted EPS": 0.28,
        "Total Revenue": 664,
        "Gross Profit": 434,
        "Operating Income": 205,
        "EBIT": NaN,
        "Net Income": 64
    },
    "2014-12-31": {
        "Diluted EPS": 0.48,
        "Total Revenue": 682,
        "Gross Profit": 432,
        "Operating Income": 189,
        "EBIT": NaN,
        "Net Income": 109
    },
    "2014-09-30": {
        "Diluted EPS": 0.4,
        "Total Revenue": 682,
        "Gross Profit": 421,
        "Operating Income": 162,
        "EBIT": NaN,
        "Net Income": 91
    },
    "2014-06-30": {
        "Diluted EPS": 0.52,
        "Total Revenue": 784,
        "Gross Profit": 451,
        "Operating Income": 173,
        "EBIT": NaN,
        "Net Income": 118
    },
    "2014-03-31": {
        "Diluted EPS": 0.32,
        "Total Revenue": 704,
        "Gross Profit": 411,
        "Operating Income": 139,
        "EBIT": NaN,
        "Net Income": 73
    },
    "2013-12-31": {
        "Diluted EPS": 0.46,
        "Total Revenue": 713,
        "Gross Profit": 467,
        "Operating Income": 230,
        "EBIT": NaN,
        "Net Income": 103
    },
    "2013-09-30": {
        "Diluted EPS": 0.25,
        "Total Revenue": 666,
        "Gross Profit": 353,
        "Operating Income": 85,
        "EBIT": NaN,
        "Net Income": 56
    },
    "2013-06-30": {
        "Diluted EPS": 0.38,
        "Total Revenue": 530,
        "Gross Profit": 315,
        "Operating Income": 124,
        "EBIT": NaN,
        "Net Income": 86
    },
    "2013-03-31": {
        "Diluted EPS": 0.27,
        "Total Revenue": 514,
        "Gross Profit": 244,
        "Operating Income": 59,
        "EBIT": NaN,
        "Net Income": 61
    },
    "2012-12-31": {
        "Diluted EPS": 0.4,
        "Total Revenue": 653,
        "Gross Profit": 653,
        "Operating Income": 653,
        "EBIT": NaN,
        "Net Income": 78
    },
    "2012-09-30": {
        "Diluted EPS": 0.34,
        "Total Revenue": 506,
        "Gross Profit": 506,
        "Operating Income": 506,
        "EBIT": NaN,
        "Net Income": 65
    },
    "2012-06-30": {
        "Diluted EPS": 0.31,
        "Total Revenue": 395,
        "Gross Profit": 395,
        "Operating Income": 395,
        "EBIT": NaN,
        "Net Income": 56
    },
    "2012-03-31": {
        "Diluted EPS": 0.28,
        "Total Revenue": 338,
        "Gross Profit": 132,
        "Operating Income": 35,
        "EBIT": NaN,
        "Net Income": 47
    },
    "2011-12-31": {
        "Diluted EPS": 0.3,
        "Total Revenue": 426,
        "Gross Profit": 254,
        "Operating Income": 229,
        "EBIT": NaN,
        "Net Income": 50
    },
    "2011-09-30": {
        "Diluted EPS": 0.41,
        "Total Revenue": 331,
        "Gross Profit": 174,
        "Operating Income": 75,
        "EBIT": NaN,
        "Net Income": 68
    },
    "2011-06-30": {
        "Diluted EPS": 0.45,
        "Total Revenue": 368,
        "Gross Profit": 178,
        "Operating Income": 81,
        "EBIT": NaN,
        "Net Income": 68
    },
    "2011-03-31": {
        "Diluted EPS": 0.41,
        "Total Revenue": 279,
        "Gross Profit": 151,
        "Operating Income": 55,
        "EBIT": NaN,
        "Net Income": 61
    },
    "2010-12-31": {
        "Diluted EPS": 0.38,
        "Total Revenue": 330,
        "Gross Profit": 233,
        "Operating Income": 138,
        "EBIT": NaN,
        "Net Income": 57
    },
    "2010-09-30": {
        "Diluted EPS": 0.49,
        "Total Revenue": 203,
        "Gross Profit": 112,
        "Operating Income": 17,
        "EBIT": NaN,
        "Net Income": 73
    },
    "2010-06-30": {
        "Diluted EPS": 0.36,
        "Total Revenue": 235,
        "Gross Profit": 157,
        "Operating Income": 59,
        "EBIT": NaN,
        "Net Income": 54
    },
    "2010-03-31": {
        "Diluted EPS": 0.33,
        "Total Revenue": 138,
        "Gross Profit": 80,
        "Operating Income": -12,
        "EBIT": NaN,
        "Net Income": 47
    },
    "2009-12-31": {
        "Diluted EPS": 0.1,
        "Total Revenue": 204,
        "Gross Profit": 59,
        "Operating Income": 6,
        "EBIT": NaN,
        "Net Income": 51
    },
    "2009-09-30": {
        "Diluted EPS": 0.28,
        "Total Revenue": 153,
        "Gross Profit": 153,
        "Operating Income": 60,
        "EBIT": NaN,
        "Net Income": 44
    },
    "2009-06-30": {
        "Diluted EPS": 0.26,
        "Total Revenue": 206,
        "Gross Profit": 133,
        "Operating Income": 41,
        "EBIT": NaN,
        "Net Income": 42
    },
    "2009-03-31": {
        "Diluted EPS": 0.16,
        "Total Revenue": 179,
        "Gross Profit": 179,
        "Operating Income": 66,
        "EBIT": NaN,
        "Net Income": 27
    }
}