{
    "2023-06-30": {
        "Tax Effect Of Unusual Items": NaN,
        "Tax Rate For Calcs": NaN,
        "Normalized EBITDA": NaN,
        "Total Unusual Items": NaN,
        "Total Unusual Items Excluding Goodwill": NaN,
        "Net Income From Continuing Operation Net Minority Interest": NaN,
        "Reconciled Depreciation": NaN,
        "Reconciled Cost Of Revenue": NaN,
        "EBITDA": NaN,
        "EBIT": NaN,
        "Net Interest Income": NaN,
        "Interest Expense": NaN,
        "Normalized Income": NaN,
        "Net Income From Continuing And Discontinued Operation": NaN,
        "Total Expenses": NaN,
        "Total Operating Income As Reported": NaN,
        "Diluted Average Shares": NaN,
        "Basic Average Shares": NaN,
        "Diluted EPS": NaN,
        "Basic EPS": NaN,
        "Diluted NI Availto Com Stockholders": NaN,
        "Net Income Common Stockholders": NaN,
        "Net Income": NaN,
        "Net Income Including Noncontrolling Interests": NaN,
        "Net Income Discontinuous Operations": NaN,
        "Net Income Continuous Operations": NaN,
        "Tax Provision": NaN,
        "Pretax Income": NaN,
        "Other Income Expense": NaN,
        "Other Non Operating Income Expenses": NaN,
        "Special Income Charges": NaN,
        "Other Special Charges": 38000.0,
        "Write Off": NaN,
        "Restructuring And Mergern Acquisition": NaN,
        "Earnings From Equity Interest": 134000.0,
        "Gain On Sale Of Security": 809000.0,
        "Net Non Operating Interest Income Expense": NaN,
        "Total Other Finance Cost": 931000.0,
        "Interest Expense Non Operating": NaN,
        "Operating Income": NaN,
        "Operating Expense": NaN,
        "Other Operating Expenses": 26000.0,
        "Depreciation Amortization Depletion Income Statement": NaN,
        "Depreciation And Amortization In Income Statement": NaN,
        "Research And Development": NaN,
        "Selling General And Administration": NaN,
        "General And Administrative Expense": NaN,
        "Other Gand A": NaN,
        "Salaries And Wages": NaN,
        "Gross Profit": NaN,
        "Cost Of Revenue": NaN,
        "Total Revenue": NaN,
        "Operating Revenue": NaN
    },
    "2023-03-31": {
        "Tax Effect Of Unusual Items": NaN,
        "Tax Rate For Calcs": NaN,
        "Normalized EBITDA": NaN,
        "Total Unusual Items": NaN,
        "Total Unusual Items Excluding Goodwill": NaN,
        "Net Income From Continuing Operation Net Minority Interest": NaN,
        "Reconciled Depreciation": NaN,
        "Reconciled Cost Of Revenue": NaN,
        "EBITDA": NaN,
        "EBIT": NaN,
        "Net Interest Income": NaN,
        "Interest Expense": NaN,
        "Normalized Income": NaN,
        "Net Income From Continuing And Discontinued Operation": NaN,
        "Total Expenses": NaN,
        "Total Operating Income As Reported": NaN,
        "Diluted Average Shares": NaN,
        "Basic Average Shares": NaN,
        "Diluted EPS": NaN,
        "Basic EPS": NaN,
        "Diluted NI Availto Com Stockholders": NaN,
        "Net Income Common Stockholders": NaN,
        "Net Income": NaN,
        "Net Income Including Noncontrolling Interests": NaN,
        "Net Income Discontinuous Operations": NaN,
        "Net Income Continuous Operations": NaN,
        "Tax Provision": NaN,
        "Pretax Income": NaN,
        "Other Income Expense": NaN,
        "Other Non Operating Income Expenses": NaN,
        "Special Income Charges": NaN,
        "Other Special Charges": 4393000.0,
        "Write Off": NaN,
        "Restructuring And Mergern Acquisition": NaN,
        "Earnings From Equity Interest": NaN,
        "Gain On Sale Of Security": 587000.0,
        "Net Non Operating Interest Income Expense": NaN,
        "Total Other Finance Cost": NaN,
        "Interest Expense Non Operating": NaN,
        "Operating Income": NaN,
        "Operating Expense": NaN,
        "Other Operating Expenses": 83000.0,
        "Depreciation Amortization Depletion Income Statement": NaN,
        "Depreciation And Amortization In Income Statement": NaN,
        "Research And Development": NaN,
        "Selling General And Administration": NaN,
        "General And Administrative Expense": NaN,
        "Other Gand A": NaN,
        "Salaries And Wages": NaN,
        "Gross Profit": NaN,
        "Cost Of Revenue": NaN,
        "Total Revenue": NaN,
        "Operating Revenue": NaN
    },
    "2022-12-31": {
        "Tax Effect Of Unusual Items": -1039443.667444,
        "Tax Rate For Calcs": 0.170066,
        "Normalized EBITDA": 64265000.0,
        "Total Unusual Items": -6112000.0,
        "Total Unusual Items Excluding Goodwill": -6112000.0,
        "Net Income From Continuing Operation Net Minority Interest": 17090000.0,
        "Reconciled Depreciation": 23346000.0,
        "Reconciled Cost Of Revenue": 274507000.0,
        "EBITDA": 58153000.0,
        "EBIT": 34807000.0,
        "Net Interest Income": -14215000.0,
        "Interest Expense": 14215000.0,
        "Normalized Income": 22162556.332556,
        "Net Income From Continuing And Discontinued Operation": 18117000.0,
        "Total Expenses": 329446000.0,
        "Total Operating Income As Reported": 36865000.0,
        "Diluted Average Shares": 33438000.0,
        "Basic Average Shares": 33161000.0,
        "Diluted EPS": 0.54,
        "Basic EPS": 0.55,
        "Diluted NI Availto Com Stockholders": 18117000.0,
        "Net Income Common Stockholders": 18117000.0,
        "Net Income": 18117000.0,
        "Net Income Including Noncontrolling Interests": 18117000.0,
        "Net Income Continuous Operations": 17090000.0,
        "Tax Provision": 3502000.0,
        "Pretax Income": 20592000.0,
        "Other Income Expense": -8170000.0,
        "Other Non Operating Income Expenses": -33000.0,
        "Special Income Charges": -6112000.0,
        "Other Special Charges": NaN,
        "Restructuring And Mergern Acquisition": 6112000.0,
        "Earnings From Equity Interest": -2025000.0,
        "Gain On Sale Of Security": NaN,
        "Net Non Operating Interest Income Expense": -14215000.0,
        "Total Other Finance Cost": NaN,
        "Interest Expense Non Operating": 14215000.0,
        "Operating Income": 42977000.0,
        "Operating Expense": 54939000.0,
        "Other Operating Expenses": 61000.0,
        "Research And Development": 13841000.0,
        "Selling General And Administration": 41037000.0,
        "Gross Profit": 97916000.0,
        "Cost Of Revenue": 274507000.0,
        "Total Revenue": 372423000.0,
        "Operating Revenue": 372423000.0
    },
    "2022-09-30": {
        "Tax Effect Of Unusual Items": -138380.0,
        "Tax Rate For Calcs": 0.055,
        "Normalized EBITDA": 53079000.0,
        "Total Unusual Items": -2516000.0,
        "Total Unusual Items Excluding Goodwill": -2516000.0,
        "Net Income From Continuing Operation Net Minority Interest": 16057000.0,
        "Reconciled Depreciation": 22892000.0,
        "Reconciled Cost Of Revenue": 255962000.0,
        "EBITDA": 50563000.0,
        "EBIT": 27671000.0,
        "Net Interest Income": -10676000.0,
        "Interest Expense": 10676000.0,
        "Normalized Income": 18434620.0,
        "Net Income From Continuing And Discontinued Operation": 16057000.0,
        "Total Expenses": 310906000.0,
        "Total Operating Income As Reported": 29258000.0,
        "Diluted Average Shares": 33336000.0,
        "Basic Average Shares": 33145000.0,
        "Diluted EPS": 0.48,
        "Basic EPS": 0.48,
        "Diluted NI Availto Com Stockholders": 16057000.0,
        "Net Income Common Stockholders": 16057000.0,
        "Net Income": 16057000.0,
        "Net Income Including Noncontrolling Interests": 16057000.0,
        "Net Income Discontinuous Operations": NaN,
        "Net Income Continuous Operations": 16057000.0,
        "Tax Provision": 938000.0,
        "Pretax Income": 16995000.0,
        "Other Income Expense": -4103000.0,
        "Other Non Operating Income Expenses": 1300000.0,
        "Special Income Charges": -2516000.0,
        "Other Special Charges": NaN,
        "Restructuring And Mergern Acquisition": 2516000.0,
        "Earnings From Equity Interest": -2887000.0,
        "Gain On Sale Of Security": NaN,
        "Net Non Operating Interest Income Expense": -10676000.0,
        "Total Other Finance Cost": NaN,
        "Interest Expense Non Operating": 10676000.0,
        "Operating Income": 31774000.0,
        "Operating Expense": 54944000.0,
        "Other Operating Expenses": 626000.0,
        "Research And Development": 16123000.0,
        "Selling General And Administration": 38195000.0,
        "Gross Profit": 86718000.0,
        "Cost Of Revenue": 255962000.0,
        "Total Revenue": 342680000.0,
        "Operating Revenue": 342680000.0
    },
    "2022-06-30": {
        "Tax Effect Of Unusual Items": -536256.0,
        "Tax Rate For Calcs": 0.147,
        "Normalized EBITDA": 59055000.0,
        "Total Unusual Items": -3648000.0,
        "Total Unusual Items Excluding Goodwill": -3648000.0,
        "Net Income From Continuing Operation Net Minority Interest": 20836000.0,
        "Reconciled Depreciation": 23211000.0,
        "Reconciled Cost Of Revenue": 257184000.0,
        "EBITDA": 55407000.0,
        "EBIT": 32196000.0,
        "Net Interest Income": -7773000.0,
        "Interest Expense": 7773000.0,
        "Normalized Income": 23947744.0,
        "Net Income From Continuing And Discontinued Operation": 20836000.0,
        "Total Expenses": 314046000.0,
        "Total Operating Income As Reported": 32707000.0,
        "Diluted Average Shares": 33350000.0,
        "Basic Average Shares": 33111000.0,
        "Diluted EPS": 0.62,
        "Basic EPS": 0.63,
        "Diluted NI Availto Com Stockholders": 20836000.0,
        "Net Income Common Stockholders": 20836000.0,
        "Net Income": 20836000.0,
        "Net Income Including Noncontrolling Interests": 20836000.0,
        "Net Income Discontinuous Operations": NaN,
        "Net Income Continuous Operations": 20836000.0,
        "Tax Provision": 3587000.0,
        "Pretax Income": 24423000.0,
        "Other Income Expense": -3839000.0,
        "Other Non Operating Income Expenses": -191000.0,
        "Special Income Charges": -3328000.0,
        "Other Special Charges": NaN,
        "Restructuring And Mergern Acquisition": 3328000.0,
        "Earnings From Equity Interest": NaN,
        "Gain On Sale Of Security": -320000.0,
        "Net Non Operating Interest Income Expense": -7773000.0,
        "Total Other Finance Cost": NaN,
        "Interest Expense Non Operating": 7773000.0,
        "Operating Income": 36035000.0,
        "Operating Expense": 56862000.0,
        "Other Operating Expenses": 205000.0,
        "Research And Development": 14871000.0,
        "Selling General And Administration": 41786000.0,
        "Gross Profit": 92897000.0,
        "Cost Of Revenue": 257184000.0,
        "Total Revenue": 350081000.0,
        "Operating Revenue": 350081000.0
    },
    "2022-03-31": {
        "Diluted EPS": 0.34,
        "Total Revenue": 311,
        "Gross Profit": 81,
        "Operating Income": 22,
        "EBIT": 46,
        "Net Income": 11
    },
    "2021-12-31": {
        "Diluted EPS": 0.71,
        "Total Revenue": 313,
        "Gross Profit": 82,
        "Operating Income": 29,
        "EBIT": 50,
        "Net Income": 24
    },
    "2021-09-30": {
        "Diluted EPS": 0.66,
        "Total Revenue": 306,
        "Gross Profit": 82,
        "Operating Income": 33,
        "EBIT": 57,
        "Net Income": 22
    },
    "2021-06-30": {
        "Diluted EPS": 0.89,
        "Total Revenue": 312,
        "Gross Profit": 89,
        "Operating Income": 39,
        "EBIT": 61,
        "Net Income": 29
    },
    "2021-03-31": {
        "Diluted EPS": 0.65,
        "Total Revenue": 290,
        "Gross Profit": 84,
        "Operating Income": 35,
        "EBIT": 56,
        "Net Income": 22
    },
    "2020-12-31": {
        "Diluted EPS": 0.46,
        "Total Revenue": 269,
        "Gross Profit": 73,
        "Operating Income": 28,
        "EBIT": 50,
        "Net Income": 15
    },
    "2020-09-30": {
        "Diluted EPS": 0.92,
        "Total Revenue": 236,
        "Gross Profit": 58,
        "Operating Income": 40,
        "EBIT": 61,
        "Net Income": 30
    },
    "2020-06-30": {
        "Diluted EPS": 0.01,
        "Total Revenue": 240,
        "Gross Profit": 58,
        "Operating Income": 9,
        "EBIT": 30,
        "Net Income": 0
    },
    "2020-03-31": {
        "Diluted EPS": 0.94,
        "Total Revenue": 328,
        "Gross Profit": 97,
        "Operating Income": 44,
        "EBIT": 65,
        "Net Income": 31
    },
    "2019-12-31": {
        "Diluted EPS": 0.34,
        "Total Revenue": 326,
        "Gross Profit": 76,
        "Operating Income": 23,
        "EBIT": 46,
        "Net Income": 11
    },
    "2019-09-30": {
        "Diluted EPS": 0.92,
        "Total Revenue": 304,
        "Gross Profit": 93,
        "Operating Income": 46,
        "EBIT": 67,
        "Net Income": 31
    },
    "2019-06-30": {
        "Diluted EPS": 1.0,
        "Total Revenue": 314,
        "Gross Profit": 97,
        "Operating Income": 49,
        "EBIT": 70,
        "Net Income": 33
    },
    "2019-03-31": {
        "Diluted EPS": 0.66,
        "Total Revenue": 315,
        "Gross Profit": 89,
        "Operating Income": 39,
        "EBIT": 61,
        "Net Income": 22
    },
    "2018-12-31": {
        "Diluted EPS": 0.75,
        "Total Revenue": 303,
        "Gross Profit": 88,
        "Operating Income": 40,
        "EBIT": 62,
        "Net Income": 26
    },
    "2018-09-30": {
        "Diluted EPS": 3.54,
        "Total Revenue": 305,
        "Gross Profit": 92,
        "Operating Income": 41,
        "EBIT": 103,
        "Net Income": 114
    },
    "2018-06-30": {
        "Diluted EPS": 0.61,
        "Total Revenue": 314,
        "Gross Profit": 99,
        "Operating Income": 44,
        "EBIT": 69,
        "Net Income": 20
    },
    "2018-03-31": {
        "Diluted EPS": 0.25,
        "Total Revenue": 292,
        "Gross Profit": 84,
        "Operating Income": 30,
        "EBIT": 59,
        "Net Income": 8
    },
    "2017-12-31": {
        "Diluted EPS": 1.7,
        "Total Revenue": 224,
        "Gross Profit": 84,
        "Operating Income": 27,
        "EBIT": 57,
        "Net Income": 54
    },
    "2017-09-30": {
        "Diluted EPS": 0.43,
        "Total Revenue": 286,
        "Gross Profit": 89,
        "Operating Income": 36,
        "EBIT": 64,
        "Net Income": 14
    },
    "2017-06-30": {
        "Diluted EPS": 0.09,
        "Total Revenue": 281,
        "Gross Profit": 89,
        "Operating Income": 36,
        "EBIT": 64,
        "Net Income": 3
    },
    "2017-03-31": {
        "Diluted EPS": -0.14,
        "Total Revenue": 345,
        "Gross Profit": 91,
        "Operating Income": 27,
        "EBIT": 55,
        "Net Income": -4
    },
    "2016-12-31": {
        "Diluted EPS": 0.26,
        "Total Revenue": 48,
        "Gross Profit": 52,
        "Operating Income": 16,
        "EBIT": 41,
        "Net Income": 8
    },
    "2016-09-30": {
        "Diluted EPS": 0.37,
        "Total Revenue": 347,
        "Gross Profit": 98,
        "Operating Income": 37,
        "EBIT": 61,
        "Net Income": 11
    },
    "2016-06-30": {
        "Diluted EPS": -0.03,
        "Total Revenue": 348,
        "Gross Profit": 96,
        "Operating Income": 29,
        "EBIT": 54,
        "Net Income": -1
    },
    "2016-03-31": {
        "Diluted EPS": -0.41,
        "Total Revenue": 332,
        "Gross Profit": 91,
        "Operating Income": 11,
        "EBIT": 35,
        "Net Income": -13
    },
    "2015-12-31": {
        "Diluted EPS": -0.95,
        "Total Revenue": 318,
        "Gross Profit": 73,
        "Operating Income": -10,
        "EBIT": 13,
        "Net Income": -25
    },
    "2015-09-30": {
        "Diluted EPS": 0.0,
        "Total Revenue": 147,
        "Gross Profit": 52,
        "Operating Income": 1,
        "EBIT": 15,
        "Net Income": 0
    },
    "2015-06-30": {
        "Diluted EPS": 0.35,
        "Total Revenue": 175,
        "Gross Profit": 58,
        "Operating Income": 13,
        "EBIT": 22,
        "Net Income": 9
    },
    "2015-03-31": {
        "Diluted EPS": 0.31,
        "Total Revenue": 161,
        "Gross Profit": 52,
        "Operating Income": 9,
        "EBIT": 19,
        "Net Income": 8
    },
    "2014-12-31": {
        "Diluted EPS": 0.54,
        "Total Revenue": 170,
        "Gross Profit": 57,
        "Operating Income": 17,
        "EBIT": 27,
        "Net Income": 14
    },
    "2014-09-30": {
        "Diluted EPS": 0.54,
        "Total Revenue": 172,
        "Gross Profit": 58,
        "Operating Income": 16,
        "EBIT": 26,
        "Net Income": 14
    },
    "2014-06-30": {
        "Diluted EPS": 0.48,
        "Total Revenue": 172,
        "Gross Profit": 58,
        "Operating Income": 20,
        "EBIT": 29,
        "Net Income": 12
    },
    "2014-03-31": {
        "Diluted EPS": 0.58,
        "Total Revenue": 174,
        "Gross Profit": 58,
        "Operating Income": 23,
        "EBIT": 32,
        "Net Income": 15
    },
    "2013-12-31": {
        "Diluted EPS": 0.37,
        "Total Revenue": 177,
        "Gross Profit": 57,
        "Operating Income": 13,
        "EBIT": 22,
        "Net Income": 10
    },
    "2013-09-30": {
        "Diluted EPS": 0.44,
        "Total Revenue": 168,
        "Gross Profit": 56,
        "Operating Income": 17,
        "EBIT": 26,
        "Net Income": 11
    },
    "2013-06-30": {
        "Diluted EPS": 0.39,
        "Total Revenue": 171,
        "Gross Profit": 57,
        "Operating Income": 17,
        "EBIT": 26,
        "Net Income": 10
    },
    "2013-03-31": {
        "Diluted EPS": 0.23,
        "Total Revenue": 148,
        "Gross Profit": 49,
        "Operating Income": 14,
        "EBIT": 29,
        "Net Income": 6
    },
    "2012-12-31": {
        "Diluted EPS": -0.23,
        "Total Revenue": 159,
        "Gross Profit": 52,
        "Operating Income": 1,
        "EBIT": 17,
        "Net Income": -6
    },
    "2012-09-30": {
        "Diluted EPS": -0.32,
        "Total Revenue": 161,
        "Gross Profit": 51,
        "Operating Income": 2,
        "EBIT": 17,
        "Net Income": -8
    },
    "2012-06-30": {
        "Diluted EPS": 0.16,
        "Total Revenue": 167,
        "Gross Profit": 52,
        "Operating Income": 11,
        "EBIT": 25,
        "Net Income": 4
    },
    "2012-03-31": {
        "Diluted EPS": 0.19,
        "Total Revenue": 159,
        "Gross Profit": 47,
        "Operating Income": 11,
        "EBIT": 25,
        "Net Income": 4
    },
    "2011-12-31": {
        "Diluted EPS": 0.23,
        "Total Revenue": 142,
        "Gross Profit": 45,
        "Operating Income": 13,
        "EBIT": 25,
        "Net Income": 6
    },
    "2011-09-30": {
        "Diluted EPS": 0.3,
        "Total Revenue": 132,
        "Gross Profit": 42,
        "Operating Income": 13,
        "EBIT": 25,
        "Net Income": 7
    },
    "2011-06-30": {
        "Diluted EPS": 0.36,
        "Total Revenue": 147,
        "Gross Profit": 47,
        "Operating Income": 18,
        "EBIT": 30,
        "Net Income": 9
    },
    "2011-03-31": {
        "Diluted EPS": 0.51,
        "Total Revenue": 149,
        "Gross Profit": 47,
        "Operating Income": 18,
        "EBIT": 30,
        "Net Income": 12
    },
    "2010-12-31": {
        "Diluted EPS": 0.58,
        "Total Revenue": 133,
        "Gross Profit": 44,
        "Operating Income": 25,
        "EBIT": 36,
        "Net Income": 14
    },
    "2010-09-30": {
        "Diluted EPS": 0.25,
        "Total Revenue": 127,
        "Gross Profit": 42,
        "Operating Income": 13,
        "EBIT": 25,
        "Net Income": 6
    },
    "2010-06-30": {
        "Diluted EPS": 0.33,
        "Total Revenue": 141,
        "Gross Profit": 45,
        "Operating Income": 17,
        "EBIT": 29,
        "Net Income": 8
    },
    "2010-03-31": {
        "Diluted EPS": 0.24,
        "Total Revenue": 132,
        "Gross Profit": 42,
        "Operating Income": 14,
        "EBIT": 26,
        "Net Income": 6
    },
    "2009-12-31": {
        "Diluted EPS": -0.05,
        "Total Revenue": 126,
        "Gross Profit": 42,
        "Operating Income": -2,
        "EBIT": 10,
        "Net Income": -2
    },
    "2009-09-30": {
        "Diluted EPS": -0.9,
        "Total Revenue": 121,
        "Gross Profit": 39,
        "Operating Income": -24,
        "EBIT": -12,
        "Net Income": -21
    },
    "2009-06-30": {
        "Diluted EPS": 0.28,
        "Total Revenue": 135,
        "Gross Profit": 41,
        "Operating Income": 12,
        "EBIT": 24,
        "Net Income": 7
    },
    "2009-03-31": {
        "Diluted EPS": 0.28,
        "Total Revenue": 140,
        "Gross Profit": 44,
        "Operating Income": 15,
        "EBIT": 26,
        "Net Income": 7
    },
    "2023-09-30": {
        "Tax Effect Of Unusual Items": -618273.0,
        "Tax Rate For Calcs": 0.153,
        "Normalized EBITDA": 72325000.0,
        "Total Unusual Items": -4041000.0,
        "Total Unusual Items Excluding Goodwill": -4041000.0,
        "Net Income From Continuing Operation Net Minority Interest": 28174000.0,
        "Reconciled Depreciation": 24547000.0,
        "Reconciled Cost Of Revenue": 277657000.0,
        "EBITDA": 68284000.0,
        "EBIT": 43737000.0,
        "Net Interest Income": -12380000.0,
        "Interest Expense": 10485000.0,
        "Normalized Income": 31596727.0,
        "Net Income From Continuing And Discontinued Operation": 27257000.0,
        "Total Expenses": 346351000.0,
        "Total Operating Income As Reported": 48776000.0,
        "Diluted Average Shares": 33774000.0,
        "Basic Average Shares": 33346000.0,
        "Diluted EPS": 0.81,
        "Basic EPS": 0.82,
        "Diluted NI Availto Com Stockholders": 27257000.0,
        "Net Income Common Stockholders": 27257000.0,
        "Net Income": 27257000.0,
        "Net Income Including Noncontrolling Interests": 27257000.0,
        "Net Income Discontinuous Operations": -917000.0,
        "Net Income Continuous Operations": 28174000.0,
        "Tax Provision": 5078000.0,
        "Pretax Income": 33252000.0,
        "Other Income Expense": -4820000.0,
        "Other Non Operating Income Expenses": -580000.0,
        "Special Income Charges": -4041000.0,
        "Other Special Charges": 87000.0,
        "Write Off": 3252000.0,
        "Restructuring And Mergern Acquisition": 702000.0,
        "Earnings From Equity Interest": -199000.0,
        "Gain On Sale Of Security": NaN,
        "Net Non Operating Interest Income Expense": -12380000.0,
        "Total Other Finance Cost": 1895000.0,
        "Interest Expense Non Operating": 10485000.0,
        "Operating Income": 50452000.0,
        "Operating Expense": 54538000.0,
        "Other Operating Expenses": 28000.0,
        "Depreciation Amortization Depletion Income Statement": 10391000.0,
        "Depreciation And Amortization In Income Statement": 10391000.0,
        "Research And Development": 14068000.0,
        "Selling General And Administration": 30079000.0,
        "General And Administrative Expense": 30079000.0,
        "Other Gand A": 9529000.0,
        "Salaries And Wages": 20550000.0,
        "Gross Profit": 104990000.0,
        "Cost Of Revenue": 291813000.0,
        "Total Revenue": 396803000.0,
        "Operating Revenue": 396803000.0
    },
    "2023-12-31": {
        "Tax Effect Of Unusual Items": -650362.111293,
        "Tax Rate For Calcs": 0.101303,
        "Normalized EBITDA": 71889000.0,
        "Total Unusual Items": -6420000.0,
        "Total Unusual Items Excluding Goodwill": -6420000.0,
        "Net Income From Continuing Operation Net Minority Interest": 26357000.0,
        "Reconciled Depreciation": 25725000.0,
        "Reconciled Cost Of Revenue": 302895000.0,
        "EBITDA": 65469000.0,
        "EBIT": 39744000.0,
        "Net Interest Income": -13952000.0,
        "Interest Expense": 10416000.0,
        "Normalized Income": 32126637.888707,
        "Net Income From Continuing And Discontinued Operation": 26357000.0,
        "Total Expenses": 361956000.0,
        "Total Operating Income As Reported": 43513000.0,
        "Diluted Average Shares": 33987000.0,
        "Basic Average Shares": 33364000.0,
        "Diluted EPS": 0.78,
        "Basic EPS": 0.79,
        "Diluted NI Availto Com Stockholders": 26357000.0,
        "Net Income Common Stockholders": 26357000.0,
        "Net Income": 26357000.0,
        "Net Income Including Noncontrolling Interests": 26357000.0,
        "Net Income Discontinuous Operations": NaN,
        "Net Income Continuous Operations": 26357000.0,
        "Tax Provision": 2971000.0,
        "Pretax Income": 29328000.0,
        "Other Income Expense": -7915000.0,
        "Other Non Operating Income Expenses": 724000.0,
        "Special Income Charges": -7682000.0,
        "Other Special Charges": NaN,
        "Write Off": NaN,
        "Restructuring And Mergern Acquisition": 7682000.0,
        "Earnings From Equity Interest": -2219000.0,
        "Gain On Sale Of Security": NaN,
        "Net Non Operating Interest Income Expense": -13952000.0,
        "Total Other Finance Cost": NaN,
        "Interest Expense Non Operating": 10416000.0,
        "Operating Income": 51195000.0,
        "Operating Expense": 59061000.0,
        "Other Operating Expenses": 1973000.0,
        "Depreciation Amortization Depletion Income Statement": NaN,
        "Depreciation And Amortization In Income Statement": NaN,
        "Research And Development": 13257000.0,
        "Selling General And Administration": 45804000.0,
        "General And Administrative Expense": NaN,
        "Other Gand A": NaN,
        "Salaries And Wages": NaN,
        "Gross Profit": 110256000.0,
        "Cost Of Revenue": 302895000.0,
        "Total Revenue": 413151000.0,
        "Operating Revenue": 413151000.0
    },
    "2024-03-31": {
        "Tax Effect Of Unusual Items": -1347651.0,
        "Tax Rate For Calcs": 0.171,
        "Normalized EBITDA": 72541000.0,
        "Total Unusual Items": -7881000.0,
        "Total Unusual Items Excluding Goodwill": -7881000.0,
        "Net Income From Continuing Operation Net Minority Interest": 20508000.0,
        "Reconciled Depreciation": 26185000.0,
        "Reconciled Cost Of Revenue": 304965000.0,
        "EBITDA": 64660000.0,
        "EBIT": 38475000.0,
        "Net Interest Income": -14671000.0,
        "Interest Expense": 13740000.0,
        "Normalized Income": 27041349.0,
        "Net Income From Continuing And Discontinued Operation": 20508000.0,
        "Total Expenses": 367647000.0,
        "Total Operating Income As Reported": 39277000.0,
        "Diluted Average Shares": 34993000.0,
        "Basic Average Shares": 33478000.0,
        "Diluted EPS": 0.59,
        "Basic EPS": 0.61,
        "Diluted NI Availto Com Stockholders": 20508000.0,
        "Net Income Common Stockholders": 20508000.0,
        "Net Income": 20508000.0,
        "Net Income Including Noncontrolling Interests": 20508000.0,
        "Net Income Discontinuous Operations": NaN,
        "Net Income Continuous Operations": 20508000.0,
        "Tax Provision": 4227000.0,
        "Pretax Income": 24735000.0,
        "Other Income Expense": -7752000.0,
        "Other Non Operating Income Expenses": -1007000.0,
        "Special Income Charges": -7881000.0,
        "Other Special Charges": NaN,
        "Write Off": NaN,
        "Restructuring And Mergern Acquisition": 7881000.0,
        "Earnings From Equity Interest": 1136000.0,
        "Gain On Sale Of Security": NaN,
        "Net Non Operating Interest Income Expense": -14671000.0,
        "Total Other Finance Cost": 931000.0,
        "Interest Expense Non Operating": 13740000.0,
        "Operating Income": 47158000.0,
        "Operating Expense": 62682000.0,
        "Other Operating Expenses": 118000.0,
        "Depreciation Amortization Depletion Income Statement": NaN,
        "Depreciation And Amortization In Income Statement": NaN,
        "Research And Development": 15753000.0,
        "Selling General And Administration": 46929000.0,
        "General And Administrative Expense": NaN,
        "Other Gand A": NaN,
        "Salaries And Wages": NaN,
        "Gross Profit": 109840000.0,
        "Cost Of Revenue": 304965000.0,
        "Total Revenue": 414805000.0,
        "Operating Revenue": 414805000.0
    },
    "2024-06-30": {
        "Tax Effect Of Unusual Items": -217467.0,
        "Tax Rate For Calcs": 0.219,
        "Normalized EBITDA": 82586000.0,
        "Total Unusual Items": -993000.0,
        "Total Unusual Items Excluding Goodwill": -993000.0,
        "Net Income From Continuing Operation Net Minority Interest": 31246000.0,
        "Reconciled Depreciation": 27225000.0,
        "Reconciled Cost Of Revenue": 316809000.0,
        "EBITDA": 81593000.0,
        "EBIT": 54368000.0,
        "Net Interest Income": -15278000.0,
        "Interest Expense": 14340000.0,
        "Normalized Income": 32021533.0,
        "Net Income From Continuing And Discontinued Operation": 31246000.0,
        "Total Expenses": 380030000.0,
        "Total Operating Income As Reported": 55186000.0,
        "Diluted Average Shares": 35529000.0,
        "Basic Average Shares": 33600000.0,
        "Diluted EPS": 0.88,
        "Basic EPS": 0.93,
        "Diluted NI Availto Com Stockholders": 31246000.0,
        "Net Income Common Stockholders": 31246000.0,
        "Net Income": 31246000.0,
        "Net Income Including Noncontrolling Interests": 31246000.0,
        "Net Income Discontinuous Operations": NaN,
        "Net Income Continuous Operations": 31246000.0,
        "Tax Provision": 8782000.0,
        "Pretax Income": 40028000.0,
        "Other Income Expense": -866000.0,
        "Other Non Operating Income Expenses": 127000.0,
        "Special Income Charges": -986000.0,
        "Other Special Charges": NaN,
        "Write Off": NaN,
        "Restructuring And Mergern Acquisition": 986000.0,
        "Earnings From Equity Interest": NaN,
        "Gain On Sale Of Security": -7000.0,
        "Net Non Operating Interest Income Expense": -15278000.0,
        "Total Other Finance Cost": 938000.0,
        "Interest Expense Non Operating": 14340000.0,
        "Operating Income": 56172000.0,
        "Operating Expense": 63221000.0,
        "Other Operating Expenses": NaN,
        "Depreciation Amortization Depletion Income Statement": NaN,
        "Depreciation And Amortization In Income Statement": NaN,
        "Research And Development": 16104000.0,
        "Selling General And Administration": 47117000.0,
        "General And Administrative Expense": NaN,
        "Other Gand A": NaN,
        "Salaries And Wages": NaN,
        "Gross Profit": 119393000.0,
        "Cost Of Revenue": 316809000.0,
        "Total Revenue": 436202000.0,
        "Operating Revenue": 436202000.0
    },
    "2024-09-30": {
        "Tax Effect Of Unusual Items": -338004.0,
        "Tax Rate For Calcs": 0.164,
        "Normalized EBITDA": 87663000.0,
        "Total Unusual Items": -2061000.0,
        "Total Unusual Items Excluding Goodwill": -2061000.0,
        "Net Income From Continuing Operation Net Minority Interest": 36282000.0,
        "Reconciled Depreciation": 28694000.0,
        "Reconciled Cost Of Revenue": 296216000.0,
        "EBITDA": 85602000.0,
        "EBIT": 56908000.0,
        "Net Interest Income": -15482000.0,
        "Interest Expense": 13484000.0,
        "Normalized Income": 38004996.0,
        "Net Income From Continuing And Discontinued Operation": 35439000.0,
        "Total Expenses": 370687000.0,
        "Total Operating Income As Reported": 58011000.0,
        "Diluted Average Shares": 35791000.0,
        "Basic Average Shares": 33656000.0,
        "Diluted EPS": 0.99,
        "Basic EPS": 1.05,
        "Diluted NI Availto Com Stockholders": 35439000.0,
        "Net Income Common Stockholders": 35439000.0,
        "Net Income": 35439000.0,
        "Net Income Including Noncontrolling Interests": 35439000.0,
        "Net Income Discontinuous Operations": -843000.0,
        "Net Income Continuous Operations": 36282000.0,
        "Tax Provision": 7142000.0,
        "Pretax Income": 43424000.0,
        "Other Income Expense": -1824000.0,
        "Other Non Operating Income Expenses": -916000.0,
        "Special Income Charges": -2061000.0,
        "Other Special Charges": NaN,
        "Write Off": 247000.0,
        "Restructuring And Mergern Acquisition": 1814000.0,
        "Earnings From Equity Interest": 1153000.0,
        "Gain On Sale Of Security": NaN,
        "Net Non Operating Interest Income Expense": -15482000.0,
        "Total Other Finance Cost": 1998000.0,
        "Interest Expense Non Operating": 13484000.0,
        "Operating Income": 60730000.0,
        "Operating Expense": 55838000.0,
        "Other Operating Expenses": NaN,
        "Depreciation Amortization Depletion Income Statement": 10061000.0,
        "Depreciation And Amortization In Income Statement": 10061000.0,
        "Research And Development": 11923000.0,
        "Selling General And Administration": 33854000.0,
        "General And Administrative Expense": 33854000.0,
        "Other Gand A": 10475000.0,
        "Salaries And Wages": 23379000.0,
        "Gross Profit": 116568000.0,
        "Cost Of Revenue": 314849000.0,
        "Total Revenue": 431417000.0,
        "Operating Revenue": 431417000.0
    }
}