{
    "2023-03-31": {
        "Tax Effect Of Unusual Items": NaN,
        "Tax Rate For Calcs": NaN,
        "Normalized EBITDA": NaN,
        "Total Unusual Items": 0.0,
        "Total Unusual Items Excluding Goodwill": 0.0,
        "Net Income From Continuing Operation Net Minority Interest": NaN,
        "Reconciled Depreciation": NaN,
        "Reconciled Cost Of Revenue": NaN,
        "EBITDA": NaN,
        "EBIT": NaN,
        "Net Interest Income": NaN,
        "Normalized Income": NaN,
        "Net Income From Continuing And Discontinued Operation": NaN,
        "Total Expenses": NaN,
        "Total Operating Income As Reported": NaN,
        "Diluted Average Shares": NaN,
        "Basic Average Shares": NaN,
        "Diluted EPS": NaN,
        "Basic EPS": NaN,
        "Diluted NI Availto Com Stockholders": NaN,
        "Net Income Common Stockholders": NaN,
        "Net Income": NaN,
        "Net Income Including Noncontrolling Interests": NaN,
        "Net Income Discontinuous Operations": 0.0,
        "Net Income Continuous Operations": NaN,
        "Tax Provision": NaN,
        "Pretax Income": NaN,
        "Other Income Expense": NaN,
        "Other Non Operating Income Expenses": NaN,
        "Special Income Charges": 0.0,
        "Restructuring And Mergern Acquisition": 0.0,
        "Net Non Operating Interest Income Expense": NaN,
        "Total Other Finance Cost": NaN,
        "Operating Income": NaN,
        "Operating Expense": NaN,
        "Depreciation Amortization Depletion Income Statement": NaN,
        "Depreciation And Amortization In Income Statement": NaN,
        "Amortization": NaN,
        "Amortization Of Intangibles Income Statement": NaN,
        "Research And Development": NaN,
        "Selling General And Administration": NaN,
        "Selling And Marketing Expense": NaN,
        "General And Administrative Expense": NaN,
        "Other Gand A": NaN,
        "Gross Profit": NaN,
        "Cost Of Revenue": NaN,
        "Total Revenue": NaN,
        "Operating Revenue": NaN
    },
    "2022-12-31": {
        "Tax Effect Of Unusual Items": NaN,
        "Tax Rate For Calcs": NaN,
        "Normalized EBITDA": NaN,
        "Total Unusual Items": NaN,
        "Total Unusual Items Excluding Goodwill": NaN,
        "Net Income From Continuing Operation Net Minority Interest": NaN,
        "Reconciled Depreciation": NaN,
        "Reconciled Cost Of Revenue": NaN,
        "EBITDA": NaN,
        "EBIT": NaN,
        "Net Interest Income": NaN,
        "Normalized Income": NaN,
        "Net Income From Continuing And Discontinued Operation": NaN,
        "Total Expenses": NaN,
        "Total Operating Income As Reported": NaN,
        "Diluted Average Shares": NaN,
        "Basic Average Shares": NaN,
        "Diluted EPS": NaN,
        "Basic EPS": NaN,
        "Diluted NI Availto Com Stockholders": NaN,
        "Net Income Common Stockholders": NaN,
        "Net Income": NaN,
        "Net Income Including Noncontrolling Interests": NaN,
        "Net Income Discontinuous Operations": 0.0,
        "Net Income Continuous Operations": NaN,
        "Tax Provision": NaN,
        "Pretax Income": NaN,
        "Other Income Expense": NaN,
        "Other Non Operating Income Expenses": NaN,
        "Special Income Charges": NaN,
        "Restructuring And Mergern Acquisition": NaN,
        "Net Non Operating Interest Income Expense": NaN,
        "Total Other Finance Cost": NaN,
        "Operating Income": NaN,
        "Operating Expense": NaN,
        "Depreciation Amortization Depletion Income Statement": NaN,
        "Depreciation And Amortization In Income Statement": NaN,
        "Amortization": NaN,
        "Amortization Of Intangibles Income Statement": NaN,
        "Research And Development": NaN,
        "Selling General And Administration": NaN,
        "Selling And Marketing Expense": NaN,
        "General And Administrative Expense": NaN,
        "Other Gand A": NaN,
        "Gross Profit": NaN,
        "Cost Of Revenue": NaN,
        "Total Revenue": NaN,
        "Operating Revenue": NaN
    },
    "2022-09-30": {
        "Tax Effect Of Unusual Items": NaN,
        "Tax Rate For Calcs": NaN,
        "Normalized EBITDA": NaN,
        "Total Unusual Items": NaN,
        "Total Unusual Items Excluding Goodwill": NaN,
        "Net Income From Continuing Operation Net Minority Interest": NaN,
        "Reconciled Depreciation": NaN,
        "Reconciled Cost Of Revenue": NaN,
        "EBITDA": NaN,
        "EBIT": NaN,
        "Net Interest Income": NaN,
        "Normalized Income": NaN,
        "Net Income From Continuing And Discontinued Operation": NaN,
        "Total Expenses": NaN,
        "Total Operating Income As Reported": NaN,
        "Diluted Average Shares": NaN,
        "Basic Average Shares": NaN,
        "Diluted EPS": NaN,
        "Basic EPS": NaN,
        "Diluted NI Availto Com Stockholders": NaN,
        "Net Income Common Stockholders": NaN,
        "Net Income": NaN,
        "Net Income Including Noncontrolling Interests": NaN,
        "Net Income Discontinuous Operations": 0.0,
        "Net Income Continuous Operations": NaN,
        "Tax Provision": NaN,
        "Pretax Income": NaN,
        "Other Income Expense": NaN,
        "Other Non Operating Income Expenses": NaN,
        "Special Income Charges": NaN,
        "Restructuring And Mergern Acquisition": NaN,
        "Net Non Operating Interest Income Expense": NaN,
        "Total Other Finance Cost": NaN,
        "Operating Income": NaN,
        "Operating Expense": NaN,
        "Depreciation Amortization Depletion Income Statement": NaN,
        "Depreciation And Amortization In Income Statement": NaN,
        "Amortization": NaN,
        "Amortization Of Intangibles Income Statement": NaN,
        "Research And Development": NaN,
        "Selling General And Administration": NaN,
        "Selling And Marketing Expense": NaN,
        "General And Administrative Expense": NaN,
        "Other Gand A": NaN,
        "Gross Profit": NaN,
        "Cost Of Revenue": NaN,
        "Total Revenue": NaN,
        "Operating Revenue": NaN
    },
    "2022-06-30": {
        "Tax Effect Of Unusual Items": -23331.0,
        "Tax Rate For Calcs": 0.033,
        "Normalized EBITDA": -2567000.0,
        "Total Unusual Items": -707000.0,
        "Total Unusual Items Excluding Goodwill": -707000.0,
        "Net Income From Continuing Operation Net Minority Interest": -4850000.0,
        "Reconciled Depreciation": 981000.0,
        "Reconciled Cost Of Revenue": 23195000.0,
        "EBITDA": -3274000.0,
        "EBIT": -4255000.0,
        "Net Interest Income": -32000.0,
        "Normalized Income": -4166331.0,
        "Net Income From Continuing And Discontinued Operation": -4865000.0,
        "Total Expenses": 37922000.0,
        "Total Operating Income As Reported": -4962000.0,
        "Diluted Average Shares": 42380000.0,
        "Basic Average Shares": 42380000.0,
        "Diluted EPS": -0.11,
        "Basic EPS": -0.11,
        "Diluted NI Availto Com Stockholders": -4865000.0,
        "Net Income Common Stockholders": -4865000.0,
        "Net Income": -4865000.0,
        "Net Income Including Noncontrolling Interests": -4865000.0,
        "Net Income Discontinuous Operations": -15000.0,
        "Net Income Continuous Operations": -4850000.0,
        "Tax Provision": -167000.0,
        "Pretax Income": -5017000.0,
        "Other Income Expense": -730000.0,
        "Other Non Operating Income Expenses": -23000.0,
        "Special Income Charges": -707000.0,
        "Restructuring And Mergern Acquisition": 707000.0,
        "Net Non Operating Interest Income Expense": -32000.0,
        "Total Other Finance Cost": 32000.0,
        "Operating Income": -4255000.0,
        "Operating Expense": 14414000.0,
        "Depreciation Amortization Depletion Income Statement": 668000.0,
        "Depreciation And Amortization In Income Statement": 668000.0,
        "Amortization": 668000.0,
        "Amortization Of Intangibles Income Statement": 668000.0,
        "Research And Development": 2136000.0,
        "Selling General And Administration": 11610000.0,
        "Selling And Marketing Expense": 5198000.0,
        "General And Administrative Expense": 6412000.0,
        "Other Gand A": 6412000.0,
        "Gross Profit": 10159000.0,
        "Cost Of Revenue": 23508000.0,
        "Total Revenue": 33667000.0,
        "Operating Revenue": 33667000.0
    },
    "2022-03-31": {
        "Diluted EPS": -0.06,
        "Total Revenue": 34,
        "Gross Profit": 11,
        "Operating Income": -3,
        "EBIT": -2,
        "Net Income": -3
    },
    "2021-12-31": {
        "Diluted EPS": -0.06,
        "Total Revenue": 32,
        "Gross Profit": 11,
        "Operating Income": -2,
        "EBIT": -1,
        "Net Income": -2
    },
    "2021-09-30": {
        "Diluted EPS": -0.05,
        "Total Revenue": 33,
        "Gross Profit": 11,
        "Operating Income": -2,
        "EBIT": -1,
        "Net Income": -2
    },
    "2021-06-30": {
        "Diluted EPS": 0.01,
        "Total Revenue": 34,
        "Gross Profit": 14,
        "Operating Income": 1,
        "EBIT": 2,
        "Net Income": 1
    },
    "2021-03-31": {
        "Diluted EPS": -0.01,
        "Total Revenue": 32,
        "Gross Profit": 13,
        "Operating Income": 0,
        "EBIT": 1,
        "Net Income": 0
    },
    "2020-12-31": {
        "Diluted EPS": -0.01,
        "Total Revenue": 28,
        "Gross Profit": 12,
        "Operating Income": 0,
        "EBIT": 0,
        "Net Income": 0
    },
    "2020-09-30": {
        "Diluted EPS": 0.01,
        "Total Revenue": 29,
        "Gross Profit": 11,
        "Operating Income": 1,
        "EBIT": 1,
        "Net Income": 0
    },
    "2020-06-30": {
        "Diluted EPS": 0.25,
        "Total Revenue": 28,
        "Gross Profit": 11,
        "Operating Income": 0,
        "EBIT": 1,
        "Net Income": 10
    },
    "2020-03-31": {
        "Diluted EPS": 0.02,
        "Total Revenue": 29,
        "Gross Profit": 13,
        "Operating Income": 1,
        "EBIT": 2,
        "Net Income": 0
    },
    "2019-12-31": {
        "Diluted EPS": -0.05,
        "Total Revenue": 27,
        "Gross Profit": 11,
        "Operating Income": -1,
        "EBIT": -1,
        "Net Income": -2
    },
    "2019-09-30": {
        "Diluted EPS": -0.06,
        "Total Revenue": 27,
        "Gross Profit": 11,
        "Operating Income": -1,
        "EBIT": -1,
        "Net Income": -2
    },
    "2019-06-30": {
        "Diluted EPS": -0.05,
        "Total Revenue": 25,
        "Gross Profit": 10,
        "Operating Income": -1,
        "EBIT": 0,
        "Net Income": -2
    },
    "2019-03-31": {
        "Diluted EPS": -0.07,
        "Total Revenue": 20,
        "Gross Profit": 7,
        "Operating Income": 3,
        "EBIT": 2,
        "Net Income": -2
    },
    "2018-12-31": {
        "Diluted EPS": -0.07,
        "Total Revenue": 23,
        "Gross Profit": 9,
        "Operating Income": -3,
        "EBIT": -2,
        "Net Income": -2
    },
    "2018-09-30": {
        "Diluted EPS": -0.04,
        "Total Revenue": 24,
        "Gross Profit": 10,
        "Operating Income": -1,
        "EBIT": -1,
        "Net Income": -1
    },
    "2018-06-30": {
        "Diluted EPS": -0.05,
        "Total Revenue": 25,
        "Gross Profit": 10,
        "Operating Income": -2,
        "EBIT": -1,
        "Net Income": -2
    },
    "2018-03-31": {
        "Diluted EPS": -0.08,
        "Total Revenue": 25,
        "Gross Profit": 10,
        "Operating Income": -3,
        "EBIT": -2,
        "Net Income": -2
    },
    "2017-12-31": {
        "Diluted EPS": 0.01,
        "Total Revenue": 26,
        "Gross Profit": 10,
        "Operating Income": -1,
        "EBIT": -1,
        "Net Income": 0
    },
    "2017-09-30": {
        "Diluted EPS": -0.03,
        "Total Revenue": 25,
        "Gross Profit": 10,
        "Operating Income": -1,
        "EBIT": -1,
        "Net Income": -1
    },
    "2017-06-30": {
        "Diluted EPS": -0.01,
        "Total Revenue": 27,
        "Gross Profit": 10,
        "Operating Income": -1,
        "EBIT": 0,
        "Net Income": 0
    },
    "2017-03-31": {
        "Diluted EPS": -0.11,
        "Total Revenue": 25,
        "Gross Profit": 10,
        "Operating Income": -3,
        "EBIT": -1,
        "Net Income": -3
    },
    "2016-12-31": {
        "Diluted EPS": -0.04,
        "Total Revenue": 23,
        "Gross Profit": 9,
        "Operating Income": -1,
        "EBIT": -1,
        "Net Income": -1
    },
    "2016-09-30": {
        "Diluted EPS": 0.0,
        "Total Revenue": 24,
        "Gross Profit": 9,
        "Operating Income": 0,
        "EBIT": 0,
        "Net Income": 0
    },
    "2016-06-30": {
        "Diluted EPS": 0.0,
        "Total Revenue": 24,
        "Gross Profit": 9,
        "Operating Income": 0,
        "EBIT": 0,
        "Net Income": 0
    },
    "2016-03-31": {
        "Diluted EPS": -0.03,
        "Total Revenue": 20,
        "Gross Profit": 8,
        "Operating Income": -1,
        "EBIT": -1,
        "Net Income": -1
    },
    "2015-12-31": {
        "Diluted EPS": -0.33,
        "Total Revenue": 19,
        "Gross Profit": 7,
        "Operating Income": -1,
        "EBIT": -1,
        "Net Income": -10
    },
    "2015-09-30": {
        "Diluted EPS": -0.01,
        "Total Revenue": 21,
        "Gross Profit": 8,
        "Operating Income": -1,
        "EBIT": 0,
        "Net Income": 0
    },
    "2015-06-30": {
        "Diluted EPS": -0.01,
        "Total Revenue": 18,
        "Gross Profit": 8,
        "Operating Income": 0,
        "EBIT": 0,
        "Net Income": 0
    },
    "2015-03-31": {
        "Diluted EPS": -0.02,
        "Total Revenue": 18,
        "Gross Profit": 7,
        "Operating Income": -1,
        "EBIT": -1,
        "Net Income": -1
    },
    "2014-12-31": {
        "Diluted EPS": 0.0,
        "Total Revenue": 18,
        "Gross Profit": 7,
        "Operating Income": -1,
        "EBIT": 0,
        "Net Income": 0
    },
    "2014-09-30": {
        "Diluted EPS": -0.01,
        "Total Revenue": 19,
        "Gross Profit": 7,
        "Operating Income": 0,
        "EBIT": 0,
        "Net Income": 0
    },
    "2014-06-30": {
        "Diluted EPS": 0.0,
        "Total Revenue": 18,
        "Gross Profit": 7,
        "Operating Income": 0,
        "EBIT": 0,
        "Net Income": 0
    },
    "2014-03-31": {
        "Diluted EPS": 0.0,
        "Total Revenue": 18,
        "Gross Profit": 6,
        "Operating Income": 0,
        "EBIT": 0,
        "Net Income": 0
    },
    "2013-12-31": {
        "Diluted EPS": 0.01,
        "Total Revenue": 17,
        "Gross Profit": 6,
        "Operating Income": 0,
        "EBIT": 1,
        "Net Income": 0
    },
    "2013-09-30": {
        "Diluted EPS": 0.02,
        "Total Revenue": 17,
        "Gross Profit": 7,
        "Operating Income": 1,
        "EBIT": 1,
        "Net Income": 1
    },
    "2013-06-30": {
        "Diluted EPS": 0.01,
        "Total Revenue": 17,
        "Gross Profit": 7,
        "Operating Income": 1,
        "EBIT": 1,
        "Net Income": 0
    },
    "2013-03-31": {
        "Diluted EPS": 0.0,
        "Total Revenue": 16,
        "Gross Profit": 6,
        "Operating Income": 0,
        "EBIT": 1,
        "Net Income": 0
    },
    "2012-12-31": {
        "Diluted EPS": 0.03,
        "Total Revenue": 14,
        "Gross Profit": 5,
        "Operating Income": 0,
        "EBIT": 0,
        "Net Income": 1
    },
    "2012-09-30": {
        "Diluted EPS": 0.02,
        "Total Revenue": 16,
        "Gross Profit": 6,
        "Operating Income": 1,
        "EBIT": 1,
        "Net Income": 1
    },
    "2012-06-30": {
        "Diluted EPS": 0.02,
        "Total Revenue": 16,
        "Gross Profit": 6,
        "Operating Income": 1,
        "EBIT": 1,
        "Net Income": 1
    },
    "2012-03-31": {
        "Diluted EPS": 0.01,
        "Total Revenue": 15,
        "Gross Profit": 6,
        "Operating Income": 0,
        "EBIT": 1,
        "Net Income": 0
    },
    "2011-12-31": {
        "Diluted EPS": 0.02,
        "Total Revenue": 15,
        "Gross Profit": 5,
        "Operating Income": 0,
        "EBIT": 1,
        "Net Income": 1
    },
    "2011-09-30": {
        "Diluted EPS": 0.04,
        "Total Revenue": 14,
        "Gross Profit": 6,
        "Operating Income": 1,
        "EBIT": 1,
        "Net Income": 1
    },
    "2011-06-30": {
        "Diluted EPS": 0.0,
        "Total Revenue": 14,
        "Gross Profit": 6,
        "Operating Income": 0,
        "EBIT": 1,
        "Net Income": 0
    },
    "2011-03-31": {
        "Diluted EPS": 0.01,
        "Total Revenue": 12,
        "Gross Profit": 5,
        "Operating Income": 1,
        "EBIT": 1,
        "Net Income": 0
    },
    "2010-12-31": {
        "Diluted EPS": -0.2,
        "Total Revenue": 12,
        "Gross Profit": 5,
        "Operating Income": -8,
        "EBIT": 0,
        "Net Income": -7
    },
    "2010-09-30": {
        "Diluted EPS": 0.02,
        "Total Revenue": 12,
        "Gross Profit": 6,
        "Operating Income": 1,
        "EBIT": 1,
        "Net Income": 1
    },
    "2010-06-30": {
        "Diluted EPS": 0.02,
        "Total Revenue": 16,
        "Gross Profit": 7,
        "Operating Income": 1,
        "EBIT": 2,
        "Net Income": 1
    },
    "2010-03-31": {
        "Diluted EPS": 0.02,
        "Total Revenue": 9,
        "Gross Profit": 4,
        "Operating Income": 1,
        "EBIT": 2,
        "Net Income": 1
    },
    "2009-12-31": {
        "Diluted EPS": 0.02,
        "Total Revenue": 14,
        "Gross Profit": 6,
        "Operating Income": 1,
        "EBIT": 1,
        "Net Income": 1
    },
    "2009-09-30": {
        "Diluted EPS": 0.02,
        "Total Revenue": 15,
        "Gross Profit": 7,
        "Operating Income": 1,
        "EBIT": 1,
        "Net Income": 1
    },
    "2009-06-30": {
        "Diluted EPS": 0.0,
        "Total Revenue": 15,
        "Gross Profit": 6,
        "Operating Income": 0,
        "EBIT": 1,
        "Net Income": 0
    },
    "2009-03-31": {
        "Diluted EPS": 0.23,
        "Total Revenue": 16,
        "Gross Profit": 6,
        "Operating Income": 1,
        "EBIT": 1,
        "Net Income": 8
    },
    "2023-06-30": {
        "Tax Effect Of Unusual Items": 0.0,
        "Tax Rate For Calcs": 0.043,
        "Normalized EBITDA": 2886000.0,
        "Total Unusual Items": 0.0,
        "Total Unusual Items Excluding Goodwill": 0.0,
        "Net Income From Continuing Operation Net Minority Interest": 2125000.0,
        "Reconciled Depreciation": 933000.0,
        "Reconciled Cost Of Revenue": 26460000.0,
        "EBITDA": 2886000.0,
        "EBIT": 1953000.0,
        "Net Interest Income": 68000.0,
        "Normalized Income": 2125000.0,
        "Net Income From Continuing And Discontinued Operation": 2125000.0,
        "Total Expenses": 41592000.0,
        "Total Operating Income As Reported": 1953000.0,
        "Diluted Average Shares": 43640000.0,
        "Basic Average Shares": 42567000.0,
        "Diluted EPS": 0.05,
        "Basic EPS": 0.05,
        "Diluted NI Availto Com Stockholders": 2125000.0,
        "Net Income Common Stockholders": 2125000.0,
        "Net Income": 2125000.0,
        "Net Income Including Noncontrolling Interests": 2125000.0,
        "Net Income Discontinuous Operations": 0.0,
        "Net Income Continuous Operations": 2125000.0,
        "Tax Provision": 95000.0,
        "Pretax Income": 2220000.0,
        "Other Income Expense": 199000.0,
        "Other Non Operating Income Expenses": 199000.0,
        "Special Income Charges": 0.0,
        "Restructuring And Mergern Acquisition": 0.0,
        "Net Non Operating Interest Income Expense": 68000.0,
        "Total Other Finance Cost": -68000.0,
        "Operating Income": 1953000.0,
        "Operating Expense": 14850000.0,
        "Depreciation Amortization Depletion Income Statement": 651000.0,
        "Depreciation And Amortization In Income Statement": 651000.0,
        "Amortization": 651000.0,
        "Amortization Of Intangibles Income Statement": 651000.0,
        "Research And Development": 2108000.0,
        "Selling General And Administration": 12091000.0,
        "Selling And Marketing Expense": 6290000.0,
        "General And Administrative Expense": 5801000.0,
        "Other Gand A": 5801000.0,
        "Gross Profit": 16803000.0,
        "Cost Of Revenue": 26742000.0,
        "Total Revenue": 43545000.0,
        "Operating Revenue": 43545000.0
    },
    "2023-09-30": {
        "Tax Effect Of Unusual Items": 0.0,
        "Tax Rate For Calcs": 0.21,
        "Normalized EBITDA": 1391000.0,
        "Total Unusual Items": 0.0,
        "Total Unusual Items Excluding Goodwill": 0.0,
        "Net Income From Continuing Operation Net Minority Interest": 551000.0,
        "Reconciled Depreciation": 923000.0,
        "Reconciled Cost Of Revenue": 27027000.0,
        "EBITDA": 1391000.0,
        "EBIT": 468000.0,
        "Net Interest Income": 2000.0,
        "Normalized Income": 551000.0,
        "Net Income From Continuing And Discontinued Operation": 551000.0,
        "Total Expenses": 43095000.0,
        "Total Operating Income As Reported": 468000.0,
        "Diluted Average Shares": 43713000.0,
        "Basic Average Shares": 42742000.0,
        "Diluted EPS": 0.01,
        "Basic EPS": 0.01,
        "Diluted NI Availto Com Stockholders": 551000.0,
        "Net Income Common Stockholders": 551000.0,
        "Net Income": 551000.0,
        "Net Income Including Noncontrolling Interests": 551000.0,
        "Net Income Discontinuous Operations": NaN,
        "Net Income Continuous Operations": 551000.0,
        "Tax Provision": -33000.0,
        "Pretax Income": 518000.0,
        "Other Income Expense": 48000.0,
        "Other Non Operating Income Expenses": 48000.0,
        "Special Income Charges": 0.0,
        "Restructuring And Mergern Acquisition": 0.0,
        "Net Non Operating Interest Income Expense": 2000.0,
        "Total Other Finance Cost": -2000.0,
        "Operating Income": 468000.0,
        "Operating Expense": 15796000.0,
        "Depreciation Amortization Depletion Income Statement": 651000.0,
        "Depreciation And Amortization In Income Statement": 651000.0,
        "Amortization": 651000.0,
        "Amortization Of Intangibles Income Statement": 651000.0,
        "Research And Development": 2565000.0,
        "Selling General And Administration": 12580000.0,
        "Selling And Marketing Expense": 6236000.0,
        "General And Administrative Expense": 6344000.0,
        "Other Gand A": 6344000.0,
        "Gross Profit": 16264000.0,
        "Cost Of Revenue": 27299000.0,
        "Total Revenue": 43563000.0,
        "Operating Revenue": 43563000.0
    },
    "2023-12-31": {
        "Tax Effect Of Unusual Items": 0.0,
        "Tax Rate For Calcs": 0.382,
        "Normalized EBITDA": 1309000.0,
        "Total Unusual Items": 0.0,
        "Total Unusual Items Excluding Goodwill": 0.0,
        "Net Income From Continuing Operation Net Minority Interest": 355000.0,
        "Reconciled Depreciation": 915000.0,
        "Reconciled Cost Of Revenue": 26315000.0,
        "EBITDA": 1309000.0,
        "EBIT": 394000.0,
        "Net Interest Income": 39000.0,
        "Normalized Income": 355000.0,
        "Net Income From Continuing And Discontinued Operation": 355000.0,
        "Total Expenses": 41735000.0,
        "Total Operating Income As Reported": 394000.0,
        "Diluted Average Shares": 43784000.0,
        "Basic Average Shares": 42944000.0,
        "Diluted EPS": 0.01,
        "Basic EPS": 0.01,
        "Diluted NI Availto Com Stockholders": 355000.0,
        "Net Income Common Stockholders": 355000.0,
        "Net Income": 355000.0,
        "Net Income Including Noncontrolling Interests": 355000.0,
        "Net Income Discontinuous Operations": NaN,
        "Net Income Continuous Operations": 355000.0,
        "Tax Provision": 219000.0,
        "Pretax Income": 574000.0,
        "Other Income Expense": 141000.0,
        "Other Non Operating Income Expenses": 141000.0,
        "Special Income Charges": 0.0,
        "Restructuring And Mergern Acquisition": 0.0,
        "Net Non Operating Interest Income Expense": 39000.0,
        "Total Other Finance Cost": -39000.0,
        "Operating Income": 394000.0,
        "Operating Expense": 15155000.0,
        "Depreciation Amortization Depletion Income Statement": 650000.0,
        "Depreciation And Amortization In Income Statement": 650000.0,
        "Amortization": 650000.0,
        "Amortization Of Intangibles Income Statement": 650000.0,
        "Research And Development": 2858000.0,
        "Selling General And Administration": 11647000.0,
        "Selling And Marketing Expense": 6421000.0,
        "General And Administrative Expense": 5226000.0,
        "Other Gand A": 5226000.0,
        "Gross Profit": 15549000.0,
        "Cost Of Revenue": 26580000.0,
        "Total Revenue": 42129000.0,
        "Operating Revenue": 42129000.0
    },
    "2024-03-31": {
        "Tax Effect Of Unusual Items": 0.0,
        "Tax Rate For Calcs": 0.337748,
        "Normalized EBITDA": 1077000.0,
        "Total Unusual Items": 0.0,
        "Total Unusual Items Excluding Goodwill": 0.0,
        "Net Income From Continuing Operation Net Minority Interest": 100000.0,
        "Reconciled Depreciation": 1073000.0,
        "Reconciled Cost Of Revenue": 26358000.0,
        "EBITDA": 1077000.0,
        "EBIT": 4000.0,
        "Net Interest Income": 112000.0,
        "Normalized Income": 100000.0,
        "Net Income From Continuing And Discontinued Operation": 100000.0,
        "Total Expenses": 42746000.0,
        "Total Operating Income As Reported": 4000.0,
        "Diluted Average Shares": 44247000.0,
        "Basic Average Shares": 43073000.0,
        "Diluted EPS": 0.00226,
        "Basic EPS": 0.002322,
        "Diluted NI Availto Com Stockholders": 100000.0,
        "Net Income Common Stockholders": 100000.0,
        "Net Income": 100000.0,
        "Net Income Including Noncontrolling Interests": 100000.0,
        "Net Income Discontinuous Operations": NaN,
        "Net Income Continuous Operations": 100000.0,
        "Tax Provision": 51000.0,
        "Pretax Income": 151000.0,
        "Other Income Expense": 35000.0,
        "Other Non Operating Income Expenses": 35000.0,
        "Special Income Charges": 0.0,
        "Restructuring And Mergern Acquisition": 0.0,
        "Net Non Operating Interest Income Expense": 112000.0,
        "Total Other Finance Cost": -112000.0,
        "Operating Income": 4000.0,
        "Operating Expense": 15966000.0,
        "Depreciation Amortization Depletion Income Statement": 651000.0,
        "Depreciation And Amortization In Income Statement": 651000.0,
        "Amortization": 651000.0,
        "Amortization Of Intangibles Income Statement": 651000.0,
        "Research And Development": 2433000.0,
        "Selling General And Administration": 12882000.0,
        "Selling And Marketing Expense": 6387000.0,
        "General And Administrative Expense": 6495000.0,
        "Other Gand A": 6495000.0,
        "Gross Profit": 15970000.0,
        "Cost Of Revenue": 26780000.0,
        "Total Revenue": 42750000.0,
        "Operating Revenue": 42750000.0
    },
    "2024-06-30": {
        "Tax Effect Of Unusual Items": 0.0,
        "Tax Rate For Calcs": 0.109,
        "Normalized EBITDA": 1370000.0,
        "Total Unusual Items": NaN,
        "Total Unusual Items Excluding Goodwill": NaN,
        "Net Income From Continuing Operation Net Minority Interest": 392000.0,
        "Reconciled Depreciation": 1117000.0,
        "Reconciled Cost Of Revenue": 27971000.0,
        "EBITDA": 1370000.0,
        "EBIT": 253000.0,
        "Net Interest Income": 131000.0,
        "Normalized Income": 392000.0,
        "Net Income From Continuing And Discontinued Operation": 392000.0,
        "Total Expenses": 45524000.0,
        "Total Operating Income As Reported": 253000.0,
        "Diluted Average Shares": 43970000.0,
        "Basic Average Shares": 42969000.0,
        "Diluted EPS": 0.01,
        "Basic EPS": 0.01,
        "Diluted NI Availto Com Stockholders": 392000.0,
        "Net Income Common Stockholders": 392000.0,
        "Net Income": 392000.0,
        "Net Income Including Noncontrolling Interests": 392000.0,
        "Net Income Discontinuous Operations": NaN,
        "Net Income Continuous Operations": 392000.0,
        "Tax Provision": 48000.0,
        "Pretax Income": 440000.0,
        "Other Income Expense": 56000.0,
        "Other Non Operating Income Expenses": 56000.0,
        "Special Income Charges": NaN,
        "Restructuring And Mergern Acquisition": NaN,
        "Net Non Operating Interest Income Expense": 131000.0,
        "Total Other Finance Cost": -131000.0,
        "Operating Income": 253000.0,
        "Operating Expense": 17087000.0,
        "Depreciation Amortization Depletion Income Statement": 651000.0,
        "Depreciation And Amortization In Income Statement": 651000.0,
        "Amortization": 651000.0,
        "Amortization Of Intangibles Income Statement": 651000.0,
        "Research And Development": 2880000.0,
        "Selling General And Administration": 13556000.0,
        "Selling And Marketing Expense": 7250000.0,
        "General And Administrative Expense": 6306000.0,
        "Other Gand A": 6306000.0,
        "Gross Profit": 17340000.0,
        "Cost Of Revenue": 28437000.0,
        "Total Revenue": 45777000.0,
        "Operating Revenue": 45777000.0
    }
}