{
    "2023-03-31": {
        "Tax Effect Of Unusual Items": 0.0,
        "Tax Rate For Calcs": 0.243,
        "Net Income From Continuing Operation Net Minority Interest": 1181000.0,
        "Reconciled Depreciation": 971000.0,
        "Interest Income": 2074000.0,
        "Normalized Income": 1181000.0,
        "Net Income From Continuing And Discontinued Operation": 1181000.0,
        "Total Expenses": 49782000.0,
        "Diluted Average Shares": 1897000.0,
        "Basic Average Shares": 1897000.0,
        "Diluted EPS": 0.62,
        "Basic EPS": 0.62,
        "Diluted NI Availto Com Stockholders": 1181000.0,
        "Net Income Common Stockholders": 1181000.0,
        "Net Income": 1181000.0,
        "Net Income Including Noncontrolling Interests": 1181000.0,
        "Net Income Continuous Operations": 1181000.0,
        "Tax Provision": 380000.0,
        "Pretax Income": 1561000.0,
        "Other Income Expense": 140000.0,
        "Other Operating Expenses": 8568000.0,
        "Selling General And Administration": 20820000.0,
        "General And Administrative Expense": 20820000.0,
        "Other Gand A": 4400000.0,
        "Salaries And Wages": 20820000.0,
        "Total Revenue": 51343000.0,
        "Operating Revenue": 51343000.0
    },
    "2022-12-31": {
        "Tax Effect Of Unusual Items": 0.0,
        "Tax Rate For Calcs": 0.188484,
        "Net Income From Continuing Operation Net Minority Interest": 7526000.0,
        "Reconciled Depreciation": 934000.0,
        "Interest Income": 1649000.0,
        "Normalized Income": 7526000.0,
        "Net Income From Continuing And Discontinued Operation": 7526000.0,
        "Total Expenses": 56220000.0,
        "Diluted Average Shares": 1897000.0,
        "Basic Average Shares": 1897000.0,
        "Diluted EPS": 3.97,
        "Basic EPS": 3.97,
        "Diluted NI Availto Com Stockholders": 7526000.0,
        "Net Income Common Stockholders": 7526000.0,
        "Net Income": 7526000.0,
        "Net Income Including Noncontrolling Interests": 7526000.0,
        "Net Income Continuous Operations": 7526000.0,
        "Tax Provision": 1748000.0,
        "Pretax Income": 9274000.0,
        "Other Income Expense": 217000.0,
        "Other Operating Expenses": 9419000.0,
        "Selling General And Administration": 21593000.0,
        "General And Administrative Expense": 21593000.0,
        "Other Gand A": 4393000.0,
        "Salaries And Wages": 21593000.0,
        "Total Revenue": 65494000.0,
        "Operating Revenue": 65494000.0
    },
    "2022-09-30": {
        "Tax Effect Of Unusual Items": 0.0,
        "Tax Rate For Calcs": 0.215603,
        "Net Income From Continuing Operation Net Minority Interest": 7913000.0,
        "Reconciled Depreciation": 884000.0,
        "Interest Income": 1229000.0,
        "Normalized Income": 7913000.0,
        "Net Income From Continuing And Discontinued Operation": 7913000.0,
        "Total Expenses": 67910000.0,
        "Diluted Average Shares": 1897000.0,
        "Basic Average Shares": 1897000.0,
        "Diluted EPS": 4.17,
        "Basic EPS": 4.17,
        "Diluted NI Availto Com Stockholders": 7913000.0,
        "Net Income Common Stockholders": 7913000.0,
        "Net Income": 7913000.0,
        "Net Income Including Noncontrolling Interests": 7913000.0,
        "Net Income Continuous Operations": 7913000.0,
        "Tax Provision": 2175000.0,
        "Pretax Income": 10088000.0,
        "Other Income Expense": 277000.0,
        "Other Operating Expenses": 6606000.0,
        "Selling General And Administration": 25860000.0,
        "General And Administrative Expense": 25860000.0,
        "Other Gand A": 4274000.0,
        "Salaries And Wages": 21586000.0,
        "Total Revenue": 77998000.0,
        "Operating Revenue": 77998000.0
    },
    "2022-06-30": {
        "Tax Effect Of Unusual Items": 0.0,
        "Tax Rate For Calcs": 0.228242,
        "Net Income From Continuing Operation Net Minority Interest": 2279000.0,
        "Reconciled Depreciation": 908000.0,
        "Interest Income": 911000.0,
        "Normalized Income": 2279000.0,
        "Net Income From Continuing And Discontinued Operation": 2279000.0,
        "Total Expenses": 67949000.0,
        "Diluted Average Shares": 1899000.0,
        "Basic Average Shares": 1897000.0,
        "Diluted EPS": 1.2,
        "Basic EPS": 1.2,
        "Diluted NI Availto Com Stockholders": 2279000.0,
        "Net Income Common Stockholders": 2279000.0,
        "Net Income": 2279000.0,
        "Net Income Including Noncontrolling Interests": 2279000.0,
        "Net Income Continuous Operations": 2279000.0,
        "Tax Provision": 674000.0,
        "Pretax Income": 2953000.0,
        "Other Income Expense": 348000.0,
        "Other Operating Expenses": 7627000.0,
        "Selling General And Administration": 25186000.0,
        "General And Administrative Expense": 25186000.0,
        "Other Gand A": 4288000.0,
        "Salaries And Wages": 20898000.0,
        "Total Revenue": 70902000.0,
        "Operating Revenue": 70902000.0
    },
    "2022-03-31": {
        "Diluted EPS": 3.25,
        "Total Revenue": 69,
        "Gross Profit": 39,
        "Operating Income": 8,
        "EBIT": 9,
        "Net Income": 6
    },
    "2021-12-31": {
        "Diluted EPS": 9.94,
        "Total Revenue": 91,
        "Gross Profit": 50,
        "Operating Income": 24,
        "EBIT": 25,
        "Net Income": 19
    },
    "2021-09-30": {
        "Diluted EPS": 7.63,
        "Total Revenue": 81,
        "Gross Profit": 42,
        "Operating Income": 18,
        "EBIT": 19,
        "Net Income": 15
    },
    "2021-06-30": {
        "Diluted EPS": 10.42,
        "Total Revenue": 85,
        "Gross Profit": 49,
        "Operating Income": 25,
        "EBIT": 26,
        "Net Income": 20
    },
    "2021-03-31": {
        "Diluted EPS": 7.29,
        "Total Revenue": 72,
        "Gross Profit": 40,
        "Operating Income": 17,
        "EBIT": 18,
        "Net Income": 14
    },
    "2020-12-31": {
        "Diluted EPS": 8.79,
        "Total Revenue": 77,
        "Gross Profit": 43,
        "Operating Income": 21,
        "EBIT": 22,
        "Net Income": 17
    },
    "2020-09-30": {
        "Diluted EPS": 8.07,
        "Total Revenue": 68,
        "Gross Profit": 37,
        "Operating Income": 19,
        "EBIT": 20,
        "Net Income": 15
    },
    "2020-06-30": {
        "Diluted EPS": 7.65,
        "Total Revenue": 62,
        "Gross Profit": 36,
        "Operating Income": 18,
        "EBIT": 19,
        "Net Income": 14
    },
    "2020-03-31": {
        "Diluted EPS": -3.71,
        "Total Revenue": 30,
        "Gross Profit": 9,
        "Operating Income": -9,
        "EBIT": -8,
        "Net Income": -7
    },
    "2019-12-31": {
        "Diluted EPS": 6.0,
        "Total Revenue": 53,
        "Gross Profit": 31,
        "Operating Income": 15,
        "EBIT": 15,
        "Net Income": 11
    },
    "2019-09-30": {
        "Diluted EPS": 4.2,
        "Total Revenue": 48,
        "Gross Profit": 27,
        "Operating Income": 10,
        "EBIT": 11,
        "Net Income": 8
    },
    "2019-06-30": {
        "Diluted EPS": 2.9,
        "Total Revenue": 43,
        "Gross Profit": 24,
        "Operating Income": 7,
        "EBIT": 8,
        "Net Income": 6
    },
    "2019-03-31": {
        "Diluted EPS": 3.49,
        "Total Revenue": 40,
        "Gross Profit": 25,
        "Operating Income": 8,
        "EBIT": 9,
        "Net Income": 7
    },
    "2018-12-31": {
        "Diluted EPS": 0.07,
        "Total Revenue": 32,
        "Gross Profit": 16,
        "Operating Income": 0,
        "EBIT": 1,
        "Net Income": 0
    },
    "2018-09-30": {
        "Diluted EPS": 5.61,
        "Total Revenue": 48,
        "Gross Profit": 29,
        "Operating Income": 13,
        "EBIT": 13,
        "Net Income": 11
    },
    "2018-06-30": {
        "Diluted EPS": 3.66,
        "Total Revenue": 42,
        "Gross Profit": 25,
        "Operating Income": 9,
        "EBIT": 10,
        "Net Income": 7
    },
    "2018-03-31": {
        "Diluted EPS": 2.2,
        "Total Revenue": 34,
        "Gross Profit": 21,
        "Operating Income": 5,
        "EBIT": 6,
        "Net Income": 4
    },
    "2017-12-31": {
        "Diluted EPS": 5.08,
        "Total Revenue": 41,
        "Gross Profit": 22,
        "Operating Income": 7,
        "EBIT": 7,
        "Net Income": 10
    },
    "2017-09-30": {
        "Diluted EPS": 3.13,
        "Total Revenue": 43,
        "Gross Profit": 24,
        "Operating Income": 9,
        "EBIT": 10,
        "Net Income": 6
    },
    "2017-06-30": {
        "Diluted EPS": 2.99,
        "Total Revenue": 40,
        "Gross Profit": 23,
        "Operating Income": 8,
        "EBIT": 9,
        "Net Income": 6
    },
    "2017-03-31": {
        "Diluted EPS": 2.36,
        "Total Revenue": 38,
        "Gross Profit": 21,
        "Operating Income": 6,
        "EBIT": 7,
        "Net Income": 4
    },
    "2016-12-31": {
        "Diluted EPS": 2.62,
        "Total Revenue": 39,
        "Gross Profit": 20,
        "Operating Income": 8,
        "EBIT": 8,
        "Net Income": 5
    },
    "2016-09-30": {
        "Diluted EPS": 4.29,
        "Total Revenue": 41,
        "Gross Profit": 23,
        "Operating Income": 11,
        "EBIT": 12,
        "Net Income": 8
    },
    "2016-06-30": {
        "Diluted EPS": 2.35,
        "Total Revenue": 34,
        "Gross Profit": 18,
        "Operating Income": 7,
        "EBIT": 7,
        "Net Income": 5
    },
    "2016-03-31": {
        "Diluted EPS": 0.93,
        "Total Revenue": 25,
        "Gross Profit": 13,
        "Operating Income": 3,
        "EBIT": 3,
        "Net Income": 2
    },
    "2015-12-31": {
        "Diluted EPS": 1.11,
        "Total Revenue": 29,
        "Gross Profit": 14,
        "Operating Income": 3,
        "EBIT": 4,
        "Net Income": 2
    },
    "2015-09-30": {
        "Diluted EPS": 2.28,
        "Total Revenue": 35,
        "Gross Profit": 17,
        "Operating Income": 6,
        "EBIT": 7,
        "Net Income": 4
    },
    "2015-06-30": {
        "Diluted EPS": 2.05,
        "Total Revenue": 35,
        "Gross Profit": 16,
        "Operating Income": 6,
        "EBIT": 6,
        "Net Income": 4
    },
    "2015-03-31": {
        "Diluted EPS": 0.86,
        "Total Revenue": 28,
        "Gross Profit": 13,
        "Operating Income": 2,
        "EBIT": 3,
        "Net Income": 2
    },
    "2014-12-31": {
        "Diluted EPS": 1.33,
        "Total Revenue": 32,
        "Gross Profit": 13,
        "Operating Income": 4,
        "EBIT": 4,
        "Net Income": 3
    },
    "2014-09-30": {
        "Diluted EPS": 1.28,
        "Total Revenue": 30,
        "Gross Profit": 14,
        "Operating Income": 4,
        "EBIT": 4,
        "Net Income": 3
    },
    "2014-06-30": {
        "Diluted EPS": 1.65,
        "Total Revenue": 33,
        "Gross Profit": 15,
        "Operating Income": 5,
        "EBIT": 5,
        "Net Income": 3
    },
    "2014-03-31": {
        "Diluted EPS": 0.48,
        "Total Revenue": 28,
        "Gross Profit": 11,
        "Operating Income": 1,
        "EBIT": 2,
        "Net Income": 1
    },
    "2013-12-31": {
        "Diluted EPS": 0.88,
        "Total Revenue": 32,
        "Gross Profit": 12,
        "Operating Income": 3,
        "EBIT": 3,
        "Net Income": 2
    },
    "2013-09-30": {
        "Diluted EPS": 2.66,
        "Total Revenue": 34,
        "Gross Profit": 19,
        "Operating Income": 8,
        "EBIT": 9,
        "Net Income": 6
    },
    "2013-06-30": {
        "Diluted EPS": 1.92,
        "Total Revenue": 34,
        "Gross Profit": 15,
        "Operating Income": 6,
        "EBIT": 6,
        "Net Income": 4
    },
    "2013-03-31": {
        "Diluted EPS": 1.62,
        "Total Revenue": 27,
        "Gross Profit": 14,
        "Operating Income": 5,
        "EBIT": 5,
        "Net Income": 3
    },
    "2012-12-31": {
        "Diluted EPS": 1.5,
        "Total Revenue": 34,
        "Gross Profit": 14,
        "Operating Income": 5,
        "EBIT": 5,
        "Net Income": 3
    },
    "2012-09-30": {
        "Diluted EPS": 1.5,
        "Total Revenue": 32,
        "Gross Profit": 13,
        "Operating Income": 5,
        "EBIT": 5,
        "Net Income": 3
    },
    "2012-06-30": {
        "Diluted EPS": 1.57,
        "Total Revenue": 26,
        "Gross Profit": 13,
        "Operating Income": 5,
        "EBIT": 5,
        "Net Income": 3
    },
    "2012-03-31": {
        "Diluted EPS": 0.67,
        "Total Revenue": 22,
        "Gross Profit": 10,
        "Operating Income": 2,
        "EBIT": 2,
        "Net Income": 1
    },
    "2011-12-31": {
        "Diluted EPS": 0.86,
        "Total Revenue": 21,
        "Gross Profit": 10,
        "Operating Income": 3,
        "EBIT": 3,
        "Net Income": 2
    },
    "2011-09-30": {
        "Diluted EPS": 1.14,
        "Total Revenue": 26,
        "Gross Profit": 11,
        "Operating Income": 3,
        "EBIT": 4,
        "Net Income": 2
    },
    "2011-06-30": {
        "Diluted EPS": 0.74,
        "Total Revenue": 24,
        "Gross Profit": 9,
        "Operating Income": 2,
        "EBIT": 2,
        "Net Income": 2
    },
    "2011-03-31": {
        "Diluted EPS": 0.46,
        "Total Revenue": 20,
        "Gross Profit": 8,
        "Operating Income": 1,
        "EBIT": 2,
        "Net Income": 1
    },
    "2010-12-31": {
        "Diluted EPS": 1.03,
        "Total Revenue": 22,
        "Gross Profit": 11,
        "Operating Income": 4,
        "EBIT": 4,
        "Net Income": 2
    },
    "2010-09-30": {
        "Diluted EPS": 0.63,
        "Total Revenue": 19,
        "Gross Profit": 9,
        "Operating Income": 2,
        "EBIT": 2,
        "Net Income": 1
    },
    "2010-06-30": {
        "Diluted EPS": 1.11,
        "Total Revenue": 16,
        "Gross Profit": 10,
        "Operating Income": 3,
        "EBIT": 3,
        "Net Income": 3
    },
    "2010-03-31": {
        "Diluted EPS": 0.01,
        "Total Revenue": 14,
        "Gross Profit": 7,
        "Operating Income": 0,
        "EBIT": 0,
        "Net Income": 0
    },
    "2009-12-31": {
        "Diluted EPS": 0.14,
        "Total Revenue": 15,
        "Gross Profit": 7,
        "Operating Income": 0,
        "EBIT": 0,
        "Net Income": 0
    },
    "2009-09-30": {
        "Diluted EPS": 0.42,
        "Total Revenue": 16,
        "Gross Profit": 8,
        "Operating Income": 1,
        "EBIT": 1,
        "Net Income": 1
    },
    "2009-06-30": {
        "Diluted EPS": 0.92,
        "Total Revenue": 22,
        "Gross Profit": 10,
        "Operating Income": 3,
        "EBIT": 3,
        "Net Income": 2
    },
    "2009-03-31": {
        "Diluted EPS": 0.62,
        "Total Revenue": 19,
        "Gross Profit": 9,
        "Operating Income": 2,
        "EBIT": 2,
        "Net Income": 1
    },
    "2023-06-30": {
        "Tax Effect Of Unusual Items": 0.0,
        "Tax Rate For Calcs": 0.229636,
        "Net Income From Continuing Operation Net Minority Interest": 7585000.0,
        "Reconciled Depreciation": 993000.0,
        "Interest Income": 2150000.0,
        "Normalized Income": 7585000.0,
        "Net Income From Continuing And Discontinued Operation": 7585000.0,
        "Total Expenses": 48468000.0,
        "Diluted Average Shares": 1896000.0,
        "Basic Average Shares": 1895000.0,
        "Diluted EPS": 4.0,
        "Basic EPS": 4.0,
        "Diluted NI Availto Com Stockholders": 7585000.0,
        "Net Income Common Stockholders": 7585000.0,
        "Net Income": 7585000.0,
        "Net Income Including Noncontrolling Interests": 7585000.0,
        "Net Income Continuous Operations": 7585000.0,
        "Tax Provision": 2261000.0,
        "Pretax Income": 9846000.0,
        "Other Income Expense": 250000.0,
        "Other Operating Expenses": 8326000.0,
        "Selling General And Administration": 18548000.0,
        "General And Administrative Expense": 18548000.0,
        "Other Gand A": 4513000.0,
        "Salaries And Wages": 18548000.0,
        "Total Revenue": 58314000.0,
        "Operating Revenue": 58314000.0
    },
    "2023-09-30": {
        "Tax Effect Of Unusual Items": 0.0,
        "Tax Rate For Calcs": 0.177,
        "Net Income From Continuing Operation Net Minority Interest": 7084000.0,
        "Reconciled Depreciation": 1023000.0,
        "Interest Income": 2313000.0,
        "Normalized Income": 7084000.0,
        "Net Income From Continuing And Discontinued Operation": 7084000.0,
        "Total Expenses": 52800000.0,
        "Diluted Average Shares": 1891000.0,
        "Basic Average Shares": 1891000.0,
        "Diluted EPS": 3.75,
        "Basic EPS": 3.75,
        "Diluted NI Availto Com Stockholders": 7084000.0,
        "Net Income Common Stockholders": 7084000.0,
        "Net Income": 7084000.0,
        "Net Income Including Noncontrolling Interests": 7084000.0,
        "Net Income Continuous Operations": 7084000.0,
        "Tax Provision": 1526000.0,
        "Pretax Income": 8610000.0,
        "Other Income Expense": 257000.0,
        "Other Operating Expenses": 8073000.0,
        "Selling General And Administration": 19083000.0,
        "General And Administrative Expense": 19083000.0,
        "Other Gand A": 4209000.0,
        "Salaries And Wages": 19083000.0,
        "Total Revenue": 61410000.0,
        "Operating Revenue": 61410000.0
    }
}