{
    "2023-03-31": {
        "Tax Effect Of Unusual Items": NaN,
        "Tax Rate For Calcs": NaN,
        "Normalized EBITDA": NaN,
        "Net Income From Continuing Operation Net Minority Interest": NaN,
        "Reconciled Depreciation": NaN,
        "EBITDA": NaN,
        "EBIT": NaN,
        "Net Interest Income": NaN,
        "Interest Income": NaN,
        "Normalized Income": NaN,
        "Net Income From Continuing And Discontinued Operation": NaN,
        "Total Expenses": NaN,
        "Total Operating Income As Reported": NaN,
        "Diluted Average Shares": 35716037.0,
        "Basic Average Shares": 35716037.0,
        "Diluted EPS": -0.44,
        "Basic EPS": -0.44,
        "Diluted NI Availto Com Stockholders": NaN,
        "Net Income Common Stockholders": NaN,
        "Net Income": NaN,
        "Net Income Including Noncontrolling Interests": NaN,
        "Net Income Continuous Operations": NaN,
        "Tax Provision": NaN,
        "Pretax Income": NaN,
        "Other Income Expense": NaN,
        "Other Non Operating Income Expenses": NaN,
        "Net Non Operating Interest Income Expense": NaN,
        "Interest Income Non Operating": NaN,
        "Operating Income": NaN,
        "Operating Expense": NaN,
        "Other Operating Expenses": NaN,
        "Research And Development": NaN,
        "Selling General And Administration": NaN,
        "General And Administrative Expense": NaN,
        "Other Gand A": NaN,
        "Total Revenue": NaN,
        "Operating Revenue": NaN
    },
    "2022-12-31": {
        "Tax Effect Of Unusual Items": 0.0,
        "Tax Rate For Calcs": 0.100809,
        "Normalized EBITDA": 18987000.0,
        "Net Income From Continuing Operation Net Minority Interest": 20453000.0,
        "Reconciled Depreciation": 223000.0,
        "EBITDA": 18987000.0,
        "EBIT": 18764000.0,
        "Net Interest Income": NaN,
        "Interest Income": NaN,
        "Normalized Income": 20453000.0,
        "Net Income From Continuing And Discontinued Operation": 20453000.0,
        "Total Expenses": 35141000.0,
        "Total Operating Income As Reported": 17383000.0,
        "Diluted Average Shares": NaN,
        "Basic Average Shares": NaN,
        "Diluted EPS": NaN,
        "Basic EPS": NaN,
        "Diluted NI Availto Com Stockholders": 20453000.0,
        "Net Income Common Stockholders": 20453000.0,
        "Net Income": 20453000.0,
        "Net Income Including Noncontrolling Interests": 20453000.0,
        "Net Income Continuous Operations": 20453000.0,
        "Tax Provision": 2293000.0,
        "Pretax Income": 22746000.0,
        "Other Income Expense": -7379000.0,
        "Other Non Operating Income Expenses": -7379000.0,
        "Net Non Operating Interest Income Expense": NaN,
        "Interest Income Non Operating": NaN,
        "Operating Income": 18764000.0,
        "Operating Expense": 35141000.0,
        "Other Operating Expenses": -1381000.0,
        "Research And Development": 25421000.0,
        "Selling General And Administration": 11101000.0,
        "General And Administrative Expense": 11101000.0,
        "Other Gand A": 11101000.0,
        "Total Revenue": 53905000.0,
        "Operating Revenue": 53905000.0
    },
    "2022-09-30": {
        "Tax Effect Of Unusual Items": NaN,
        "Tax Rate For Calcs": NaN,
        "Normalized EBITDA": NaN,
        "Net Income From Continuing Operation Net Minority Interest": NaN,
        "Reconciled Depreciation": NaN,
        "EBITDA": NaN,
        "EBIT": NaN,
        "Net Interest Income": NaN,
        "Interest Income": NaN,
        "Normalized Income": NaN,
        "Net Income From Continuing And Discontinued Operation": NaN,
        "Total Expenses": NaN,
        "Total Operating Income As Reported": NaN,
        "Diluted Average Shares": 37655740.0,
        "Basic Average Shares": 35575323.0,
        "Diluted EPS": 0.03,
        "Basic EPS": 0.03,
        "Diluted NI Availto Com Stockholders": NaN,
        "Net Income Common Stockholders": NaN,
        "Net Income": NaN,
        "Net Income Including Noncontrolling Interests": NaN,
        "Net Income Continuous Operations": NaN,
        "Tax Provision": NaN,
        "Pretax Income": NaN,
        "Other Income Expense": NaN,
        "Other Non Operating Income Expenses": NaN,
        "Net Non Operating Interest Income Expense": NaN,
        "Interest Income Non Operating": NaN,
        "Operating Income": NaN,
        "Operating Expense": NaN,
        "Other Operating Expenses": NaN,
        "Research And Development": NaN,
        "Selling General And Administration": NaN,
        "General And Administrative Expense": NaN,
        "Other Gand A": NaN,
        "Total Revenue": NaN,
        "Operating Revenue": NaN
    },
    "2022-06-30": {
        "Tax Effect Of Unusual Items": 0.0,
        "Tax Rate For Calcs": 0.334,
        "Normalized EBITDA": 3969000.0,
        "Net Income From Continuing Operation Net Minority Interest": 5626000.0,
        "Reconciled Depreciation": 195000.0,
        "EBITDA": 3969000.0,
        "EBIT": 3774000.0,
        "Net Interest Income": NaN,
        "Interest Income": NaN,
        "Normalized Income": 5626000.0,
        "Net Income From Continuing And Discontinued Operation": 5626000.0,
        "Total Expenses": 37942000.0,
        "Total Operating Income As Reported": 3335000.0,
        "Diluted Average Shares": 37635828.0,
        "Basic Average Shares": 35546605.0,
        "Diluted EPS": 0.15,
        "Basic EPS": 0.16,
        "Diluted NI Availto Com Stockholders": 5626000.0,
        "Net Income Common Stockholders": 5626000.0,
        "Net Income": 5626000.0,
        "Net Income Including Noncontrolling Interests": 5626000.0,
        "Net Income Continuous Operations": 5626000.0,
        "Tax Provision": 2817000.0,
        "Pretax Income": 8443000.0,
        "Other Income Expense": 4669000.0,
        "Other Non Operating Income Expenses": 4669000.0,
        "Net Non Operating Interest Income Expense": NaN,
        "Interest Income Non Operating": NaN,
        "Operating Income": 3774000.0,
        "Operating Expense": 37942000.0,
        "Other Operating Expenses": -439000.0,
        "Research And Development": 26910000.0,
        "Selling General And Administration": 11471000.0,
        "General And Administrative Expense": 11471000.0,
        "Other Gand A": 11471000.0,
        "Total Revenue": 41716000.0,
        "Operating Revenue": 41716000.0
    },
    "2022-03-31": {
        "Diluted EPS": 1.82,
        "Total Revenue": 153,
        "Gross Profit": 153,
        "Operating Income": 121,
        "EBIT": 121,
        "Net Income": 70
    },
    "2021-12-31": {
        "Diluted EPS": 4.96,
        "Total Revenue": 241,
        "Gross Profit": 241,
        "Operating Income": 214,
        "EBIT": 214,
        "Net Income": 185
    },
    "2021-09-30": {
        "Diluted EPS": 1.86,
        "Total Revenue": 104,
        "Gross Profit": 104,
        "Operating Income": 79,
        "EBIT": 80,
        "Net Income": 70
    },
    "2021-06-30": {
        "Diluted EPS": -0.75,
        "Total Revenue": NaN,
        "Gross Profit": NaN,
        "Operating Income": -29,
        "EBIT": -29,
        "Net Income": -26
    },
    "2021-03-31": {
        "Diluted EPS": -0.39,
        "Total Revenue": NaN,
        "Gross Profit": NaN,
        "Operating Income": -19,
        "EBIT": -19,
        "Net Income": -14
    },
    "2020-12-31": {
        "Diluted EPS": 52.62,
        "Total Revenue": NaN,
        "Gross Profit": NaN,
        "Operating Income": -15,
        "EBIT": -15,
        "Net Income": -15
    },
    "2020-09-30": {
        "Diluted EPS": -0.48,
        "Total Revenue": NaN,
        "Gross Profit": NaN,
        "Operating Income": -14,
        "EBIT": -13,
        "Net Income": -12
    },
    "2020-06-30": {
        "Diluted EPS": -29.49,
        "Total Revenue": NaN,
        "Gross Profit": NaN,
        "Operating Income": -9,
        "EBIT": -8,
        "Net Income": -10
    },
    "2020-03-31": {
        "Diluted EPS": -25.53,
        "Total Revenue": NaN,
        "Gross Profit": NaN,
        "Operating Income": -8,
        "EBIT": -8,
        "Net Income": -7
    },
    "2019-12-31": {
        "Diluted EPS": 0.0,
        "Total Revenue": NaN,
        "Gross Profit": NaN,
        "Operating Income": NaN,
        "EBIT": NaN,
        "Net Income": NaN
    },
    "2019-09-30": {
        "Diluted EPS": -43.03,
        "Total Revenue": NaN,
        "Gross Profit": NaN,
        "Operating Income": -8,
        "EBIT": -8,
        "Net Income": -8
    },
    "2019-06-30": {
        "Diluted EPS": -36.49,
        "Total Revenue": NaN,
        "Gross Profit": NaN,
        "Operating Income": -6,
        "EBIT": -6,
        "Net Income": -7
    },
    "2018-12-31": {
        "Diluted EPS": 0.0,
        "Total Revenue": NaN,
        "Gross Profit": NaN,
        "Operating Income": NaN,
        "EBIT": NaN,
        "Net Income": NaN
    },
    "2023-06-30": {
        "Tax Effect Of Unusual Items": NaN,
        "Tax Rate For Calcs": NaN,
        "Normalized EBITDA": NaN,
        "Net Income From Continuing Operation Net Minority Interest": NaN,
        "Reconciled Depreciation": NaN,
        "EBITDA": NaN,
        "EBIT": NaN,
        "Net Interest Income": NaN,
        "Interest Income": NaN,
        "Normalized Income": NaN,
        "Net Income From Continuing And Discontinued Operation": NaN,
        "Total Expenses": NaN,
        "Total Operating Income As Reported": NaN,
        "Diluted Average Shares": 35768952.0,
        "Basic Average Shares": 35768952.0,
        "Diluted EPS": -0.96,
        "Basic EPS": -0.96,
        "Diluted NI Availto Com Stockholders": NaN,
        "Net Income Common Stockholders": NaN,
        "Net Income": NaN,
        "Net Income Including Noncontrolling Interests": NaN,
        "Net Income Continuous Operations": NaN,
        "Tax Provision": NaN,
        "Pretax Income": NaN,
        "Other Income Expense": NaN,
        "Other Non Operating Income Expenses": NaN,
        "Net Non Operating Interest Income Expense": NaN,
        "Interest Income Non Operating": NaN,
        "Operating Income": NaN,
        "Operating Expense": NaN,
        "Other Operating Expenses": NaN,
        "Research And Development": NaN,
        "Selling General And Administration": NaN,
        "General And Administrative Expense": NaN,
        "Other Gand A": NaN,
        "Total Revenue": NaN,
        "Operating Revenue": NaN
    },
    "2023-09-30": {
        "Tax Effect Of Unusual Items": 0.0,
        "Tax Rate For Calcs": 0.035,
        "Normalized EBITDA": -42008000.0,
        "Net Income From Continuing Operation Net Minority Interest": -32241000.0,
        "Reconciled Depreciation": 224000.0,
        "EBITDA": -42008000.0,
        "EBIT": -42232000.0,
        "Net Interest Income": 8039000.0,
        "Interest Income": 8039000.0,
        "Normalized Income": -32241000.0,
        "Net Income From Continuing And Discontinued Operation": -32241000.0,
        "Total Expenses": 42232000.0,
        "Total Operating Income As Reported": -43280000.0,
        "Diluted Average Shares": 35783160.0,
        "Basic Average Shares": 35783160.0,
        "Diluted EPS": -0.9,
        "Basic EPS": -0.9,
        "Diluted NI Availto Com Stockholders": -32241000.0,
        "Net Income Common Stockholders": -32241000.0,
        "Net Income": -32241000.0,
        "Net Income Including Noncontrolling Interests": -32241000.0,
        "Net Income Continuous Operations": -32241000.0,
        "Tax Provision": -1181000.0,
        "Pretax Income": -33422000.0,
        "Other Income Expense": 771000.0,
        "Other Non Operating Income Expenses": 771000.0,
        "Net Non Operating Interest Income Expense": 8039000.0,
        "Interest Income Non Operating": 8039000.0,
        "Operating Income": -42232000.0,
        "Operating Expense": 42232000.0,
        "Other Operating Expenses": -1048000.0,
        "Research And Development": 30638000.0,
        "Selling General And Administration": 12642000.0,
        "General And Administrative Expense": 12642000.0,
        "Other Gand A": 12642000.0,
        "Total Revenue": 0.0,
        "Operating Revenue": 0.0
    },
    "2023-12-31": {
        "Tax Effect Of Unusual Items": 0.0,
        "Tax Rate For Calcs": 0.21,
        "Normalized EBITDA": -37016000.0,
        "Net Income From Continuing Operation Net Minority Interest": -30551000.0,
        "Reconciled Depreciation": 227000.0,
        "EBITDA": -37016000.0,
        "EBIT": -37243000.0,
        "Net Interest Income": 7842000.0,
        "Interest Income": 7842000.0,
        "Normalized Income": -30551000.0,
        "Net Income From Continuing And Discontinued Operation": -30551000.0,
        "Total Expenses": 37243000.0,
        "Total Operating Income As Reported": -40146000.0,
        "Diluted Average Shares": NaN,
        "Basic Average Shares": NaN,
        "Diluted EPS": NaN,
        "Basic EPS": NaN,
        "Diluted NI Availto Com Stockholders": -30551000.0,
        "Net Income Common Stockholders": -30551000.0,
        "Net Income": -30551000.0,
        "Net Income Including Noncontrolling Interests": -30551000.0,
        "Net Income Continuous Operations": -30551000.0,
        "Tax Provision": 2363000.0,
        "Pretax Income": -28188000.0,
        "Other Income Expense": 1213000.0,
        "Other Non Operating Income Expenses": 1213000.0,
        "Net Non Operating Interest Income Expense": 7842000.0,
        "Interest Income Non Operating": 7842000.0,
        "Operating Income": -37243000.0,
        "Operating Expense": 37243000.0,
        "Other Operating Expenses": -2903000.0,
        "Research And Development": 27777000.0,
        "Selling General And Administration": 12369000.0,
        "General And Administrative Expense": 12369000.0,
        "Other Gand A": 12369000.0,
        "Total Revenue": 0.0,
        "Operating Revenue": 0.0
    },
    "2024-03-31": {
        "Tax Effect Of Unusual Items": 0.0,
        "Tax Rate For Calcs": 0.21,
        "Normalized EBITDA": -45177000.0,
        "Net Income From Continuing Operation Net Minority Interest": -38216000.0,
        "Reconciled Depreciation": 304000.0,
        "EBITDA": -45177000.0,
        "EBIT": -45481000.0,
        "Net Interest Income": 7386000.0,
        "Interest Income": 7386000.0,
        "Normalized Income": -38216000.0,
        "Net Income From Continuing And Discontinued Operation": -38216000.0,
        "Total Expenses": 45481000.0,
        "Total Operating Income As Reported": -47232000.0,
        "Diluted Average Shares": 35843116.0,
        "Basic Average Shares": 35843116.0,
        "Diluted EPS": -1.07,
        "Basic EPS": -1.07,
        "Diluted NI Availto Com Stockholders": -38216000.0,
        "Net Income Common Stockholders": -38216000.0,
        "Net Income": -38216000.0,
        "Net Income Including Noncontrolling Interests": -38216000.0,
        "Net Income Continuous Operations": -38216000.0,
        "Tax Provision": 2214000.0,
        "Pretax Income": -36002000.0,
        "Other Income Expense": 2093000.0,
        "Other Non Operating Income Expenses": 2093000.0,
        "Net Non Operating Interest Income Expense": 7386000.0,
        "Interest Income Non Operating": 7386000.0,
        "Operating Income": -45481000.0,
        "Operating Expense": 45481000.0,
        "Other Operating Expenses": -1751000.0,
        "Research And Development": 34529000.0,
        "Selling General And Administration": 12703000.0,
        "General And Administrative Expense": 12703000.0,
        "Other Gand A": 12703000.0,
        "Total Revenue": 0.0,
        "Operating Revenue": 0.0
    },
    "2024-06-30": {
        "Tax Effect Of Unusual Items": 0.0,
        "Tax Rate For Calcs": 0.21,
        "Normalized EBITDA": -12441000.0,
        "Net Income From Continuing Operation Net Minority Interest": -7128000.0,
        "Reconciled Depreciation": 310000.0,
        "EBITDA": -12441000.0,
        "EBIT": -12751000.0,
        "Net Interest Income": 7817000.0,
        "Interest Income": 7817000.0,
        "Normalized Income": -7128000.0,
        "Net Income From Continuing And Discontinued Operation": -7128000.0,
        "Total Expenses": 47751000.0,
        "Total Operating Income As Reported": -14166000.0,
        "Diluted Average Shares": 39699053.0,
        "Basic Average Shares": 39699053.0,
        "Diluted EPS": -0.18,
        "Basic EPS": -0.18,
        "Diluted NI Availto Com Stockholders": -7128000.0,
        "Net Income Common Stockholders": -7128000.0,
        "Net Income": -7128000.0,
        "Net Income Including Noncontrolling Interests": -7128000.0,
        "Net Income Continuous Operations": -7128000.0,
        "Tax Provision": 2261000.0,
        "Pretax Income": -4867000.0,
        "Other Income Expense": 67000.0,
        "Other Non Operating Income Expenses": 67000.0,
        "Net Non Operating Interest Income Expense": 7817000.0,
        "Interest Income Non Operating": 7817000.0,
        "Operating Income": -12751000.0,
        "Operating Expense": 47751000.0,
        "Other Operating Expenses": -1415000.0,
        "Research And Development": 36709000.0,
        "Selling General And Administration": 12457000.0,
        "General And Administrative Expense": 12457000.0,
        "Other Gand A": 12457000.0,
        "Total Revenue": 35000000.0,
        "Operating Revenue": 35000000.0
    },
    "2024-09-30": {
        "Tax Effect Of Unusual Items": 0.0,
        "Tax Rate For Calcs": 0.21,
        "Normalized EBITDA": -47693000.0,
        "Net Income From Continuing Operation Net Minority Interest": -45358000.0,
        "Reconciled Depreciation": 302000.0,
        "EBITDA": -47693000.0,
        "EBIT": -47995000.0,
        "Net Interest Income": 8010000.0,
        "Interest Income": 8010000.0,
        "Normalized Income": -45358000.0,
        "Net Income From Continuing And Discontinued Operation": -45358000.0,
        "Total Expenses": 47995000.0,
        "Total Operating Income As Reported": -48798000.0,
        "Diluted Average Shares": 43135464.0,
        "Basic Average Shares": 43135464.0,
        "Diluted EPS": -1.05,
        "Basic EPS": -1.05,
        "Diluted NI Availto Com Stockholders": -45358000.0,
        "Net Income Common Stockholders": -45358000.0,
        "Net Income": -45358000.0,
        "Net Income Including Noncontrolling Interests": -45358000.0,
        "Net Income Continuous Operations": -45358000.0,
        "Tax Provision": 2243000.0,
        "Pretax Income": -43115000.0,
        "Other Income Expense": -3130000.0,
        "Other Non Operating Income Expenses": -3130000.0,
        "Net Non Operating Interest Income Expense": 8010000.0,
        "Interest Income Non Operating": 8010000.0,
        "Operating Income": -47995000.0,
        "Operating Expense": 47995000.0,
        "Other Operating Expenses": -803000.0,
        "Research And Development": 36686000.0,
        "Selling General And Administration": 12112000.0,
        "General And Administrative Expense": 12112000.0,
        "Other Gand A": 12112000.0,
        "Total Revenue": 0.0,
        "Operating Revenue": 0.0
    }
}