{
    "2023-03-31": {
        "Tax Effect Of Unusual Items": -211769.224416,
        "Tax Rate For Calcs": 0.005782,
        "Normalized EBITDA": 41040000.0,
        "Total Unusual Items": -36627000.0,
        "Total Unusual Items Excluding Goodwill": -36627000.0,
        "Net Income From Continuing Operation Net Minority Interest": -11836000.0,
        "Reconciled Depreciation": 14463000.0,
        "Reconciled Cost Of Revenue": 328835000.0,
        "EBITDA": 4413000.0,
        "EBIT": -10050000.0,
        "Net Interest Income": -239000.0,
        "Interest Expense": 2057000.0,
        "Interest Income": 1818000.0,
        "Normalized Income": 24579230.775584,
        "Net Income From Continuing And Discontinued Operation": -11836000.0,
        "Total Expenses": 468384000.0,
        "Total Operating Income As Reported": -10393000.0,
        "Diluted Average Shares": 45281000.0,
        "Basic Average Shares": 45281000.0,
        "Diluted EPS": -0.26,
        "Basic EPS": -0.26,
        "Diluted NI Availto Com Stockholders": -11836000.0,
        "Net Income Common Stockholders": -11836000.0,
        "Net Income": -11836000.0,
        "Minority Interests": 201000.0,
        "Net Income Including Noncontrolling Interests": -12037000.0,
        "Net Income Continuous Operations": -12037000.0,
        "Tax Provision": -70000.0,
        "Pretax Income": -12107000.0,
        "Other Income Expense": -38102000.0,
        "Other Non Operating Income Expenses": -1475000.0,
        "Special Income Charges": -36627000.0,
        "Gain On Sale Of Business": -18000.0,
        "Impairment Of Capital Assets": NaN,
        "Restructuring And Mergern Acquisition": 36609000.0,
        "Net Non Operating Interest Income Expense": -239000.0,
        "Interest Expense Non Operating": 2057000.0,
        "Interest Income Non Operating": 1818000.0,
        "Operating Income": 26234000.0,
        "Operating Expense": 130134000.0,
        "Depreciation Amortization Depletion Income Statement": 5048000.0,
        "Depreciation And Amortization In Income Statement": 5048000.0,
        "Amortization": 5048000.0,
        "Amortization Of Intangibles Income Statement": 5048000.0,
        "Research And Development": 49565000.0,
        "Selling General And Administration": 75521000.0,
        "Gross Profit": 156368000.0,
        "Cost Of Revenue": 338250000.0,
        "Total Revenue": 494618000.0,
        "Operating Revenue": 494618000.0
    },
    "2022-12-31": {
        "Tax Effect Of Unusual Items": NaN,
        "Tax Rate For Calcs": NaN,
        "Normalized EBITDA": NaN,
        "Total Unusual Items": NaN,
        "Total Unusual Items Excluding Goodwill": NaN,
        "Net Income From Continuing Operation Net Minority Interest": NaN,
        "Reconciled Depreciation": NaN,
        "Reconciled Cost Of Revenue": NaN,
        "EBITDA": NaN,
        "EBIT": NaN,
        "Net Interest Income": NaN,
        "Interest Expense": NaN,
        "Interest Income": NaN,
        "Normalized Income": NaN,
        "Net Income From Continuing And Discontinued Operation": NaN,
        "Total Expenses": NaN,
        "Total Operating Income As Reported": NaN,
        "Diluted Average Shares": NaN,
        "Basic Average Shares": NaN,
        "Diluted EPS": NaN,
        "Basic EPS": NaN,
        "Diluted NI Availto Com Stockholders": NaN,
        "Net Income Common Stockholders": NaN,
        "Net Income": NaN,
        "Minority Interests": NaN,
        "Net Income Including Noncontrolling Interests": NaN,
        "Net Income Continuous Operations": NaN,
        "Tax Provision": NaN,
        "Pretax Income": NaN,
        "Other Income Expense": NaN,
        "Other Non Operating Income Expenses": NaN,
        "Special Income Charges": NaN,
        "Gain On Sale Of Business": NaN,
        "Impairment Of Capital Assets": 0.0,
        "Restructuring And Mergern Acquisition": NaN,
        "Net Non Operating Interest Income Expense": NaN,
        "Interest Expense Non Operating": NaN,
        "Interest Income Non Operating": NaN,
        "Operating Income": NaN,
        "Operating Expense": NaN,
        "Depreciation Amortization Depletion Income Statement": NaN,
        "Depreciation And Amortization In Income Statement": NaN,
        "Amortization": NaN,
        "Amortization Of Intangibles Income Statement": NaN,
        "Research And Development": NaN,
        "Selling General And Administration": NaN,
        "Gross Profit": NaN,
        "Cost Of Revenue": NaN,
        "Total Revenue": NaN,
        "Operating Revenue": NaN
    },
    "2022-09-30": {
        "Tax Effect Of Unusual Items": NaN,
        "Tax Rate For Calcs": NaN,
        "Normalized EBITDA": NaN,
        "Total Unusual Items": NaN,
        "Total Unusual Items Excluding Goodwill": NaN,
        "Net Income From Continuing Operation Net Minority Interest": NaN,
        "Reconciled Depreciation": NaN,
        "Reconciled Cost Of Revenue": NaN,
        "EBITDA": NaN,
        "EBIT": NaN,
        "Net Interest Income": NaN,
        "Interest Expense": NaN,
        "Interest Income": NaN,
        "Normalized Income": NaN,
        "Net Income From Continuing And Discontinued Operation": NaN,
        "Total Expenses": NaN,
        "Total Operating Income As Reported": NaN,
        "Diluted Average Shares": NaN,
        "Basic Average Shares": NaN,
        "Diluted EPS": NaN,
        "Basic EPS": NaN,
        "Diluted NI Availto Com Stockholders": NaN,
        "Net Income Common Stockholders": NaN,
        "Net Income": NaN,
        "Minority Interests": NaN,
        "Net Income Including Noncontrolling Interests": NaN,
        "Net Income Continuous Operations": NaN,
        "Tax Provision": NaN,
        "Pretax Income": NaN,
        "Other Income Expense": NaN,
        "Other Non Operating Income Expenses": NaN,
        "Special Income Charges": NaN,
        "Gain On Sale Of Business": NaN,
        "Impairment Of Capital Assets": 0.0,
        "Restructuring And Mergern Acquisition": NaN,
        "Net Non Operating Interest Income Expense": NaN,
        "Interest Expense Non Operating": NaN,
        "Interest Income Non Operating": NaN,
        "Operating Income": NaN,
        "Operating Expense": NaN,
        "Depreciation Amortization Depletion Income Statement": NaN,
        "Depreciation And Amortization In Income Statement": NaN,
        "Amortization": NaN,
        "Amortization Of Intangibles Income Statement": NaN,
        "Research And Development": NaN,
        "Selling General And Administration": NaN,
        "Gross Profit": NaN,
        "Cost Of Revenue": NaN,
        "Total Revenue": NaN,
        "Operating Revenue": NaN
    },
    "2022-06-30": {
        "Tax Effect Of Unusual Items": -14086000.0,
        "Tax Rate For Calcs": 0.4,
        "Normalized EBITDA": 17065000.0,
        "Total Unusual Items": -35215000.0,
        "Total Unusual Items Excluding Goodwill": -35215000.0,
        "Net Income From Continuing Operation Net Minority Interest": -36967000.0,
        "Reconciled Depreciation": 16414000.0,
        "Reconciled Cost Of Revenue": 295848000.0,
        "EBITDA": -18150000.0,
        "EBIT": -34564000.0,
        "Net Interest Income": -1311000.0,
        "Interest Expense": 1660000.0,
        "Interest Income": 349000.0,
        "Normalized Income": -15838000.0,
        "Net Income From Continuing And Discontinued Operation": -36967000.0,
        "Total Expenses": 430194000.0,
        "Total Operating Income As Reported": -33527000.0,
        "Diluted Average Shares": 45066000.0,
        "Basic Average Shares": 45066000.0,
        "Diluted EPS": -0.82,
        "Basic EPS": -0.82,
        "Diluted NI Availto Com Stockholders": -36967000.0,
        "Net Income Common Stockholders": -36967000.0,
        "Net Income": -36967000.0,
        "Minority Interests": -102000.0,
        "Net Income Including Noncontrolling Interests": -36865000.0,
        "Net Income Continuous Operations": -36865000.0,
        "Tax Provision": 641000.0,
        "Pretax Income": -36224000.0,
        "Other Income Expense": -36601000.0,
        "Other Non Operating Income Expenses": -1386000.0,
        "Special Income Charges": -35215000.0,
        "Gain On Sale Of Business": -194000.0,
        "Impairment Of Capital Assets": 38480000.0,
        "Restructuring And Mergern Acquisition": -3459000.0,
        "Net Non Operating Interest Income Expense": -1311000.0,
        "Interest Expense Non Operating": 1660000.0,
        "Interest Income Non Operating": 349000.0,
        "Operating Income": 1688000.0,
        "Operating Expense": 124417000.0,
        "Depreciation Amortization Depletion Income Statement": 6485000.0,
        "Depreciation And Amortization In Income Statement": 6485000.0,
        "Amortization": 6485000.0,
        "Amortization Of Intangibles Income Statement": 6485000.0,
        "Research And Development": 45055000.0,
        "Selling General And Administration": 72877000.0,
        "Gross Profit": 126105000.0,
        "Cost Of Revenue": 305777000.0,
        "Total Revenue": 431882000.0,
        "Operating Revenue": 431882000.0
    },
    "2023-06-30": {
        "Tax Effect Of Unusual Items": -401220.0,
        "Tax Rate For Calcs": 0.27,
        "Normalized EBITDA": 51666000.0,
        "Total Unusual Items": -1486000.0,
        "Total Unusual Items Excluding Goodwill": -1486000.0,
        "Net Income From Continuing Operation Net Minority Interest": 24201000.0,
        "Reconciled Depreciation": 13905000.0,
        "Reconciled Cost Of Revenue": 357940000.0,
        "EBITDA": 50180000.0,
        "EBIT": 36275000.0,
        "Net Interest Income": -469000.0,
        "Interest Expense": 1977000.0,
        "Interest Income": 1508000.0,
        "Normalized Income": 25285780.0,
        "Net Income From Continuing And Discontinued Operation": 24201000.0,
        "Total Expenses": 504484000.0,
        "Total Operating Income As Reported": 35100000.0,
        "Diluted Average Shares": 45781000.0,
        "Basic Average Shares": 45435000.0,
        "Diluted EPS": 0.53,
        "Basic EPS": 0.53,
        "Diluted NI Availto Com Stockholders": 24201000.0,
        "Net Income Common Stockholders": 24201000.0,
        "Net Income": 24201000.0,
        "Minority Interests": -902000.0,
        "Net Income Including Noncontrolling Interests": 25103000.0,
        "Net Income Continuous Operations": 25103000.0,
        "Tax Provision": 9195000.0,
        "Pretax Income": 34298000.0,
        "Other Income Expense": -1819000.0,
        "Other Non Operating Income Expenses": -333000.0,
        "Special Income Charges": -1486000.0,
        "Gain On Sale Of Business": -612000.0,
        "Impairment Of Capital Assets": 0.0,
        "Restructuring And Mergern Acquisition": 874000.0,
        "Net Non Operating Interest Income Expense": -469000.0,
        "Interest Expense Non Operating": 1977000.0,
        "Interest Income Non Operating": 1508000.0,
        "Operating Income": 36586000.0,
        "Operating Expense": 137361000.0,
        "Depreciation Amortization Depletion Income Statement": 4722000.0,
        "Depreciation And Amortization In Income Statement": 4722000.0,
        "Amortization": 4722000.0,
        "Amortization Of Intangibles Income Statement": 4722000.0,
        "Research And Development": 53560000.0,
        "Selling General And Administration": 79079000.0,
        "Gross Profit": 173947000.0,
        "Cost Of Revenue": 367123000.0,
        "Total Revenue": 541070000.0,
        "Operating Revenue": 541070000.0
    },
    "2022-03-31": {
        "Diluted EPS": 0.02,
        "Total Revenue": 475,
        "Gross Profit": 135,
        "Operating Income": 7,
        "EBIT": 24,
        "Net Income": 1
    },
    "2021-12-31": {
        "Diluted EPS": -1.36,
        "Total Revenue": 486,
        "Gross Profit": 121,
        "Operating Income": -107,
        "EBIT": -87,
        "Net Income": -59
    },
    "2021-09-30": {
        "Diluted EPS": -0.04,
        "Total Revenue": 487,
        "Gross Profit": 135,
        "Operating Income": 4,
        "EBIT": 39,
        "Net Income": -2
    },
    "2021-06-30": {
        "Diluted EPS": -0.73,
        "Total Revenue": 489,
        "Gross Profit": 150,
        "Operating Income": -7,
        "EBIT": 16,
        "Net Income": -33
    },
    "2021-03-31": {
        "Diluted EPS": 0.3,
        "Total Revenue": 520,
        "Gross Profit": 167,
        "Operating Income": 31,
        "EBIT": 55,
        "Net Income": 13
    },
    "2020-12-31": {
        "Diluted EPS": 0.54,
        "Total Revenue": 525,
        "Gross Profit": 149,
        "Operating Income": 33,
        "EBIT": 59,
        "Net Income": 22
    },
    "2020-09-30": {
        "Diluted EPS": -0.63,
        "Total Revenue": 540,
        "Gross Profit": 143,
        "Operating Income": -24,
        "EBIT": 1,
        "Net Income": -25
    },
    "2020-06-30": {
        "Diluted EPS": -1.56,
        "Total Revenue": 510,
        "Gross Profit": 139,
        "Operating Income": -45,
        "EBIT": -20,
        "Net Income": -63
    },
    "2020-03-31": {
        "Diluted EPS": 0.21,
        "Total Revenue": 598,
        "Gross Profit": 172,
        "Operating Income": 26,
        "EBIT": 51,
        "Net Income": 9
    },
    "2019-12-31": {
        "Diluted EPS": 0.37,
        "Total Revenue": 628,
        "Gross Profit": 177,
        "Operating Income": 29,
        "EBIT": 60,
        "Net Income": 15
    },
    "2019-09-30": {
        "Diluted EPS": 0.42,
        "Total Revenue": 624,
        "Gross Profit": 196,
        "Operating Income": 39,
        "EBIT": 69,
        "Net Income": 17
    },
    "2019-06-30": {
        "Diluted EPS": 0.49,
        "Total Revenue": 635,
        "Gross Profit": 191,
        "Operating Income": 44,
        "EBIT": 73,
        "Net Income": 19
    },
    "2019-03-31": {
        "Diluted EPS": -0.05,
        "Total Revenue": 615,
        "Gross Profit": 187,
        "Operating Income": 21,
        "EBIT": 50,
        "Net Income": -2
    },
    "2018-12-31": {
        "Diluted EPS": 0.64,
        "Total Revenue": 587,
        "Gross Profit": 177,
        "Operating Income": 29,
        "EBIT": 60,
        "Net Income": 24
    },
    "2018-09-30": {
        "Diluted EPS": 0.5,
        "Total Revenue": 596,
        "Gross Profit": 197,
        "Operating Income": 42,
        "EBIT": 73,
        "Net Income": 20
    },
    "2018-06-30": {
        "Diluted EPS": 0.07,
        "Total Revenue": 586,
        "Gross Profit": 177,
        "Operating Income": 21,
        "EBIT": 53,
        "Net Income": 3
    },
    "2018-03-31": {
        "Diluted EPS": -3.74,
        "Total Revenue": 607,
        "Gross Profit": 180,
        "Operating Income": -140,
        "EBIT": -106,
        "Net Income": -146
    },
    "2017-12-31": {
        "Diluted EPS": 0.04,
        "Total Revenue": 551,
        "Gross Profit": 175,
        "Operating Income": 48,
        "EBIT": 66,
        "Net Income": 2
    },
    "2017-09-30": {
        "Diluted EPS": 0.65,
        "Total Revenue": 487,
        "Gross Profit": 166,
        "Operating Income": 38,
        "EBIT": 55,
        "Net Income": 26
    },
    "2017-06-30": {
        "Diluted EPS": 0.36,
        "Total Revenue": 503,
        "Gross Profit": 178,
        "Operating Income": 38,
        "EBIT": 53,
        "Net Income": 14
    },
    "2017-03-31": {
        "Diluted EPS": 0.4,
        "Total Revenue": 478,
        "Gross Profit": 158,
        "Operating Income": 31,
        "EBIT": 45,
        "Net Income": 16
    },
    "2016-12-31": {
        "Diluted EPS": 0.3,
        "Total Revenue": 496,
        "Gross Profit": 159,
        "Operating Income": 36,
        "EBIT": 53,
        "Net Income": 12
    },
    "2016-09-30": {
        "Diluted EPS": -0.26,
        "Total Revenue": 507,
        "Gross Profit": 171,
        "Operating Income": 6,
        "EBIT": 23,
        "Net Income": -10
    },
    "2016-06-30": {
        "Diluted EPS": 0.52,
        "Total Revenue": 513,
        "Gross Profit": 170,
        "Operating Income": 35,
        "EBIT": 55,
        "Net Income": 20
    },
    "2016-03-31": {
        "Diluted EPS": 0.26,
        "Total Revenue": 498,
        "Gross Profit": 163,
        "Operating Income": 24,
        "EBIT": 41,
        "Net Income": 10
    },
    "2015-12-31": {
        "Diluted EPS": 0.23,
        "Total Revenue": 496,
        "Gross Profit": 152,
        "Operating Income": 16,
        "EBIT": 35,
        "Net Income": 9
    },
    "2015-09-30": {
        "Diluted EPS": 0.33,
        "Total Revenue": 470,
        "Gross Profit": 147,
        "Operating Income": 27,
        "EBIT": 46,
        "Net Income": 13
    },
    "2015-06-30": {
        "Diluted EPS": -0.37,
        "Total Revenue": 471,
        "Gross Profit": 119,
        "Operating Income": -4,
        "EBIT": 17,
        "Net Income": -14
    },
    "2015-03-31": {
        "Diluted EPS": 0.14,
        "Total Revenue": 447,
        "Gross Profit": 138,
        "Operating Income": 13,
        "EBIT": 33,
        "Net Income": 5
    },
    "2014-12-31": {
        "Diluted EPS": -1.27,
        "Total Revenue": 487,
        "Gross Profit": 146,
        "Operating Income": -52,
        "EBIT": -30,
        "Net Income": -50
    },
    "2014-09-30": {
        "Diluted EPS": 0.19,
        "Total Revenue": 496,
        "Gross Profit": 151,
        "Operating Income": 16,
        "EBIT": 41,
        "Net Income": 7
    },
    "2014-06-30": {
        "Diluted EPS": 0.49,
        "Total Revenue": 489,
        "Gross Profit": 163,
        "Operating Income": 32,
        "EBIT": 57,
        "Net Income": 19
    },
    "2014-03-31": {
        "Diluted EPS": -0.01,
        "Total Revenue": 475,
        "Gross Profit": 155,
        "Operating Income": 5,
        "EBIT": 32,
        "Net Income": 0
    },
    "2013-12-31": {
        "Diluted EPS": -4.08,
        "Total Revenue": 513,
        "Gross Profit": 165,
        "Operating Income": -154,
        "EBIT": 46,
        "Net Income": -161
    },
    "2013-09-30": {
        "Diluted EPS": -0.19,
        "Total Revenue": 495,
        "Gross Profit": 150,
        "Operating Income": -6,
        "EBIT": 19,
        "Net Income": -7
    },
    "2013-06-30": {
        "Diluted EPS": 0.31,
        "Total Revenue": 482,
        "Gross Profit": 160,
        "Operating Income": 18,
        "EBIT": 43,
        "Net Income": 12
    },
    "2013-03-31": {
        "Diluted EPS": 0.06,
        "Total Revenue": 448,
        "Gross Profit": 140,
        "Operating Income": 2,
        "EBIT": 28,
        "Net Income": 3
    },
    "2012-12-31": {
        "Diluted EPS": 0.4,
        "Total Revenue": 523,
        "Gross Profit": 164,
        "Operating Income": 19,
        "EBIT": 48,
        "Net Income": 16
    },
    "2012-09-30": {
        "Diluted EPS": 0.89,
        "Total Revenue": 504,
        "Gross Profit": 172,
        "Operating Income": 46,
        "EBIT": 74,
        "Net Income": 35
    },
    "2012-06-30": {
        "Diluted EPS": 0.79,
        "Total Revenue": 579,
        "Gross Profit": 197,
        "Operating Income": 46,
        "EBIT": 74,
        "Net Income": 32
    },
    "2012-03-31": {
        "Diluted EPS": 0.63,
        "Total Revenue": 572,
        "Gross Profit": 183,
        "Operating Income": 40,
        "EBIT": 67,
        "Net Income": 25
    },
    "2011-12-31": {
        "Diluted EPS": -1.36,
        "Total Revenue": 642,
        "Gross Profit": 193,
        "Operating Income": -60,
        "EBIT": 17,
        "Net Income": -55
    },
    "2011-09-30": {
        "Diluted EPS": -12.7,
        "Total Revenue": 616,
        "Gross Profit": 177,
        "Operating Income": -497,
        "EBIT": 79,
        "Net Income": -517
    },
    "2011-06-30": {
        "Diluted EPS": 0.84,
        "Total Revenue": 612,
        "Gross Profit": 192,
        "Operating Income": 48,
        "EBIT": 85,
        "Net Income": 34
    },
    "2011-03-31": {
        "Diluted EPS": 0.66,
        "Total Revenue": 564,
        "Gross Profit": 185,
        "Operating Income": 50,
        "EBIT": 86,
        "Net Income": 27
    },
    "2010-12-31": {
        "Diluted EPS": 0.65,
        "Total Revenue": 621,
        "Gross Profit": 188,
        "Operating Income": 44,
        "EBIT": 82,
        "Net Income": 27
    },
    "2010-09-30": {
        "Diluted EPS": 0.68,
        "Total Revenue": 574,
        "Gross Profit": 182,
        "Operating Income": 59,
        "EBIT": 95,
        "Net Income": 28
    },
    "2010-06-30": {
        "Diluted EPS": 0.61,
        "Total Revenue": 567,
        "Gross Profit": 174,
        "Operating Income": 50,
        "EBIT": 86,
        "Net Income": 25
    },
    "2010-03-31": {
        "Diluted EPS": 0.62,
        "Total Revenue": 498,
        "Gross Profit": 157,
        "Operating Income": 32,
        "EBIT": 69,
        "Net Income": 25
    },
    "2009-12-31": {
        "Diluted EPS": 0.16,
        "Total Revenue": 477,
        "Gross Profit": 145,
        "Operating Income": 15,
        "EBIT": 62,
        "Net Income": 5
    },
    "2009-09-30": {
        "Diluted EPS": -0.07,
        "Total Revenue": 408,
        "Gross Profit": 129,
        "Operating Income": 9,
        "EBIT": 55,
        "Net Income": -3
    },
    "2009-06-30": {
        "Diluted EPS": 0.4,
        "Total Revenue": 414,
        "Gross Profit": 133,
        "Operating Income": 12,
        "EBIT": 53,
        "Net Income": 15
    },
    "2009-03-31": {
        "Diluted EPS": -0.55,
        "Total Revenue": 389,
        "Gross Profit": 130,
        "Operating Income": 9,
        "EBIT": 50,
        "Net Income": -20
    },
    "2023-09-30": {
        "Tax Effect Of Unusual Items": 159600.0,
        "Tax Rate For Calcs": 0.28,
        "Normalized EBITDA": 71253000.0,
        "Total Unusual Items": 570000.0,
        "Total Unusual Items Excluding Goodwill": 570000.0,
        "Net Income From Continuing Operation Net Minority Interest": 40172000.0,
        "Reconciled Depreciation": 13645000.0,
        "Reconciled Cost Of Revenue": 364587000.0,
        "EBITDA": 71823000.0,
        "EBIT": 58178000.0,
        "Net Interest Income": 197000.0,
        "Interest Expense": 2445000.0,
        "Interest Income": 2642000.0,
        "Normalized Income": 39761600.0,
        "Net Income From Continuing And Discontinued Operation": 40172000.0,
        "Total Expenses": 506452000.0,
        "Total Operating Income As Reported": 54890000.0,
        "Diluted Average Shares": 45950000.0,
        "Basic Average Shares": 45462000.0,
        "Diluted EPS": 0.87,
        "Basic EPS": 0.88,
        "Diluted NI Availto Com Stockholders": 40172000.0,
        "Net Income Common Stockholders": 40172000.0,
        "Net Income": 40172000.0,
        "Minority Interests": -173000.0,
        "Net Income Including Noncontrolling Interests": 40345000.0,
        "Net Income Continuous Operations": 40345000.0,
        "Tax Provision": 15388000.0,
        "Pretax Income": 55733000.0,
        "Other Income Expense": 1216000.0,
        "Other Non Operating Income Expenses": 646000.0,
        "Special Income Charges": 570000.0,
        "Gain On Sale Of Business": -45000.0,
        "Impairment Of Capital Assets": 0.0,
        "Restructuring And Mergern Acquisition": -615000.0,
        "Net Non Operating Interest Income Expense": 197000.0,
        "Interest Expense Non Operating": 2445000.0,
        "Interest Income Non Operating": 2642000.0,
        "Operating Income": 54320000.0,
        "Operating Expense": 132883000.0,
        "Depreciation Amortization Depletion Income Statement": 4663000.0,
        "Depreciation And Amortization In Income Statement": 4663000.0,
        "Amortization": 4663000.0,
        "Amortization Of Intangibles Income Statement": 4663000.0,
        "Research And Development": 51644000.0,
        "Selling General And Administration": 76576000.0,
        "Gross Profit": 187203000.0,
        "Cost Of Revenue": 373569000.0,
        "Total Revenue": 560772000.0,
        "Operating Revenue": 560772000.0
    },
    "2023-12-31": {
        "Tax Effect Of Unusual Items": -655042.557923,
        "Tax Rate For Calcs": 0.092091,
        "Normalized EBITDA": 72195000.0,
        "Total Unusual Items": -7113000.0,
        "Total Unusual Items Excluding Goodwill": -7113000.0,
        "Net Income From Continuing Operation Net Minority Interest": 44386000.0,
        "Reconciled Depreciation": 13750000.0,
        "Reconciled Cost Of Revenue": 371518000.0,
        "EBITDA": 65082000.0,
        "EBIT": 51332000.0,
        "Net Interest Income": 1476000.0,
        "Interest Expense": 1870000.0,
        "Interest Income": 3346000.0,
        "Normalized Income": 50843957.442077,
        "Net Income From Continuing And Discontinued Operation": 44386000.0,
        "Total Expenses": 520790000.0,
        "Total Operating Income As Reported": 49270000.0,
        "Diluted Average Shares": 46039000.0,
        "Basic Average Shares": 45501000.0,
        "Diluted EPS": 0.96,
        "Basic EPS": 0.98,
        "Diluted NI Availto Com Stockholders": 44386000.0,
        "Net Income Common Stockholders": 44386000.0,
        "Net Income": 44386000.0,
        "Minority Interests": -521000.0,
        "Net Income Including Noncontrolling Interests": 44907000.0,
        "Net Income Continuous Operations": 44907000.0,
        "Tax Provision": 4555000.0,
        "Pretax Income": 49462000.0,
        "Other Income Expense": -8397000.0,
        "Other Non Operating Income Expenses": -1284000.0,
        "Special Income Charges": -7113000.0,
        "Gain On Sale Of Business": 8000.0,
        "Impairment Of Capital Assets": 0.0,
        "Restructuring And Mergern Acquisition": 7121000.0,
        "Net Non Operating Interest Income Expense": 1476000.0,
        "Interest Expense Non Operating": 1870000.0,
        "Interest Income Non Operating": 3346000.0,
        "Operating Income": 56383000.0,
        "Operating Expense": 140007000.0,
        "Depreciation Amortization Depletion Income Statement": 4485000.0,
        "Depreciation And Amortization In Income Statement": 4485000.0,
        "Amortization": 4485000.0,
        "Amortization Of Intangibles Income Statement": 4485000.0,
        "Research And Development": 53919000.0,
        "Selling General And Administration": 81603000.0,
        "Gross Profit": 196390000.0,
        "Cost Of Revenue": 380783000.0,
        "Total Revenue": 577173000.0,
        "Operating Revenue": 577173000.0
    },
    "2024-03-31": {
        "Tax Effect Of Unusual Items": -46410.0,
        "Tax Rate For Calcs": 0.21,
        "Normalized EBITDA": 80074000.0,
        "Total Unusual Items": -221000.0,
        "Total Unusual Items Excluding Goodwill": -221000.0,
        "Net Income From Continuing Operation Net Minority Interest": 51721000.0,
        "Reconciled Depreciation": 12744000.0,
        "Reconciled Cost Of Revenue": 389305000.0,
        "EBITDA": 79853000.0,
        "EBIT": 67109000.0,
        "Net Interest Income": 1953000.0,
        "Interest Expense": 1893000.0,
        "Interest Income": 3846000.0,
        "Normalized Income": 51895590.0,
        "Net Income From Continuing And Discontinued Operation": 51721000.0,
        "Total Expenses": 540421000.0,
        "Total Operating Income As Reported": 62800000.0,
        "Diluted Average Shares": 46357000.0,
        "Basic Average Shares": 45652000.0,
        "Diluted EPS": 1.12,
        "Basic EPS": 1.13,
        "Diluted NI Availto Com Stockholders": 51721000.0,
        "Net Income Common Stockholders": 51721000.0,
        "Net Income": 51721000.0,
        "Minority Interests": -66000.0,
        "Net Income Including Noncontrolling Interests": 51787000.0,
        "Net Income Continuous Operations": 51787000.0,
        "Tax Provision": 13429000.0,
        "Pretax Income": 65216000.0,
        "Other Income Expense": 242000.0,
        "Other Non Operating Income Expenses": 463000.0,
        "Special Income Charges": -221000.0,
        "Gain On Sale Of Business": -23000.0,
        "Impairment Of Capital Assets": NaN,
        "Restructuring And Mergern Acquisition": 198000.0,
        "Net Non Operating Interest Income Expense": 1953000.0,
        "Interest Expense Non Operating": 1893000.0,
        "Interest Income Non Operating": 3846000.0,
        "Operating Income": 63021000.0,
        "Operating Expense": 142358000.0,
        "Depreciation Amortization Depletion Income Statement": 3986000.0,
        "Depreciation And Amortization In Income Statement": 3986000.0,
        "Amortization": 3986000.0,
        "Amortization Of Intangibles Income Statement": 3986000.0,
        "Research And Development": 52401000.0,
        "Selling General And Administration": 85971000.0,
        "Gross Profit": 205379000.0,
        "Cost Of Revenue": 398063000.0,
        "Total Revenue": 603442000.0,
        "Operating Revenue": 603442000.0
    }
}