{
    "2023-03-31": {
        "Tax Effect Of Unusual Items": 0.0,
        "Tax Rate For Calcs": 0.217245,
        "Normalized EBITDA": 20838000.0,
        "Net Income From Continuing Operation Net Minority Interest": 11355000.0,
        "Reconciled Depreciation": 4905000.0,
        "Reconciled Cost Of Revenue": 42783000.0,
        "EBITDA": 20838000.0,
        "EBIT": 15933000.0,
        "Net Interest Income": -195000.0,
        "Interest Expense": 195000.0,
        "Normalized Income": 11355000.0,
        "Net Income From Continuing And Discontinued Operation": 11355000.0,
        "Total Expenses": 63560000.0,
        "Total Operating Income As Reported": 15912000.0,
        "Diluted Average Shares": 20314000.0,
        "Basic Average Shares": 20314000.0,
        "Diluted EPS": 0.56,
        "Basic EPS": 0.56,
        "Diluted NI Availto Com Stockholders": 11355000.0,
        "Net Income Common Stockholders": 11355000.0,
        "Net Income": 11355000.0,
        "Minority Interests": -598000.0,
        "Net Income Including Noncontrolling Interests": 11953000.0,
        "Net Income Continuous Operations": 11953000.0,
        "Earnings From Equity Interest Net Of Tax": -366000.0,
        "Tax Provision": 3419000.0,
        "Pretax Income": 15738000.0,
        "Other Income Expense": 21000.0,
        "Other Non Operating Income Expenses": 21000.0,
        "Net Non Operating Interest Income Expense": -195000.0,
        "Total Other Finance Cost": NaN,
        "Interest Expense Non Operating": 195000.0,
        "Operating Income": 15912000.0,
        "Operating Expense": 20777000.0,
        "Other Operating Expenses": 43000.0,
        "Research And Development": 4138000.0,
        "Selling General And Administration": 16596000.0,
        "Selling And Marketing Expense": 3323000.0,
        "General And Administrative Expense": 13273000.0,
        "Other Gand A": 13273000.0,
        "Gross Profit": 36689000.0,
        "Cost Of Revenue": 42783000.0,
        "Total Revenue": 79472000.0,
        "Operating Revenue": 79472000.0
    },
    "2022-12-31": {
        "Tax Effect Of Unusual Items": 0.0,
        "Tax Rate For Calcs": 0.267414,
        "Normalized EBITDA": 17200000.0,
        "Net Income From Continuing Operation Net Minority Interest": 9572000.0,
        "Reconciled Depreciation": 5263000.0,
        "Reconciled Cost Of Revenue": 39095000.0,
        "EBITDA": 17200000.0,
        "EBIT": 11937000.0,
        "Net Interest Income": 3070000.0,
        "Interest Expense": -2075000.0,
        "Normalized Income": 9572000.0,
        "Net Income From Continuing And Discontinued Operation": 9572000.0,
        "Total Expenses": 59701000.0,
        "Total Operating Income As Reported": 15304000.0,
        "Diluted Average Shares": 20242000.0,
        "Basic Average Shares": 20242000.0,
        "Diluted EPS": 0.47,
        "Basic EPS": 0.47,
        "Diluted NI Availto Com Stockholders": 9572000.0,
        "Net Income Common Stockholders": 9572000.0,
        "Net Income": 9572000.0,
        "Minority Interests": -520000.0,
        "Net Income Including Noncontrolling Interests": 10092000.0,
        "Net Income Continuous Operations": 10092000.0,
        "Earnings From Equity Interest Net Of Tax": -173000.0,
        "Tax Provision": 3747000.0,
        "Pretax Income": 14012000.0,
        "Other Income Expense": NaN,
        "Other Non Operating Income Expenses": NaN,
        "Net Non Operating Interest Income Expense": 3070000.0,
        "Total Other Finance Cost": NaN,
        "Interest Expense Non Operating": -2075000.0,
        "Operating Income": 15247000.0,
        "Operating Expense": 20606000.0,
        "Other Operating Expenses": NaN,
        "Research And Development": 4616000.0,
        "Selling General And Administration": 15876000.0,
        "Selling And Marketing Expense": 3302000.0,
        "General And Administrative Expense": 12574000.0,
        "Other Gand A": 12574000.0,
        "Gross Profit": 35853000.0,
        "Cost Of Revenue": 39095000.0,
        "Total Revenue": 74948000.0,
        "Operating Revenue": 74948000.0
    },
    "2022-09-30": {
        "Tax Effect Of Unusual Items": NaN,
        "Tax Rate For Calcs": NaN,
        "Normalized EBITDA": NaN,
        "Net Income From Continuing Operation Net Minority Interest": NaN,
        "Reconciled Depreciation": NaN,
        "Reconciled Cost Of Revenue": NaN,
        "EBITDA": NaN,
        "EBIT": NaN,
        "Net Interest Income": NaN,
        "Interest Expense": 714000.0,
        "Normalized Income": NaN,
        "Net Income From Continuing And Discontinued Operation": NaN,
        "Total Expenses": NaN,
        "Total Operating Income As Reported": NaN,
        "Diluted Average Shares": NaN,
        "Basic Average Shares": NaN,
        "Diluted EPS": NaN,
        "Basic EPS": NaN,
        "Diluted NI Availto Com Stockholders": NaN,
        "Net Income Common Stockholders": NaN,
        "Net Income": NaN,
        "Minority Interests": NaN,
        "Net Income Including Noncontrolling Interests": NaN,
        "Net Income Continuous Operations": NaN,
        "Earnings From Equity Interest Net Of Tax": NaN,
        "Tax Provision": NaN,
        "Pretax Income": NaN,
        "Other Income Expense": NaN,
        "Other Non Operating Income Expenses": NaN,
        "Net Non Operating Interest Income Expense": NaN,
        "Total Other Finance Cost": 714000.0,
        "Interest Expense Non Operating": 714000.0,
        "Operating Income": NaN,
        "Operating Expense": NaN,
        "Other Operating Expenses": -31000.0,
        "Research And Development": NaN,
        "Selling General And Administration": NaN,
        "Selling And Marketing Expense": NaN,
        "General And Administrative Expense": NaN,
        "Other Gand A": NaN,
        "Gross Profit": NaN,
        "Cost Of Revenue": NaN,
        "Total Revenue": NaN,
        "Operating Revenue": NaN
    },
    "2022-06-30": {
        "Tax Effect Of Unusual Items": 0.0,
        "Tax Rate For Calcs": 0.264391,
        "Normalized EBITDA": 19423000.0,
        "Net Income From Continuing Operation Net Minority Interest": 8738000.0,
        "Reconciled Depreciation": 4986000.0,
        "Reconciled Cost Of Revenue": 39557000.0,
        "EBITDA": 19423000.0,
        "EBIT": 14437000.0,
        "Net Interest Income": -1373000.0,
        "Interest Expense": 1373000.0,
        "Normalized Income": 8738000.0,
        "Net Income From Continuing And Discontinued Operation": 8738000.0,
        "Total Expenses": 58951000.0,
        "Total Operating Income As Reported": 14437000.0,
        "Diluted Average Shares": 20460000.0,
        "Basic Average Shares": 20460000.0,
        "Diluted EPS": 0.43,
        "Basic EPS": 0.43,
        "Diluted NI Availto Com Stockholders": 8738000.0,
        "Net Income Common Stockholders": 8738000.0,
        "Net Income": 8738000.0,
        "Minority Interests": -794000.0,
        "Net Income Including Noncontrolling Interests": 9532000.0,
        "Net Income Continuous Operations": 9532000.0,
        "Earnings From Equity Interest Net Of Tax": -78000.0,
        "Tax Provision": 3454000.0,
        "Pretax Income": 13064000.0,
        "Other Income Expense": NaN,
        "Other Non Operating Income Expenses": NaN,
        "Net Non Operating Interest Income Expense": -1373000.0,
        "Total Other Finance Cost": NaN,
        "Interest Expense Non Operating": 1373000.0,
        "Operating Income": 14437000.0,
        "Operating Expense": 19394000.0,
        "Other Operating Expenses": -39000.0,
        "Research And Development": 3991000.0,
        "Selling General And Administration": 15442000.0,
        "Selling And Marketing Expense": 3456000.0,
        "General And Administrative Expense": 11986000.0,
        "Other Gand A": 11986000.0,
        "Gross Profit": 33831000.0,
        "Cost Of Revenue": 39557000.0,
        "Total Revenue": 73388000.0,
        "Operating Revenue": 73388000.0
    },
    "2022-03-31": {
        "Diluted EPS": 0.43,
        "Total Revenue": 72,
        "Gross Profit": 33,
        "Operating Income": 14,
        "EBIT": 19,
        "Net Income": 9
    },
    "2021-12-31": {
        "Diluted EPS": 0.46,
        "Total Revenue": 70,
        "Gross Profit": 34,
        "Operating Income": 14,
        "EBIT": 19,
        "Net Income": 10
    },
    "2021-09-30": {
        "Diluted EPS": 0.35,
        "Total Revenue": 66,
        "Gross Profit": 32,
        "Operating Income": 14,
        "EBIT": 18,
        "Net Income": 7
    },
    "2021-06-30": {
        "Diluted EPS": 0.44,
        "Total Revenue": 67,
        "Gross Profit": 31,
        "Operating Income": 14,
        "EBIT": 18,
        "Net Income": 9
    },
    "2021-03-31": {
        "Diluted EPS": 0.4,
        "Total Revenue": 67,
        "Gross Profit": 31,
        "Operating Income": 13,
        "EBIT": 17,
        "Net Income": 8
    },
    "2020-12-31": {
        "Diluted EPS": 0.31,
        "Total Revenue": 64,
        "Gross Profit": 30,
        "Operating Income": 12,
        "EBIT": 17,
        "Net Income": 7
    },
    "2020-09-30": {
        "Diluted EPS": 0.45,
        "Total Revenue": 60,
        "Gross Profit": 27,
        "Operating Income": 11,
        "EBIT": 15,
        "Net Income": 9
    },
    "2020-06-30": {
        "Diluted EPS": -0.3,
        "Total Revenue": 53,
        "Gross Profit": 28,
        "Operating Income": -5,
        "EBIT": 0,
        "Net Income": -6
    },
    "2020-03-31": {
        "Diluted EPS": 0.31,
        "Total Revenue": 68,
        "Gross Profit": 31,
        "Operating Income": 10,
        "EBIT": 15,
        "Net Income": 6
    },
    "2019-12-31": {
        "Diluted EPS": -0.72,
        "Total Revenue": 65,
        "Gross Profit": 30,
        "Operating Income": -16,
        "EBIT": -11,
        "Net Income": -15
    },
    "2019-09-30": {
        "Diluted EPS": 0.3,
        "Total Revenue": 69,
        "Gross Profit": 32,
        "Operating Income": 12,
        "EBIT": 18,
        "Net Income": 6
    },
    "2019-06-30": {
        "Diluted EPS": 0.37,
        "Total Revenue": 71,
        "Gross Profit": 34,
        "Operating Income": 14,
        "EBIT": 19,
        "Net Income": 8
    },
    "2019-03-31": {
        "Diluted EPS": 0.38,
        "Total Revenue": 74,
        "Gross Profit": 35,
        "Operating Income": 14,
        "EBIT": 20,
        "Net Income": 8
    },
    "2018-12-31": {
        "Diluted EPS": 0.53,
        "Total Revenue": 79,
        "Gross Profit": 38,
        "Operating Income": 18,
        "EBIT": 23,
        "Net Income": 11
    },
    "2018-09-30": {
        "Diluted EPS": 1.24,
        "Total Revenue": 53,
        "Gross Profit": 29,
        "Operating Income": 14,
        "EBIT": 21,
        "Net Income": 26
    },
    "2018-06-30": {
        "Diluted EPS": 0.57,
        "Total Revenue": 58,
        "Gross Profit": 29,
        "Operating Income": 15,
        "EBIT": 14,
        "Net Income": 12
    },
    "2018-03-31": {
        "Diluted EPS": 0.54,
        "Total Revenue": 63,
        "Gross Profit": 31,
        "Operating Income": 16,
        "EBIT": 19,
        "Net Income": 11
    },
    "2017-12-31": {
        "Diluted EPS": 0.47,
        "Total Revenue": 61,
        "Gross Profit": 31,
        "Operating Income": 15,
        "EBIT": 18,
        "Net Income": 10
    },
    "2017-09-30": {
        "Diluted EPS": 0.5,
        "Total Revenue": 61,
        "Gross Profit": 31,
        "Operating Income": 14,
        "EBIT": 17,
        "Net Income": 11
    },
    "2017-06-30": {
        "Diluted EPS": 0.5,
        "Total Revenue": 57,
        "Gross Profit": 30,
        "Operating Income": 14,
        "EBIT": 17,
        "Net Income": 10
    },
    "2017-03-31": {
        "Diluted EPS": 0.62,
        "Total Revenue": 56,
        "Gross Profit": 28,
        "Operating Income": 14,
        "EBIT": 17,
        "Net Income": 13
    },
    "2016-12-31": {
        "Diluted EPS": 0.44,
        "Total Revenue": 50,
        "Gross Profit": 26,
        "Operating Income": 13,
        "EBIT": 16,
        "Net Income": 9
    },
    "2016-09-30": {
        "Diluted EPS": 0.39,
        "Total Revenue": 53,
        "Gross Profit": 26,
        "Operating Income": 12,
        "EBIT": 15,
        "Net Income": 8
    },
    "2016-06-30": {
        "Diluted EPS": 0.36,
        "Total Revenue": 49,
        "Gross Profit": 25,
        "Operating Income": 12,
        "EBIT": 15,
        "Net Income": 8
    },
    "2016-03-31": {
        "Diluted EPS": 0.34,
        "Total Revenue": 47,
        "Gross Profit": 24,
        "Operating Income": 12,
        "EBIT": 14,
        "Net Income": 7
    },
    "2015-12-31": {
        "Diluted EPS": 0.29,
        "Total Revenue": 44,
        "Gross Profit": 22,
        "Operating Income": 10,
        "EBIT": 14,
        "Net Income": 6
    },
    "2015-09-30": {
        "Diluted EPS": 0.29,
        "Total Revenue": 44,
        "Gross Profit": 22,
        "Operating Income": 10,
        "EBIT": 13,
        "Net Income": 6
    },
    "2015-06-30": {
        "Diluted EPS": 0.28,
        "Total Revenue": 44,
        "Gross Profit": 22,
        "Operating Income": 10,
        "EBIT": 13,
        "Net Income": 6
    },
    "2015-03-31": {
        "Diluted EPS": 0.33,
        "Total Revenue": 44,
        "Gross Profit": 23,
        "Operating Income": 11,
        "EBIT": 13,
        "Net Income": 7
    },
    "2014-12-31": {
        "Diluted EPS": 0.33,
        "Total Revenue": 44,
        "Gross Profit": 24,
        "Operating Income": 10,
        "EBIT": 14,
        "Net Income": 7
    },
    "2014-09-30": {
        "Diluted EPS": 0.41,
        "Total Revenue": 46,
        "Gross Profit": 25,
        "Operating Income": 12,
        "EBIT": 15,
        "Net Income": 9
    },
    "2014-06-30": {
        "Diluted EPS": 0.35,
        "Total Revenue": 47,
        "Gross Profit": 25,
        "Operating Income": 12,
        "EBIT": 15,
        "Net Income": 7
    },
    "2014-03-31": {
        "Diluted EPS": 0.35,
        "Total Revenue": 45,
        "Gross Profit": 24,
        "Operating Income": 12,
        "EBIT": 14,
        "Net Income": 7
    },
    "2013-12-31": {
        "Diluted EPS": 0.19,
        "Total Revenue": 44,
        "Gross Profit": 24,
        "Operating Income": 8,
        "EBIT": 14,
        "Net Income": 4
    },
    "2013-09-30": {
        "Diluted EPS": 0.33,
        "Total Revenue": 42,
        "Gross Profit": 22,
        "Operating Income": 11,
        "EBIT": 14,
        "Net Income": 7
    },
    "2013-06-30": {
        "Diluted EPS": 0.32,
        "Total Revenue": 43,
        "Gross Profit": 22,
        "Operating Income": 10,
        "EBIT": 14,
        "Net Income": 7
    },
    "2013-03-31": {
        "Diluted EPS": 0.29,
        "Total Revenue": 41,
        "Gross Profit": 21,
        "Operating Income": 9,
        "EBIT": 12,
        "Net Income": 6
    },
    "2012-12-31": {
        "Diluted EPS": 0.21,
        "Total Revenue": 38,
        "Gross Profit": 19,
        "Operating Income": 8,
        "EBIT": 12,
        "Net Income": 4
    },
    "2012-09-30": {
        "Diluted EPS": 0.25,
        "Total Revenue": 37,
        "Gross Profit": 19,
        "Operating Income": 7,
        "EBIT": 11,
        "Net Income": 5
    },
    "2012-06-30": {
        "Diluted EPS": 0.48,
        "Total Revenue": 38,
        "Gross Profit": 18,
        "Operating Income": 7,
        "EBIT": 11,
        "Net Income": 10
    },
    "2012-03-31": {
        "Diluted EPS": 0.24,
        "Total Revenue": 38,
        "Gross Profit": 18,
        "Operating Income": 7,
        "EBIT": 11,
        "Net Income": 5
    },
    "2011-12-31": {
        "Diluted EPS": 0.29,
        "Total Revenue": 37,
        "Gross Profit": 19,
        "Operating Income": 8,
        "EBIT": 12,
        "Net Income": 6
    },
    "2011-09-30": {
        "Diluted EPS": 0.32,
        "Total Revenue": 42,
        "Gross Profit": 21,
        "Operating Income": 9,
        "EBIT": 14,
        "Net Income": 7
    },
    "2011-06-30": {
        "Diluted EPS": 0.31,
        "Total Revenue": 41,
        "Gross Profit": 20,
        "Operating Income": 9,
        "EBIT": 13,
        "Net Income": 7
    },
    "2011-03-31": {
        "Diluted EPS": 0.31,
        "Total Revenue": 40,
        "Gross Profit": 20,
        "Operating Income": 9,
        "EBIT": 13,
        "Net Income": 6
    },
    "2010-12-31": {
        "Diluted EPS": 0.28,
        "Total Revenue": 41,
        "Gross Profit": 20,
        "Operating Income": 8,
        "EBIT": 13,
        "Net Income": 6
    },
    "2010-09-30": {
        "Diluted EPS": 0.27,
        "Total Revenue": 37,
        "Gross Profit": 18,
        "Operating Income": 8,
        "EBIT": 12,
        "Net Income": 6
    },
    "2010-06-30": {
        "Diluted EPS": 0.23,
        "Total Revenue": 35,
        "Gross Profit": 17,
        "Operating Income": 7,
        "EBIT": 11,
        "Net Income": 5
    },
    "2010-03-31": {
        "Diluted EPS": 0.23,
        "Total Revenue": 35,
        "Gross Profit": 17,
        "Operating Income": 7,
        "EBIT": 11,
        "Net Income": 5
    },
    "2009-12-31": {
        "Diluted EPS": 0.26,
        "Total Revenue": 34,
        "Gross Profit": 18,
        "Operating Income": 7,
        "EBIT": 11,
        "Net Income": 6
    },
    "2009-09-30": {
        "Diluted EPS": 0.22,
        "Total Revenue": 32,
        "Gross Profit": 15,
        "Operating Income": 6,
        "EBIT": 10,
        "Net Income": 5
    },
    "2009-06-30": {
        "Diluted EPS": 0.12,
        "Total Revenue": 28,
        "Gross Profit": 14,
        "Operating Income": 6,
        "EBIT": 9,
        "Net Income": 2
    },
    "2009-03-31": {
        "Diluted EPS": 0.27,
        "Total Revenue": 27,
        "Gross Profit": 13,
        "Operating Income": 5,
        "EBIT": 8,
        "Net Income": 6
    },
    "2023-06-30": {
        "Tax Effect Of Unusual Items": 0.0,
        "Tax Rate For Calcs": 0.223984,
        "Normalized EBITDA": 21791000.0,
        "Net Income From Continuing Operation Net Minority Interest": 12249000.0,
        "Reconciled Depreciation": 5146000.0,
        "Reconciled Cost Of Revenue": 42983000.0,
        "EBITDA": 21791000.0,
        "EBIT": 16645000.0,
        "Net Interest Income": 349000.0,
        "Interest Expense": NaN,
        "Normalized Income": 12249000.0,
        "Net Income From Continuing And Discontinued Operation": 12249000.0,
        "Total Expenses": 65000000.0,
        "Total Operating Income As Reported": 16645000.0,
        "Diluted Average Shares": 20118000.0,
        "Basic Average Shares": 20118000.0,
        "Diluted EPS": 0.61,
        "Basic EPS": 0.61,
        "Diluted NI Availto Com Stockholders": 12249000.0,
        "Net Income Common Stockholders": 12249000.0,
        "Net Income": 12249000.0,
        "Minority Interests": -659000.0,
        "Net Income Including Noncontrolling Interests": 12908000.0,
        "Net Income Continuous Operations": 12908000.0,
        "Earnings From Equity Interest Net Of Tax": -261000.0,
        "Tax Provision": 3801000.0,
        "Pretax Income": 16970000.0,
        "Other Income Expense": -24000.0,
        "Other Non Operating Income Expenses": -24000.0,
        "Net Non Operating Interest Income Expense": 349000.0,
        "Total Other Finance Cost": -349000.0,
        "Interest Expense Non Operating": NaN,
        "Operating Income": 16645000.0,
        "Operating Expense": 22017000.0,
        "Other Operating Expenses": 75000.0,
        "Research And Development": 4216000.0,
        "Selling General And Administration": 17726000.0,
        "Selling And Marketing Expense": 3283000.0,
        "General And Administrative Expense": 14443000.0,
        "Other Gand A": 14443000.0,
        "Gross Profit": 38662000.0,
        "Cost Of Revenue": 42983000.0,
        "Total Revenue": 81645000.0,
        "Operating Revenue": 81645000.0
    },
    "2023-09-30": {
        "Tax Effect Of Unusual Items": 0.0,
        "Tax Rate For Calcs": 0.213836,
        "Normalized EBITDA": 22503000.0,
        "Net Income From Continuing Operation Net Minority Interest": 12514000.0,
        "Reconciled Depreciation": 5610000.0,
        "Reconciled Cost Of Revenue": 41643000.0,
        "EBITDA": 22503000.0,
        "EBIT": 16893000.0,
        "Net Interest Income": -53000.0,
        "Interest Expense": NaN,
        "Normalized Income": 12514000.0,
        "Net Income From Continuing And Discontinued Operation": 12514000.0,
        "Total Expenses": 64160000.0,
        "Total Operating Income As Reported": 16893000.0,
        "Diluted Average Shares": 19912000.0,
        "Basic Average Shares": 19912000.0,
        "Diluted EPS": 0.63,
        "Basic EPS": 0.63,
        "Diluted NI Availto Com Stockholders": 12514000.0,
        "Net Income Common Stockholders": 12514000.0,
        "Net Income": 12514000.0,
        "Minority Interests": -530000.0,
        "Net Income Including Noncontrolling Interests": 13044000.0,
        "Net Income Continuous Operations": 13044000.0,
        "Earnings From Equity Interest Net Of Tax": -195000.0,
        "Tax Provision": 3601000.0,
        "Pretax Income": 16840000.0,
        "Other Income Expense": NaN,
        "Other Non Operating Income Expenses": NaN,
        "Net Non Operating Interest Income Expense": -53000.0,
        "Total Other Finance Cost": 53000.0,
        "Interest Expense Non Operating": NaN,
        "Operating Income": 16893000.0,
        "Operating Expense": 22517000.0,
        "Other Operating Expenses": 9000.0,
        "Research And Development": 4392000.0,
        "Selling General And Administration": 18116000.0,
        "Selling And Marketing Expense": 3502000.0,
        "General And Administrative Expense": 14614000.0,
        "Other Gand A": 14614000.0,
        "Gross Profit": 39410000.0,
        "Cost Of Revenue": 41643000.0,
        "Total Revenue": 81053000.0,
        "Operating Revenue": 81053000.0
    },
    "2023-12-31": {
        "Tax Effect Of Unusual Items": 0.0,
        "Tax Rate For Calcs": 0.170559,
        "Normalized EBITDA": 22258000.0,
        "Net Income From Continuing Operation Net Minority Interest": 12019000.0,
        "Reconciled Depreciation": 5407000.0,
        "Reconciled Cost Of Revenue": 39408000.0,
        "EBITDA": 22258000.0,
        "EBIT": 16851000.0,
        "Net Interest Income": -348000.0,
        "Interest Expense": NaN,
        "Normalized Income": 12019000.0,
        "Net Income From Continuing And Discontinued Operation": 12019000.0,
        "Total Expenses": 60936000.0,
        "Total Operating Income As Reported": 16505000.0,
        "Diluted Average Shares": 19959000.0,
        "Basic Average Shares": 19959000.0,
        "Diluted EPS": 0.6,
        "Basic EPS": 0.6,
        "Diluted NI Availto Com Stockholders": 12019000.0,
        "Net Income Common Stockholders": 12019000.0,
        "Net Income": 12019000.0,
        "Minority Interests": -420000.0,
        "Net Income Including Noncontrolling Interests": 12439000.0,
        "Net Income Continuous Operations": 12439000.0,
        "Earnings From Equity Interest Net Of Tax": 116000.0,
        "Tax Provision": 2534000.0,
        "Pretax Income": 14857000.0,
        "Other Income Expense": -1667000.0,
        "Other Non Operating Income Expenses": 63000.0,
        "Net Non Operating Interest Income Expense": -348000.0,
        "Total Other Finance Cost": NaN,
        "Interest Expense Non Operating": NaN,
        "Operating Income": 16872000.0,
        "Operating Expense": 21528000.0,
        "Other Operating Expenses": NaN,
        "Research And Development": 4240000.0,
        "Selling General And Administration": 17840000.0,
        "Selling And Marketing Expense": 3535000.0,
        "General And Administrative Expense": 14305000.0,
        "Other Gand A": 14305000.0,
        "Gross Profit": 38400000.0,
        "Cost Of Revenue": 39408000.0,
        "Total Revenue": 77808000.0,
        "Operating Revenue": 77808000.0
    }
}