{
    "2023-03-31": {
        "Tax Effect Of Unusual Items": 0.0,
        "Tax Rate For Calcs": 0.21,
        "Normalized EBITDA": -4076000.0,
        "Total Unusual Items": NaN,
        "Total Unusual Items Excluding Goodwill": NaN,
        "Net Income From Continuing Operation Net Minority Interest": -4168000.0,
        "Reconciled Depreciation": 378000.0,
        "Reconciled Cost Of Revenue": 6823000.0,
        "EBITDA": -4076000.0,
        "EBIT": -4454000.0,
        "Net Interest Income": 672000.0,
        "Interest Income": 672000.0,
        "Normalized Income": -4168000.0,
        "Net Income From Continuing And Discontinued Operation": -3891000.0,
        "Total Expenses": 15996000.0,
        "Total Operating Income As Reported": -4454000.0,
        "Diluted NI Availto Com Stockholders": -3891000.0,
        "Net Income Common Stockholders": -3891000.0,
        "Net Income": -3891000.0,
        "Net Income Including Noncontrolling Interests": -3891000.0,
        "Net Income Discontinuous Operations": 277000.0,
        "Net Income Continuous Operations": -4168000.0,
        "Tax Provision": 386000.0,
        "Pretax Income": -3782000.0,
        "Other Income Expense": NaN,
        "Other Non Operating Income Expenses": NaN,
        "Gain On Sale Of Security": NaN,
        "Net Non Operating Interest Income Expense": 672000.0,
        "Interest Income Non Operating": 672000.0,
        "Operating Income": -4454000.0,
        "Operating Expense": 9173000.0,
        "Research And Development": 3973000.0,
        "Selling General And Administration": 5200000.0,
        "Gross Profit": 4719000.0,
        "Cost Of Revenue": 6823000.0,
        "Total Revenue": 11542000.0,
        "Operating Revenue": 11542000.0
    },
    "2022-12-31": {
        "Tax Effect Of Unusual Items": 0.0,
        "Tax Rate For Calcs": 0.21,
        "Normalized EBITDA": -2883000.0,
        "Total Unusual Items": NaN,
        "Total Unusual Items Excluding Goodwill": NaN,
        "Net Income From Continuing Operation Net Minority Interest": -3239000.0,
        "Reconciled Depreciation": 383000.0,
        "Reconciled Cost Of Revenue": 6273000.0,
        "EBITDA": -2883000.0,
        "EBIT": -3266000.0,
        "Net Interest Income": 667000.0,
        "Interest Income": 667000.0,
        "Normalized Income": -3239000.0,
        "Net Income From Continuing And Discontinued Operation": -3166000.0,
        "Total Expenses": 14525000.0,
        "Total Operating Income As Reported": -3266000.0,
        "Diluted NI Availto Com Stockholders": -3166000.0,
        "Net Income Common Stockholders": -3166000.0,
        "Net Income": -3166000.0,
        "Net Income Including Noncontrolling Interests": -3166000.0,
        "Net Income Discontinuous Operations": 73000.0,
        "Net Income Continuous Operations": -3239000.0,
        "Tax Provision": 335000.0,
        "Pretax Income": -2904000.0,
        "Other Income Expense": -305000.0,
        "Other Non Operating Income Expenses": -185000.0,
        "Gain On Sale Of Security": NaN,
        "Net Non Operating Interest Income Expense": 667000.0,
        "Interest Income Non Operating": 667000.0,
        "Operating Income": -3266000.0,
        "Operating Expense": 8252000.0,
        "Research And Development": 3383000.0,
        "Selling General And Administration": 4869000.0,
        "Gross Profit": 4986000.0,
        "Cost Of Revenue": 6273000.0,
        "Total Revenue": 11259000.0,
        "Operating Revenue": 11259000.0
    },
    "2022-09-30": {
        "Tax Effect Of Unusual Items": 0.0,
        "Tax Rate For Calcs": 0.21,
        "Normalized EBITDA": -3162000.0,
        "Total Unusual Items": 13000.0,
        "Total Unusual Items Excluding Goodwill": 13000.0,
        "Net Income From Continuing Operation Net Minority Interest": -3216000.0,
        "Reconciled Depreciation": 329000.0,
        "Reconciled Cost Of Revenue": 5860000.0,
        "EBITDA": -3162000.0,
        "EBIT": -3162000.0,
        "Net Interest Income": 413000.0,
        "Interest Income": 413000.0,
        "Normalized Income": -3216000.0,
        "Net Income From Continuing And Discontinued Operation": -3236000.0,
        "Total Expenses": 13912000.0,
        "Total Operating Income As Reported": -3162000.0,
        "Diluted Average Shares": 25370000.0,
        "Basic Average Shares": 25370000.0,
        "Diluted EPS": -0.13,
        "Basic EPS": -0.13,
        "Diluted NI Availto Com Stockholders": -3236000.0,
        "Net Income Common Stockholders": -3236000.0,
        "Net Income": -3236000.0,
        "Net Income Including Noncontrolling Interests": -3236000.0,
        "Net Income Discontinuous Operations": -20000.0,
        "Net Income Continuous Operations": -3216000.0,
        "Tax Provision": 467000.0,
        "Pretax Income": -2749000.0,
        "Other Income Expense": 15000.0,
        "Other Non Operating Income Expenses": 2000.0,
        "Gain On Sale Of Security": 13000.0,
        "Net Non Operating Interest Income Expense": 413000.0,
        "Interest Income Non Operating": 413000.0,
        "Operating Income": -3162000.0,
        "Operating Expense": 8052000.0,
        "Research And Development": 3311000.0,
        "Selling General And Administration": 4741000.0,
        "Gross Profit": 4890000.0,
        "Cost Of Revenue": 5860000.0,
        "Total Revenue": 10750000.0,
        "Operating Revenue": 10750000.0
    },
    "2022-06-30": {
        "Tax Effect Of Unusual Items": 0.0,
        "Tax Rate For Calcs": 0.4,
        "Normalized EBITDA": -2397000.0,
        "Total Unusual Items": 140000.0,
        "Total Unusual Items Excluding Goodwill": 140000.0,
        "Net Income From Continuing Operation Net Minority Interest": -2580000.0,
        "Reconciled Depreciation": 331000.0,
        "Reconciled Cost Of Revenue": 4820000.0,
        "EBITDA": -2397000.0,
        "EBIT": -2397000.0,
        "Net Interest Income": 317000.0,
        "Interest Income": 317000.0,
        "Normalized Income": -2580000.0,
        "Net Income From Continuing And Discontinued Operation": -2818000.0,
        "Total Expenses": 11704000.0,
        "Total Operating Income As Reported": -2397000.0,
        "Diluted Average Shares": 25141000.0,
        "Basic Average Shares": 25141000.0,
        "Diluted EPS": -0.11,
        "Basic EPS": -0.11,
        "Diluted NI Availto Com Stockholders": -2818000.0,
        "Net Income Common Stockholders": -2818000.0,
        "Net Income": -2818000.0,
        "Net Income Including Noncontrolling Interests": -2818000.0,
        "Net Income Discontinuous Operations": -238000.0,
        "Net Income Continuous Operations": -2580000.0,
        "Tax Provision": 500000.0,
        "Pretax Income": -2080000.0,
        "Other Income Expense": 151000.0,
        "Other Non Operating Income Expenses": 11000.0,
        "Gain On Sale Of Security": 140000.0,
        "Net Non Operating Interest Income Expense": 317000.0,
        "Interest Income Non Operating": 317000.0,
        "Operating Income": -2397000.0,
        "Operating Expense": 6884000.0,
        "Research And Development": 2868000.0,
        "Selling General And Administration": 4016000.0,
        "Gross Profit": 4487000.0,
        "Cost Of Revenue": 4820000.0,
        "Total Revenue": 9307000.0,
        "Operating Revenue": 9307000.0
    },
    "2023-06-30": {
        "Tax Effect Of Unusual Items": 12390.0,
        "Tax Rate For Calcs": 0.21,
        "Normalized EBITDA": -5140000.0,
        "Total Unusual Items": 59000.0,
        "Total Unusual Items Excluding Goodwill": 59000.0,
        "Net Income From Continuing Operation Net Minority Interest": -4918000.0,
        "Reconciled Depreciation": 371000.0,
        "Reconciled Cost Of Revenue": 7731000.0,
        "EBITDA": -5081000.0,
        "EBIT": -5452000.0,
        "Net Interest Income": 567000.0,
        "Interest Income": 567000.0,
        "Normalized Income": -4964610.0,
        "Net Income From Continuing And Discontinued Operation": -4878000.0,
        "Total Expenses": 15753000.0,
        "Total Operating Income As Reported": -5452000.0,
        "Diluted NI Availto Com Stockholders": -4878000.0,
        "Net Income Common Stockholders": -4878000.0,
        "Net Income": -4878000.0,
        "Net Income Including Noncontrolling Interests": -4878000.0,
        "Net Income Discontinuous Operations": 40000.0,
        "Net Income Continuous Operations": -4918000.0,
        "Tax Provision": 116000.0,
        "Pretax Income": -4802000.0,
        "Other Income Expense": 83000.0,
        "Other Non Operating Income Expenses": 24000.0,
        "Gain On Sale Of Security": 59000.0,
        "Net Non Operating Interest Income Expense": 567000.0,
        "Interest Income Non Operating": 567000.0,
        "Operating Income": -5452000.0,
        "Operating Expense": 8022000.0,
        "Research And Development": 3647000.0,
        "Selling General And Administration": 4375000.0,
        "Gross Profit": 2570000.0,
        "Cost Of Revenue": 7731000.0,
        "Total Revenue": 10301000.0,
        "Operating Revenue": 10301000.0
    },
    "2022-03-31": {
        "Diluted EPS": -0.32,
        "Total Revenue": 4,
        "Gross Profit": 1,
        "Operating Income": -8,
        "EBIT": -7,
        "Net Income": -8
    },
    "2021-12-31": {
        "Diluted EPS": 1.78,
        "Total Revenue": 16,
        "Gross Profit": 1,
        "Operating Income": -7,
        "EBIT": -6,
        "Net Income": 43
    },
    "2021-09-30": {
        "Diluted EPS": -0.17,
        "Total Revenue": 8,
        "Gross Profit": 3,
        "Operating Income": -4,
        "EBIT": -3,
        "Net Income": -4
    },
    "2021-06-30": {
        "Diluted EPS": -0.25,
        "Total Revenue": 5,
        "Gross Profit": 1,
        "Operating Income": -6,
        "EBIT": -6,
        "Net Income": -6
    },
    "2021-03-31": {
        "Diluted EPS": -0.27,
        "Total Revenue": 9,
        "Gross Profit": 2,
        "Operating Income": -6,
        "EBIT": -5,
        "Net Income": -7
    },
    "2020-12-31": {
        "Diluted EPS": 0.05,
        "Total Revenue": -17,
        "Gross Profit": -6,
        "Operating Income": -10,
        "EBIT": -9,
        "Net Income": 1
    },
    "2020-09-30": {
        "Diluted EPS": -0.02,
        "Total Revenue": 22,
        "Gross Profit": 9,
        "Operating Income": 0,
        "EBIT": 1,
        "Net Income": 0
    },
    "2020-06-30": {
        "Diluted EPS": 0.06,
        "Total Revenue": 29,
        "Gross Profit": 11,
        "Operating Income": 2,
        "EBIT": 3,
        "Net Income": 2
    },
    "2020-03-31": {
        "Diluted EPS": -0.05,
        "Total Revenue": 19,
        "Gross Profit": 8,
        "Operating Income": -1,
        "EBIT": 0,
        "Net Income": -1
    },
    "2019-12-31": {
        "Diluted EPS": 0.22,
        "Total Revenue": 35,
        "Gross Profit": 16,
        "Operating Income": 7,
        "EBIT": 8,
        "Net Income": 5
    },
    "2019-09-30": {
        "Diluted EPS": -0.02,
        "Total Revenue": 26,
        "Gross Profit": 9,
        "Operating Income": 0,
        "EBIT": 0,
        "Net Income": 0
    },
    "2019-06-30": {
        "Diluted EPS": -0.05,
        "Total Revenue": 22,
        "Gross Profit": 8,
        "Operating Income": -1,
        "EBIT": 0,
        "Net Income": -1
    },
    "2019-03-31": {
        "Diluted EPS": -0.1,
        "Total Revenue": 25,
        "Gross Profit": 7,
        "Operating Income": -2,
        "EBIT": -1,
        "Net Income": -2
    },
    "2018-12-31": {
        "Diluted EPS": 0.45,
        "Total Revenue": 32,
        "Gross Profit": 11,
        "Operating Income": 2,
        "EBIT": 3,
        "Net Income": 10
    },
    "2018-09-30": {
        "Diluted EPS": -0.05,
        "Total Revenue": 19,
        "Gross Profit": 7,
        "Operating Income": -1,
        "EBIT": 0,
        "Net Income": -1
    },
    "2018-06-30": {
        "Diluted EPS": -0.01,
        "Total Revenue": 26,
        "Gross Profit": 10,
        "Operating Income": 0,
        "EBIT": 2,
        "Net Income": 0
    },
    "2018-03-31": {
        "Diluted EPS": -0.23,
        "Total Revenue": 18,
        "Gross Profit": 5,
        "Operating Income": -5,
        "EBIT": -4,
        "Net Income": -5
    },
    "2017-12-31": {
        "Diluted EPS": 0.0,
        "Total Revenue": 25,
        "Gross Profit": 10,
        "Operating Income": 0,
        "EBIT": 1,
        "Net Income": 0
    },
    "2017-09-30": {
        "Diluted EPS": 0.05,
        "Total Revenue": 27,
        "Gross Profit": 11,
        "Operating Income": 1,
        "EBIT": 2,
        "Net Income": 1
    },
    "2017-06-30": {
        "Diluted EPS": 0.05,
        "Total Revenue": 31,
        "Gross Profit": 11,
        "Operating Income": 1,
        "EBIT": 2,
        "Net Income": 1
    },
    "2017-03-31": {
        "Diluted EPS": 0.08,
        "Total Revenue": 30,
        "Gross Profit": 13,
        "Operating Income": 2,
        "EBIT": 3,
        "Net Income": 2
    },
    "2016-12-31": {
        "Diluted EPS": 0.14,
        "Total Revenue": 29,
        "Gross Profit": 12,
        "Operating Income": 3,
        "EBIT": 4,
        "Net Income": 3
    },
    "2016-09-30": {
        "Diluted EPS": -0.02,
        "Total Revenue": 23,
        "Gross Profit": 9,
        "Operating Income": 0,
        "EBIT": 1,
        "Net Income": 0
    },
    "2016-06-30": {
        "Diluted EPS": -0.17,
        "Total Revenue": 15,
        "Gross Profit": 6,
        "Operating Income": -4,
        "EBIT": -2,
        "Net Income": -3
    },
    "2016-03-31": {
        "Diluted EPS": -0.31,
        "Total Revenue": 14,
        "Gross Profit": 4,
        "Operating Income": -6,
        "EBIT": -5,
        "Net Income": -6
    },
    "2015-12-31": {
        "Diluted EPS": -0.12,
        "Total Revenue": 16,
        "Gross Profit": 7,
        "Operating Income": -2,
        "EBIT": -1,
        "Net Income": -3
    },
    "2015-09-30": {
        "Diluted EPS": -0.17,
        "Total Revenue": 18,
        "Gross Profit": 5,
        "Operating Income": -4,
        "EBIT": -3,
        "Net Income": -4
    },
    "2015-06-30": {
        "Diluted EPS": 0.0,
        "Total Revenue": 20,
        "Gross Profit": 8,
        "Operating Income": 0,
        "EBIT": 2,
        "Net Income": 0
    },
    "2015-03-31": {
        "Diluted EPS": -0.12,
        "Total Revenue": 20,
        "Gross Profit": 7,
        "Operating Income": -3,
        "EBIT": -2,
        "Net Income": -3
    },
    "2014-12-31": {
        "Diluted EPS": -0.61,
        "Total Revenue": 19,
        "Gross Profit": 3,
        "Operating Income": -5,
        "EBIT": -4,
        "Net Income": -14
    },
    "2014-09-30": {
        "Diluted EPS": -0.15,
        "Total Revenue": 15,
        "Gross Profit": 5,
        "Operating Income": -4,
        "EBIT": -3,
        "Net Income": -4
    },
    "2014-06-30": {
        "Diluted EPS": -0.21,
        "Total Revenue": 15,
        "Gross Profit": 5,
        "Operating Income": -5,
        "EBIT": -4,
        "Net Income": -5
    },
    "2014-03-31": {
        "Diluted EPS": -0.19,
        "Total Revenue": 17,
        "Gross Profit": 5,
        "Operating Income": -5,
        "EBIT": -3,
        "Net Income": -5
    },
    "2013-12-31": {
        "Diluted EPS": 0.07,
        "Total Revenue": 21,
        "Gross Profit": 8,
        "Operating Income": 1,
        "EBIT": 3,
        "Net Income": 2
    },
    "2013-09-30": {
        "Diluted EPS": -0.11,
        "Total Revenue": 19,
        "Gross Profit": 7,
        "Operating Income": -3,
        "EBIT": -2,
        "Net Income": -3
    },
    "2013-06-30": {
        "Diluted EPS": -0.27,
        "Total Revenue": 17,
        "Gross Profit": 4,
        "Operating Income": -7,
        "EBIT": -6,
        "Net Income": -6
    },
    "2013-03-31": {
        "Diluted EPS": -0.35,
        "Total Revenue": 13,
        "Gross Profit": 4,
        "Operating Income": -9,
        "EBIT": -8,
        "Net Income": -8
    },
    "2012-12-31": {
        "Diluted EPS": -1.83,
        "Total Revenue": 17,
        "Gross Profit": 7,
        "Operating Income": -24,
        "EBIT": -4,
        "Net Income": -43
    },
    "2012-09-30": {
        "Diluted EPS": -0.34,
        "Total Revenue": 17,
        "Gross Profit": 6,
        "Operating Income": -11,
        "EBIT": -10,
        "Net Income": -8
    },
    "2012-06-30": {
        "Diluted EPS": -0.06,
        "Total Revenue": 32,
        "Gross Profit": 14,
        "Operating Income": -1,
        "EBIT": 1,
        "Net Income": -1
    },
    "2012-03-31": {
        "Diluted EPS": -0.14,
        "Total Revenue": 17,
        "Gross Profit": 7,
        "Operating Income": -7,
        "EBIT": -5,
        "Net Income": -3
    },
    "2011-12-31": {
        "Diluted EPS": -0.27,
        "Total Revenue": 19,
        "Gross Profit": 6,
        "Operating Income": -8,
        "EBIT": -7,
        "Net Income": -6
    },
    "2011-09-30": {
        "Diluted EPS": -0.27,
        "Total Revenue": 19,
        "Gross Profit": 8,
        "Operating Income": -8,
        "EBIT": -6,
        "Net Income": -6
    },
    "2011-06-30": {
        "Diluted EPS": -0.11,
        "Total Revenue": 28,
        "Gross Profit": 10,
        "Operating Income": -5,
        "EBIT": -3,
        "Net Income": -3
    },
    "2011-03-31": {
        "Diluted EPS": -0.31,
        "Total Revenue": 17,
        "Gross Profit": 6,
        "Operating Income": -10,
        "EBIT": -8,
        "Net Income": -7
    },
    "2010-12-31": {
        "Diluted EPS": 0.04,
        "Total Revenue": 36,
        "Gross Profit": 15,
        "Operating Income": 0,
        "EBIT": 1,
        "Net Income": 1
    },
    "2010-09-30": {
        "Diluted EPS": 0.58,
        "Total Revenue": 65,
        "Gross Profit": 30,
        "Operating Income": 15,
        "EBIT": 17,
        "Net Income": 13
    },
    "2010-06-30": {
        "Diluted EPS": 0.54,
        "Total Revenue": 69,
        "Gross Profit": 29,
        "Operating Income": 14,
        "EBIT": 16,
        "Net Income": 12
    },
    "2010-03-31": {
        "Diluted EPS": 0.06,
        "Total Revenue": 33,
        "Gross Profit": 14,
        "Operating Income": 1,
        "EBIT": 3,
        "Net Income": 1
    },
    "2009-12-31": {
        "Diluted EPS": 0.08,
        "Total Revenue": 34,
        "Gross Profit": 15,
        "Operating Income": 4,
        "EBIT": 6,
        "Net Income": 2
    },
    "2009-09-30": {
        "Diluted EPS": -0.08,
        "Total Revenue": 19,
        "Gross Profit": 9,
        "Operating Income": -4,
        "EBIT": -2,
        "Net Income": -2
    },
    "2009-06-30": {
        "Diluted EPS": -0.2,
        "Total Revenue": 12,
        "Gross Profit": 5,
        "Operating Income": -8,
        "EBIT": -7,
        "Net Income": -4
    },
    "2009-03-31": {
        "Diluted EPS": -0.26,
        "Total Revenue": 12,
        "Gross Profit": 4,
        "Operating Income": -9,
        "EBIT": -8,
        "Net Income": -6
    },
    "2023-09-30": {
        "Tax Effect Of Unusual Items": -10710.0,
        "Tax Rate For Calcs": 0.21,
        "Normalized EBITDA": -986000.0,
        "Total Unusual Items": -51000.0,
        "Total Unusual Items Excluding Goodwill": -51000.0,
        "Net Income From Continuing Operation Net Minority Interest": -1624000.0,
        "Reconciled Depreciation": 391000.0,
        "Reconciled Cost Of Revenue": 10916000.0,
        "EBITDA": -1037000.0,
        "EBIT": -1428000.0,
        "Net Interest Income": 600000.0,
        "Interest Income": 600000.0,
        "Normalized Income": -1583710.0,
        "Net Income From Continuing And Discontinued Operation": -1576000.0,
        "Total Expenses": 19343000.0,
        "Total Operating Income As Reported": -1428000.0,
        "Diluted NI Availto Com Stockholders": -1576000.0,
        "Net Income Common Stockholders": -1576000.0,
        "Net Income": -1576000.0,
        "Net Income Including Noncontrolling Interests": -1576000.0,
        "Net Income Discontinuous Operations": 48000.0,
        "Net Income Continuous Operations": -1624000.0,
        "Tax Provision": 796000.0,
        "Pretax Income": -828000.0,
        "Other Income Expense": NaN,
        "Other Non Operating Income Expenses": 51000.0,
        "Gain On Sale Of Security": -51000.0,
        "Net Non Operating Interest Income Expense": 600000.0,
        "Interest Income Non Operating": 600000.0,
        "Operating Income": -1428000.0,
        "Operating Expense": 8427000.0,
        "Research And Development": 3720000.0,
        "Selling General And Administration": 4707000.0,
        "Gross Profit": 6999000.0,
        "Cost Of Revenue": 10916000.0,
        "Total Revenue": 17915000.0,
        "Operating Revenue": 17915000.0
    }
}