{
    "2022-12-31": {
        "Tax Effect Of Unusual Items": 0.0,
        "Tax Rate For Calcs": 0.0,
        "Normalized EBITDA": -2973000.0,
        "Total Unusual Items": 0.0,
        "Total Unusual Items Excluding Goodwill": 0.0,
        "Net Income From Continuing Operation Net Minority Interest": -2918000.0,
        "Reconciled Depreciation": NaN,
        "EBITDA": -2973000.0,
        "EBIT": -2973000.0,
        "Net Interest Income": 55000.0,
        "Interest Income": 55000.0,
        "Normalized Income": -2918000.0,
        "Net Income From Continuing And Discontinued Operation": -2918000.0,
        "Total Expenses": 2973000.0,
        "Total Operating Income As Reported": -3639000.0,
        "Diluted Average Shares": 15398367.0,
        "Basic Average Shares": 15398367.0,
        "Diluted EPS": -0.05,
        "Basic EPS": -0.05,
        "Diluted NI Availto Com Stockholders": -2918000.0,
        "Net Income Common Stockholders": -2918000.0,
        "Net Income": -2918000.0,
        "Net Income Including Noncontrolling Interests": -2918000.0,
        "Net Income Continuous Operations": -2918000.0,
        "Tax Provision": 0.0,
        "Pretax Income": -2918000.0,
        "Other Income Expense": NaN,
        "Special Income Charges": 0.0,
        "Gain On Sale Of Security": NaN,
        "Net Non Operating Interest Income Expense": 55000.0,
        "Interest Income Non Operating": 55000.0,
        "Operating Income": -2973000.0,
        "Operating Expense": 2973000.0,
        "Other Operating Expenses": -666000.0,
        "Research And Development": 1549000.0,
        "Selling General And Administration": 2090000.0,
        "General And Administrative Expense": 2090000.0,
        "Other Gand A": 2090000.0,
        "Total Revenue": 0.0,
        "Operating Revenue": 0.0
    },
    "2022-06-30": {
        "Diluted EPS": 0.0,
        "Total Revenue": NaN,
        "Gross Profit": NaN,
        "Operating Income": NaN,
        "EBIT": NaN,
        "Net Income": NaN
    },
    "2023-12-31": {
        "Tax Effect Of Unusual Items": 0.0,
        "Tax Rate For Calcs": 0.0,
        "Normalized EBITDA": -5239000.0,
        "Total Unusual Items": -5000.0,
        "Total Unusual Items Excluding Goodwill": -5000.0,
        "Net Income From Continuing Operation Net Minority Interest": -5241000.0,
        "Reconciled Depreciation": 12000.0,
        "EBITDA": -5244000.0,
        "EBIT": -5256000.0,
        "Net Interest Income": 20000.0,
        "Interest Income": 20000.0,
        "Normalized Income": -5236000.0,
        "Net Income From Continuing And Discontinued Operation": -5241000.0,
        "Total Expenses": 5256000.0,
        "Total Operating Income As Reported": -7983000.0,
        "Diluted Average Shares": 15873113.0,
        "Basic Average Shares": 15873113.0,
        "Diluted EPS": -0.33,
        "Basic EPS": -0.33,
        "Diluted NI Availto Com Stockholders": -5241000.0,
        "Net Income Common Stockholders": -5241000.0,
        "Net Income": -5241000.0,
        "Net Income Including Noncontrolling Interests": -5241000.0,
        "Net Income Continuous Operations": -5241000.0,
        "Tax Provision": 0.0,
        "Pretax Income": -5241000.0,
        "Other Income Expense": -5000.0,
        "Special Income Charges": 0.0,
        "Gain On Sale Of Security": -5000.0,
        "Net Non Operating Interest Income Expense": 20000.0,
        "Interest Income Non Operating": 20000.0,
        "Operating Income": -5256000.0,
        "Operating Expense": 5256000.0,
        "Other Operating Expenses": -2727000.0,
        "Research And Development": 2638000.0,
        "Selling General And Administration": 5345000.0,
        "General And Administrative Expense": 5345000.0,
        "Other Gand A": 5345000.0,
        "Total Revenue": 0.0,
        "Operating Revenue": 0.0
    },
    "2024-03-31": {
        "Tax Effect Of Unusual Items": 0.0,
        "Tax Rate For Calcs": 0.0,
        "Normalized EBITDA": -6067000.0,
        "Total Unusual Items": -11000.0,
        "Total Unusual Items Excluding Goodwill": -11000.0,
        "Net Income From Continuing Operation Net Minority Interest": -6031000.0,
        "Reconciled Depreciation": 17000.0,
        "EBITDA": -6078000.0,
        "EBIT": -6095000.0,
        "Net Interest Income": 75000.0,
        "Interest Income": 75000.0,
        "Normalized Income": -6020000.0,
        "Net Income From Continuing And Discontinued Operation": -6031000.0,
        "Total Expenses": 6095000.0,
        "Total Operating Income As Reported": -7415000.0,
        "Diluted Average Shares": 15873113.0,
        "Basic Average Shares": 15873113.0,
        "Diluted EPS": -0.38,
        "Basic EPS": -0.38,
        "Diluted NI Availto Com Stockholders": -6031000.0,
        "Net Income Common Stockholders": -6031000.0,
        "Net Income": -6031000.0,
        "Net Income Including Noncontrolling Interests": -6031000.0,
        "Net Income Continuous Operations": -6031000.0,
        "Tax Provision": 0.0,
        "Pretax Income": -6031000.0,
        "Other Income Expense": -11000.0,
        "Special Income Charges": 0.0,
        "Gain On Sale Of Security": -11000.0,
        "Net Non Operating Interest Income Expense": 75000.0,
        "Interest Income Non Operating": 75000.0,
        "Operating Income": -6095000.0,
        "Operating Expense": 6095000.0,
        "Other Operating Expenses": -1320000.0,
        "Research And Development": 3277000.0,
        "Selling General And Administration": 4138000.0,
        "General And Administrative Expense": 4138000.0,
        "Other Gand A": 4138000.0,
        "Total Revenue": 0.0,
        "Operating Revenue": 0.0
    },
    "2023-06-30": {
        "Tax Effect Of Unusual Items": NaN,
        "Tax Rate For Calcs": NaN,
        "Normalized EBITDA": NaN,
        "Total Unusual Items": NaN,
        "Total Unusual Items Excluding Goodwill": NaN,
        "Net Income From Continuing Operation Net Minority Interest": NaN,
        "Reconciled Depreciation": NaN,
        "EBITDA": NaN,
        "EBIT": NaN,
        "Net Interest Income": NaN,
        "Interest Income": NaN,
        "Normalized Income": NaN,
        "Net Income From Continuing And Discontinued Operation": NaN,
        "Total Expenses": NaN,
        "Total Operating Income As Reported": NaN,
        "Diluted Average Shares": NaN,
        "Basic Average Shares": NaN,
        "Diluted EPS": NaN,
        "Basic EPS": NaN,
        "Diluted NI Availto Com Stockholders": NaN,
        "Net Income Common Stockholders": NaN,
        "Net Income": NaN,
        "Net Income Including Noncontrolling Interests": NaN,
        "Net Income Continuous Operations": NaN,
        "Tax Provision": NaN,
        "Pretax Income": NaN,
        "Other Income Expense": NaN,
        "Special Income Charges": 35347000.0,
        "Gain On Sale Of Security": NaN,
        "Net Non Operating Interest Income Expense": NaN,
        "Interest Income Non Operating": NaN,
        "Operating Income": NaN,
        "Operating Expense": NaN,
        "Other Operating Expenses": NaN,
        "Research And Development": NaN,
        "Selling General And Administration": NaN,
        "General And Administrative Expense": NaN,
        "Other Gand A": NaN,
        "Total Revenue": NaN,
        "Operating Revenue": NaN
    },
    "2023-03-31": {
        "Tax Effect Of Unusual Items": NaN,
        "Tax Rate For Calcs": NaN,
        "Normalized EBITDA": NaN,
        "Total Unusual Items": NaN,
        "Total Unusual Items Excluding Goodwill": NaN,
        "Net Income From Continuing Operation Net Minority Interest": NaN,
        "Reconciled Depreciation": NaN,
        "EBITDA": NaN,
        "EBIT": NaN,
        "Net Interest Income": NaN,
        "Interest Income": NaN,
        "Normalized Income": NaN,
        "Net Income From Continuing And Discontinued Operation": NaN,
        "Total Expenses": NaN,
        "Total Operating Income As Reported": NaN,
        "Diluted Average Shares": 15873113.0,
        "Basic Average Shares": 15873113.0,
        "Diluted EPS": -0.22,
        "Basic EPS": -0.22,
        "Diluted NI Availto Com Stockholders": NaN,
        "Net Income Common Stockholders": NaN,
        "Net Income": NaN,
        "Net Income Including Noncontrolling Interests": NaN,
        "Net Income Continuous Operations": NaN,
        "Tax Provision": NaN,
        "Pretax Income": NaN,
        "Other Income Expense": NaN,
        "Special Income Charges": 0.0,
        "Gain On Sale Of Security": NaN,
        "Net Non Operating Interest Income Expense": NaN,
        "Interest Income Non Operating": NaN,
        "Operating Income": NaN,
        "Operating Expense": NaN,
        "Other Operating Expenses": NaN,
        "Research And Development": NaN,
        "Selling General And Administration": NaN,
        "General And Administrative Expense": NaN,
        "Other Gand A": NaN,
        "Total Revenue": NaN,
        "Operating Revenue": NaN
    },
    "2024-06-30": {
        "Tax Effect Of Unusual Items": -3300.0,
        "Tax Rate For Calcs": 0.3,
        "Normalized EBITDA": -6387000.0,
        "Total Unusual Items": -11000.0,
        "Total Unusual Items Excluding Goodwill": -11000.0,
        "Net Income From Continuing Operation Net Minority Interest": -6461000.0,
        "Reconciled Depreciation": 62000.0,
        "EBITDA": -6398000.0,
        "EBIT": -6460000.0,
        "Net Interest Income": 40000.0,
        "Interest Income": 40000.0,
        "Normalized Income": -6453300.0,
        "Net Income From Continuing And Discontinued Operation": -6461000.0,
        "Total Expenses": 6472000.0,
        "Total Operating Income As Reported": -9744000.0,
        "Diluted Average Shares": NaN,
        "Basic Average Shares": NaN,
        "Diluted EPS": NaN,
        "Basic EPS": NaN,
        "Diluted NI Availto Com Stockholders": -6461000.0,
        "Net Income Common Stockholders": -6461000.0,
        "Net Income": -6461000.0,
        "Net Income Including Noncontrolling Interests": -6461000.0,
        "Net Income Continuous Operations": -6461000.0,
        "Tax Provision": 30000.0,
        "Pretax Income": -6431000.0,
        "Other Income Expense": -11000.0,
        "Special Income Charges": 0.0,
        "Gain On Sale Of Security": -11000.0,
        "Net Non Operating Interest Income Expense": 40000.0,
        "Interest Income Non Operating": 40000.0,
        "Operating Income": -6460000.0,
        "Operating Expense": 6472000.0,
        "Other Operating Expenses": -3284000.0,
        "Research And Development": 4359000.0,
        "Selling General And Administration": 5294000.0,
        "General And Administrative Expense": 4239000.0,
        "Other Gand A": -7846000.0,
        "Total Revenue": 12000.0,
        "Operating Revenue": 12000.0
    },
    "2024-09-30": {
        "Tax Effect Of Unusual Items": 0.0,
        "Tax Rate For Calcs": 0.0,
        "Normalized EBITDA": -5374000.0,
        "Total Unusual Items": -5000.0,
        "Total Unusual Items Excluding Goodwill": -5000.0,
        "Net Income From Continuing Operation Net Minority Interest": -5420000.0,
        "Reconciled Depreciation": 64000.0,
        "EBITDA": -5379000.0,
        "EBIT": -5443000.0,
        "Net Interest Income": 28000.0,
        "Interest Income": 28000.0,
        "Normalized Income": -5415000.0,
        "Net Income From Continuing And Discontinued Operation": -5420000.0,
        "Total Expenses": 5517000.0,
        "Total Operating Income As Reported": -6254000.0,
        "Diluted Average Shares": 17642832.0,
        "Basic Average Shares": 17642832.0,
        "Diluted EPS": -0.29,
        "Basic EPS": -0.29,
        "Diluted NI Availto Com Stockholders": -5420000.0,
        "Net Income Common Stockholders": -5420000.0,
        "Net Income": -5420000.0,
        "Net Income Including Noncontrolling Interests": -5420000.0,
        "Net Income Continuous Operations": -5420000.0,
        "Tax Provision": 0.0,
        "Pretax Income": -5420000.0,
        "Other Income Expense": -5000.0,
        "Special Income Charges": NaN,
        "Gain On Sale Of Security": -5000.0,
        "Net Non Operating Interest Income Expense": 28000.0,
        "Interest Income Non Operating": 28000.0,
        "Operating Income": -5443000.0,
        "Operating Expense": 5517000.0,
        "Other Operating Expenses": -811000.0,
        "Research And Development": 2896000.0,
        "Selling General And Administration": 3432000.0,
        "General And Administrative Expense": 3432000.0,
        "Other Gand A": 3432000.0,
        "Total Revenue": 74000.0,
        "Operating Revenue": 74000.0
    },
    "2023-09-30": {
        "Tax Effect Of Unusual Items": 0.0,
        "Tax Rate For Calcs": 0.0,
        "Normalized EBITDA": -781000.0,
        "Total Unusual Items": -2000.0,
        "Total Unusual Items Excluding Goodwill": -2000.0,
        "Net Income From Continuing Operation Net Minority Interest": -726000.0,
        "Reconciled Depreciation": 12000.0,
        "EBITDA": -783000.0,
        "EBIT": -795000.0,
        "Net Interest Income": 71000.0,
        "Interest Income": 71000.0,
        "Normalized Income": -724000.0,
        "Net Income From Continuing And Discontinued Operation": -726000.0,
        "Total Expenses": 795000.0,
        "Total Operating Income As Reported": -4892000.0,
        "Diluted Average Shares": 15873113.0,
        "Basic Average Shares": 15873113.0,
        "Diluted EPS": -0.08,
        "Basic EPS": -0.08,
        "Diluted NI Availto Com Stockholders": -726000.0,
        "Net Income Common Stockholders": -726000.0,
        "Net Income": -726000.0,
        "Net Income Including Noncontrolling Interests": -726000.0,
        "Net Income Continuous Operations": -726000.0,
        "Tax Provision": 0.0,
        "Pretax Income": -726000.0,
        "Other Income Expense": -2000.0,
        "Special Income Charges": NaN,
        "Gain On Sale Of Security": -2000.0,
        "Net Non Operating Interest Income Expense": 71000.0,
        "Interest Income Non Operating": 71000.0,
        "Operating Income": -795000.0,
        "Operating Expense": 795000.0,
        "Other Operating Expenses": -4097000.0,
        "Research And Development": 2608000.0,
        "Selling General And Administration": 2284000.0,
        "General And Administrative Expense": 2284000.0,
        "Other Gand A": 2284000.0,
        "Total Revenue": 0.0,
        "Operating Revenue": 0.0
    }
}