{
    "2023-03-31": {
        "Tax Effect Of Unusual Items": 241600.0,
        "Tax Rate For Calcs": 0.4,
        "Normalized EBITDA": -13672000.0,
        "Total Unusual Items": 604000.0,
        "Total Unusual Items Excluding Goodwill": 604000.0,
        "Net Income From Continuing Operation Net Minority Interest": -24200000.0,
        "Reconciled Depreciation": 12424000.0,
        "Reconciled Cost Of Revenue": 24564000.0,
        "EBIT": -25492000.0,
        "Net Interest Income": 1285000.0,
        "Interest Expense": NaN,
        "Normalized Income": -24562400.0,
        "Net Income From Continuing And Discontinued Operation": -24200000.0,
        "Total Expenses": 157704000.0,
        "Total Operating Income As Reported": -25492000.0,
        "Diluted Average Shares": 123422066.0,
        "Basic Average Shares": 123422066.0,
        "Diluted EPS": -0.2,
        "Basic EPS": -0.2,
        "Diluted NI Availto Com Stockholders": -24200000.0,
        "Net Income Common Stockholders": -24200000.0,
        "Net Income": -24200000.0,
        "Net Income Including Noncontrolling Interests": -24200000.0,
        "Net Income Continuous Operations": -24200000.0,
        "Tax Provision": 597000.0,
        "Pretax Income": -23603000.0,
        "Other Income Expense": 604000.0,
        "Special Income Charges": NaN,
        "Restructuring And Mergern Acquisition": NaN,
        "Gain On Sale Of Security": 604000.0,
        "Net Non Operating Interest Income Expense": 1285000.0,
        "Total Other Finance Cost": -1285000.0,
        "Interest Expense Non Operating": NaN,
        "Operating Income": -25492000.0,
        "Operating Expense": 127957000.0,
        "Other Taxes": NaN,
        "Depreciation Amortization Depletion Income Statement": 7241000.0,
        "Depreciation And Amortization In Income Statement": 7241000.0,
        "Amortization": 7241000.0,
        "Amortization Of Intangibles Income Statement": 7241000.0,
        "Depreciation Income Statement": NaN,
        "Research And Development": 32072000.0,
        "Selling General And Administration": 88644000.0,
        "Selling And Marketing Expense": 60208000.0,
        "General And Administrative Expense": 28436000.0,
        "Other Gand A": 28436000.0,
        "Salaries And Wages": NaN,
        "Gross Profit": 102465000.0,
        "Cost Of Revenue": 29747000.0,
        "Total Revenue": 132212000.0,
        "Operating Revenue": 132212000.0
    },
    "2022-12-31": {
        "Tax Effect Of Unusual Items": 70255.330514,
        "Tax Rate For Calcs": 0.05493,
        "Normalized EBITDA": -18816000.0,
        "Total Unusual Items": 1279000.0,
        "Total Unusual Items Excluding Goodwill": 1279000.0,
        "Net Income From Continuing Operation Net Minority Interest": -21231000.0,
        "Reconciled Depreciation": 7124000.0,
        "Reconciled Cost Of Revenue": 30413000.0,
        "EBIT": -24661000.0,
        "Net Interest Income": 917000.0,
        "Interest Expense": NaN,
        "Normalized Income": -22439744.669486,
        "Net Income From Continuing And Discontinued Operation": -21231000.0,
        "Total Expenses": 154984000.0,
        "Total Operating Income As Reported": -24661000.0,
        "Diluted Average Shares": 122300221.0,
        "Basic Average Shares": 122300221.0,
        "Diluted EPS": -0.17,
        "Basic EPS": -0.17,
        "Diluted NI Availto Com Stockholders": -21231000.0,
        "Net Income Common Stockholders": -21231000.0,
        "Net Income": -21231000.0,
        "Net Income Including Noncontrolling Interests": -21231000.0,
        "Net Income Continuous Operations": -21231000.0,
        "Tax Provision": -1234000.0,
        "Pretax Income": -22465000.0,
        "Other Income Expense": 1279000.0,
        "Special Income Charges": 0.0,
        "Restructuring And Mergern Acquisition": NaN,
        "Gain On Sale Of Security": 1279000.0,
        "Net Non Operating Interest Income Expense": 917000.0,
        "Total Other Finance Cost": -917000.0,
        "Interest Expense Non Operating": NaN,
        "Operating Income": -24661000.0,
        "Operating Expense": 124571000.0,
        "Other Taxes": NaN,
        "Depreciation Amortization Depletion Income Statement": 7124000.0,
        "Depreciation And Amortization In Income Statement": 7124000.0,
        "Amortization": 7124000.0,
        "Amortization Of Intangibles Income Statement": 7124000.0,
        "Depreciation Income Statement": NaN,
        "Research And Development": 30322000.0,
        "Selling General And Administration": 87125000.0,
        "Selling And Marketing Expense": 58557000.0,
        "General And Administrative Expense": 28568000.0,
        "Other Gand A": 28568000.0,
        "Salaries And Wages": NaN,
        "Gross Profit": 99910000.0,
        "Cost Of Revenue": 30413000.0,
        "Total Revenue": 130323000.0,
        "Operating Revenue": 130323000.0
    },
    "2022-09-30": {
        "Tax Effect Of Unusual Items": -1049600.0,
        "Tax Rate For Calcs": 0.4,
        "Normalized EBITDA": -12056000.0,
        "Total Unusual Items": -2624000.0,
        "Total Unusual Items Excluding Goodwill": -2624000.0,
        "Net Income From Continuing Operation Net Minority Interest": -31302000.0,
        "Reconciled Depreciation": 13954000.0,
        "Reconciled Cost Of Revenue": 24281000.0,
        "EBIT": -28634000.0,
        "Net Interest Income": 45000.0,
        "Interest Expense": NaN,
        "Normalized Income": -29727600.0,
        "Net Income From Continuing And Discontinued Operation": -31302000.0,
        "Total Expenses": 153191000.0,
        "Total Operating Income As Reported": -28634000.0,
        "Diluted Average Shares": 121014325.0,
        "Basic Average Shares": 121014325.0,
        "Diluted EPS": -0.26,
        "Basic EPS": -0.26,
        "Diluted NI Availto Com Stockholders": -31302000.0,
        "Net Income Common Stockholders": -31302000.0,
        "Net Income": -31302000.0,
        "Net Income Including Noncontrolling Interests": -31302000.0,
        "Net Income Continuous Operations": -31302000.0,
        "Tax Provision": 89000.0,
        "Pretax Income": -31213000.0,
        "Other Income Expense": -2624000.0,
        "Special Income Charges": 0.0,
        "Restructuring And Mergern Acquisition": NaN,
        "Gain On Sale Of Security": -2624000.0,
        "Net Non Operating Interest Income Expense": 45000.0,
        "Total Other Finance Cost": -45000.0,
        "Interest Expense Non Operating": NaN,
        "Operating Income": -28634000.0,
        "Operating Expense": 121996000.0,
        "Other Taxes": NaN,
        "Depreciation Amortization Depletion Income Statement": 7040000.0,
        "Depreciation And Amortization In Income Statement": 7040000.0,
        "Amortization": 7040000.0,
        "Amortization Of Intangibles Income Statement": 7040000.0,
        "Depreciation Income Statement": NaN,
        "Research And Development": 30799000.0,
        "Selling General And Administration": 84157000.0,
        "Selling And Marketing Expense": 54096000.0,
        "General And Administrative Expense": 30061000.0,
        "Other Gand A": 30061000.0,
        "Salaries And Wages": NaN,
        "Gross Profit": 93362000.0,
        "Cost Of Revenue": 31195000.0,
        "Total Revenue": 124557000.0,
        "Operating Revenue": 124557000.0
    },
    "2022-06-30": {
        "Tax Effect Of Unusual Items": 0.0,
        "Tax Rate For Calcs": 0.0,
        "Normalized EBITDA": -47951000.0,
        "Total Unusual Items": -676000.0,
        "Total Unusual Items Excluding Goodwill": -676000.0,
        "Net Income From Continuing Operation Net Minority Interest": -63139000.0,
        "Reconciled Depreciation": 13891000.0,
        "Reconciled Cost Of Revenue": 22535000.0,
        "EBIT": -62518000.0,
        "Net Interest Income": -641000.0,
        "Interest Expense": 641000.0,
        "Normalized Income": -62463000.0,
        "Net Income From Continuing And Discontinued Operation": -63139000.0,
        "Total Expenses": 177480000.0,
        "Total Operating Income As Reported": -61842000.0,
        "Diluted Average Shares": 119941482.0,
        "Basic Average Shares": 119941482.0,
        "Diluted EPS": -0.53,
        "Basic EPS": -0.53,
        "Diluted NI Availto Com Stockholders": -63139000.0,
        "Net Income Common Stockholders": -63139000.0,
        "Net Income": -63139000.0,
        "Net Income Including Noncontrolling Interests": -63139000.0,
        "Net Income Continuous Operations": -63139000.0,
        "Tax Provision": -20000.0,
        "Pretax Income": -63159000.0,
        "Other Income Expense": -676000.0,
        "Special Income Charges": NaN,
        "Restructuring And Mergern Acquisition": NaN,
        "Gain On Sale Of Security": -676000.0,
        "Net Non Operating Interest Income Expense": -641000.0,
        "Total Other Finance Cost": NaN,
        "Interest Expense Non Operating": 641000.0,
        "Operating Income": -61842000.0,
        "Operating Expense": 148088000.0,
        "Other Taxes": NaN,
        "Depreciation Amortization Depletion Income Statement": 7034000.0,
        "Depreciation And Amortization In Income Statement": 7034000.0,
        "Amortization": 7034000.0,
        "Amortization Of Intangibles Income Statement": 7034000.0,
        "Depreciation Income Statement": NaN,
        "Research And Development": 33983000.0,
        "Selling General And Administration": 107071000.0,
        "Selling And Marketing Expense": 58750000.0,
        "General And Administrative Expense": 48321000.0,
        "Other Gand A": 48321000.0,
        "Salaries And Wages": NaN,
        "Gross Profit": 86246000.0,
        "Cost Of Revenue": 29392000.0,
        "Total Revenue": 115638000.0,
        "Operating Revenue": 115638000.0
    },
    "2022-03-31": {
        "Diluted EPS": -0.21,
        "Total Revenue": 108,
        "Gross Profit": 80,
        "Operating Income": -24,
        "EBIT": -5,
        "Net Income": -26
    },
    "2021-12-31": {
        "Diluted EPS": -0.2,
        "Total Revenue": 104,
        "Gross Profit": 77,
        "Operating Income": -26,
        "EBIT": -8,
        "Net Income": -24
    },
    "2021-09-30": {
        "Diluted EPS": -0.26,
        "Total Revenue": 96,
        "Gross Profit": 69,
        "Operating Income": -30,
        "EBIT": -13,
        "Net Income": -30
    },
    "2021-06-30": {
        "Diluted EPS": -0.14,
        "Total Revenue": 86,
        "Gross Profit": 67,
        "Operating Income": -16,
        "EBIT": -3,
        "Net Income": -16
    },
    "2021-03-31": {
        "Diluted EPS": -0.04,
        "Total Revenue": 81,
        "Gross Profit": 63,
        "Operating Income": -4,
        "EBIT": 8,
        "Net Income": -5
    },
    "2020-12-31": {
        "Diluted EPS": -0.08,
        "Total Revenue": 76,
        "Gross Profit": 59,
        "Operating Income": -14,
        "EBIT": -2,
        "Net Income": -10
    },
    "2020-09-30": {
        "Diluted EPS": -0.05,
        "Total Revenue": 71,
        "Gross Profit": 55,
        "Operating Income": -1,
        "EBIT": 11,
        "Net Income": -5
    },
    "2020-06-30": {
        "Diluted EPS": -0.01,
        "Total Revenue": 62,
        "Gross Profit": 49,
        "Operating Income": 4,
        "EBIT": 15,
        "Net Income": -1
    },
    "2020-03-31": {
        "Diluted EPS": -0.08,
        "Total Revenue": 60,
        "Gross Profit": 45,
        "Operating Income": -6,
        "EBIT": 5,
        "Net Income": -8
    },
    "2019-12-31": {
        "Diluted EPS": -0.12,
        "Total Revenue": 57,
        "Gross Profit": 42,
        "Operating Income": -11,
        "EBIT": 0,
        "Net Income": -13
    },
    "2019-09-30": {
        "Diluted EPS": -0.05,
        "Total Revenue": 55,
        "Gross Profit": 40,
        "Operating Income": 0,
        "EBIT": 11,
        "Net Income": -5
    },
    "2019-06-30": {
        "Diluted EPS": -0.07,
        "Total Revenue": 48,
        "Gross Profit": 35,
        "Operating Income": -4,
        "EBIT": 7,
        "Net Income": -8
    },
    "2019-03-31": {
        "Diluted EPS": -0.09,
        "Total Revenue": 44,
        "Gross Profit": 31,
        "Operating Income": -6,
        "EBIT": 4,
        "Net Income": -9
    },
    "2018-12-31": {
        "Diluted EPS": 0.0,
        "Total Revenue": NaN,
        "Gross Profit": NaN,
        "Operating Income": NaN,
        "EBIT": NaN,
        "Net Income": NaN
    },
    "2023-06-30": {
        "Tax Effect Of Unusual Items": 197600.0,
        "Tax Rate For Calcs": 0.4,
        "Normalized EBITDA": -25148000.0,
        "Total Unusual Items": 494000.0,
        "Total Unusual Items Excluding Goodwill": 494000.0,
        "Net Income From Continuing Operation Net Minority Interest": -36199000.0,
        "Reconciled Depreciation": 12414000.0,
        "Reconciled Cost Of Revenue": 26770000.0,
        "EBIT": -37068000.0,
        "Net Interest Income": 1481000.0,
        "Interest Expense": NaN,
        "Normalized Income": -36495400.0,
        "Net Income From Continuing And Discontinued Operation": -36199000.0,
        "Total Expenses": 172157000.0,
        "Total Operating Income As Reported": -37622000.0,
        "Diluted Average Shares": 124382767.0,
        "Basic Average Shares": 124382767.0,
        "Diluted EPS": -0.29,
        "Basic EPS": -0.29,
        "Diluted NI Availto Com Stockholders": -36199000.0,
        "Net Income Common Stockholders": -36199000.0,
        "Net Income": -36199000.0,
        "Net Income Including Noncontrolling Interests": -36199000.0,
        "Net Income Continuous Operations": -36199000.0,
        "Tax Provision": 1106000.0,
        "Pretax Income": -35093000.0,
        "Other Income Expense": 494000.0,
        "Special Income Charges": -554000.0,
        "Restructuring And Mergern Acquisition": 554000.0,
        "Gain On Sale Of Security": 1048000.0,
        "Net Non Operating Interest Income Expense": 1481000.0,
        "Total Other Finance Cost": -1481000.0,
        "Interest Expense Non Operating": NaN,
        "Operating Income": -37068000.0,
        "Operating Expense": 141274000.0,
        "Other Taxes": 449000.0,
        "Depreciation Amortization Depletion Income Statement": 8301000.0,
        "Depreciation And Amortization In Income Statement": 8301000.0,
        "Amortization": 7247000.0,
        "Amortization Of Intangibles Income Statement": 7247000.0,
        "Depreciation Income Statement": 1054000.0,
        "Research And Development": 34725000.0,
        "Selling General And Administration": 97799000.0,
        "Selling And Marketing Expense": 53609000.0,
        "General And Administrative Expense": 44190000.0,
        "Other Gand A": 23446000.0,
        "Salaries And Wages": 20744000.0,
        "Gross Profit": 104206000.0,
        "Cost Of Revenue": 30883000.0,
        "Total Revenue": 135089000.0,
        "Operating Revenue": 135089000.0
    }
}