{
    "2023-03-31": {
        "Tax Effect Of Unusual Items": -63069.741282,
        "Tax Rate For Calcs": 0.255343,
        "Normalized EBITDA": -488000.0,
        "Total Unusual Items": -247000.0,
        "Total Unusual Items Excluding Goodwill": -247000.0,
        "Net Income From Continuing Operation Net Minority Interest": -662000.0,
        "Reconciled Depreciation": 364000.0,
        "Reconciled Cost Of Revenue": 0.0,
        "EBITDA": -735000.0,
        "EBIT": -1099000.0,
        "Net Interest Income": 475000.0,
        "Normalized Income": -478069.741282,
        "Net Income From Continuing And Discontinued Operation": 10085000.0,
        "Total Expenses": 1099000.0,
        "Total Operating Income As Reported": -1099000.0,
        "Diluted Average Shares": 3199061.0,
        "Basic Average Shares": 3199061.0,
        "Diluted EPS": 3.15,
        "Basic EPS": 3.15,
        "Diluted NI Availto Com Stockholders": 10085000.0,
        "Net Income Common Stockholders": 10085000.0,
        "Net Income": 10085000.0,
        "Net Income Including Noncontrolling Interests": 10085000.0,
        "Net Income Discontinuous Operations": 10747000.0,
        "Net Income Continuous Operations": -662000.0,
        "Tax Provision": -227000.0,
        "Pretax Income": -889000.0,
        "Other Income Expense": -265000.0,
        "Other Non Operating Income Expenses": -18000.0,
        "Special Income Charges": 0.0,
        "Other Special Charges": NaN,
        "Earnings From Equity Interest": NaN,
        "Gain On Sale Of Security": -247000.0,
        "Net Non Operating Interest Income Expense": 475000.0,
        "Total Other Finance Cost": -475000.0,
        "Operating Income": -1099000.0,
        "Operating Expense": 1099000.0,
        "Selling General And Administration": 1099000.0,
        "Gross Profit": 0.0,
        "Cost Of Revenue": 0.0,
        "Total Revenue": 0.0,
        "Operating Revenue": 0.0
    },
    "2022-12-31": {
        "Tax Effect Of Unusual Items": -606000.0,
        "Tax Rate For Calcs": 0.4,
        "Normalized EBITDA": 3362000.0,
        "Total Unusual Items": -1515000.0,
        "Total Unusual Items Excluding Goodwill": -1515000.0,
        "Net Income From Continuing Operation Net Minority Interest": -6235000.0,
        "Reconciled Depreciation": 265000.0,
        "Reconciled Cost Of Revenue": 8079000.0,
        "EBITDA": 1847000.0,
        "EBIT": 1582000.0,
        "Net Interest Income": -235000.0,
        "Normalized Income": -5326000.0,
        "Net Income From Continuing And Discontinued Operation": 1168000.0,
        "Total Expenses": 11158000.0,
        "Total Operating Income As Reported": -12087000.0,
        "Diluted Average Shares": 3150230.0,
        "Basic Average Shares": 3150230.0,
        "Diluted EPS": 0.92,
        "Basic EPS": 0.92,
        "Diluted NI Availto Com Stockholders": 1168000.0,
        "Net Income Common Stockholders": 1168000.0,
        "Net Income": 1168000.0,
        "Net Income Including Noncontrolling Interests": 1168000.0,
        "Net Income Discontinuous Operations": NaN,
        "Net Income Continuous Operations": -6235000.0,
        "Tax Provision": -6694000.0,
        "Pretax Income": -12929000.0,
        "Other Income Expense": -12698000.0,
        "Other Non Operating Income Expenses": 908000.0,
        "Special Income Charges": -1530000.0,
        "Other Special Charges": 1530000.0,
        "Earnings From Equity Interest": NaN,
        "Gain On Sale Of Security": 15000.0,
        "Net Non Operating Interest Income Expense": -235000.0,
        "Total Other Finance Cost": NaN,
        "Operating Income": 4000.0,
        "Operating Expense": 3079000.0,
        "Selling General And Administration": 3079000.0,
        "Gross Profit": 3083000.0,
        "Cost Of Revenue": 8079000.0,
        "Total Revenue": 11162000.0,
        "Operating Revenue": 11162000.0
    },
    "2022-09-30": {
        "Tax Effect Of Unusual Items": -108000.0,
        "Tax Rate For Calcs": 0.4,
        "Normalized EBITDA": -1477000.0,
        "Total Unusual Items": -270000.0,
        "Total Unusual Items Excluding Goodwill": -270000.0,
        "Net Income From Continuing Operation Net Minority Interest": -2074000.0,
        "Reconciled Depreciation": 77000.0,
        "Reconciled Cost Of Revenue": 7553000.0,
        "EBITDA": -1747000.0,
        "EBIT": -1824000.0,
        "Net Interest Income": 36000.0,
        "Normalized Income": -1912000.0,
        "Net Income From Continuing And Discontinued Operation": -2074000.0,
        "Total Expenses": 10411000.0,
        "Total Operating Income As Reported": -1824000.0,
        "Diluted Average Shares": 3150230.0,
        "Basic Average Shares": 3150230.0,
        "Diluted EPS": -0.63,
        "Basic EPS": -0.63,
        "Diluted NI Availto Com Stockholders": -2074000.0,
        "Net Income Common Stockholders": -2074000.0,
        "Net Income": -2074000.0,
        "Net Income Including Noncontrolling Interests": -2074000.0,
        "Net Income Discontinuous Operations": NaN,
        "Net Income Continuous Operations": -2074000.0,
        "Tax Provision": 16000.0,
        "Pretax Income": -2058000.0,
        "Other Income Expense": -270000.0,
        "Other Non Operating Income Expenses": NaN,
        "Special Income Charges": 0.0,
        "Other Special Charges": NaN,
        "Earnings From Equity Interest": 0.0,
        "Gain On Sale Of Security": -270000.0,
        "Net Non Operating Interest Income Expense": 36000.0,
        "Total Other Finance Cost": -36000.0,
        "Operating Income": -1824000.0,
        "Operating Expense": 2858000.0,
        "Selling General And Administration": 2858000.0,
        "Gross Profit": 1034000.0,
        "Cost Of Revenue": 7553000.0,
        "Total Revenue": 8587000.0,
        "Operating Revenue": 8587000.0
    },
    "2022-06-30": {
        "Tax Effect Of Unusual Items": -140.679076,
        "Tax Rate For Calcs": 0.000374,
        "Normalized EBITDA": -746000.0,
        "Total Unusual Items": -376000.0,
        "Total Unusual Items Excluding Goodwill": -376000.0,
        "Net Income From Continuing Operation Net Minority Interest": 10687000.0,
        "Reconciled Depreciation": 137000.0,
        "Reconciled Cost Of Revenue": 8889000.0,
        "EBITDA": -1122000.0,
        "EBIT": -1259000.0,
        "Net Interest Income": -98000.0,
        "Normalized Income": 11062859.320924,
        "Net Income From Continuing And Discontinued Operation": 10687000.0,
        "Total Expenses": 11797000.0,
        "Total Operating Income As Reported": 10832000.0,
        "Diluted Average Shares": 3496250.0,
        "Basic Average Shares": 3150230.0,
        "Diluted EPS": 2.54,
        "Basic EPS": 2.82,
        "Diluted NI Availto Com Stockholders": 10687000.0,
        "Net Income Common Stockholders": 10687000.0,
        "Net Income": 10687000.0,
        "Net Income Including Noncontrolling Interests": 10687000.0,
        "Net Income Discontinuous Operations": NaN,
        "Net Income Continuous Operations": 10687000.0,
        "Tax Provision": 4000.0,
        "Pretax Income": 10691000.0,
        "Other Income Expense": 12048000.0,
        "Other Non Operating Income Expenses": 333000.0,
        "Special Income Charges": 0.0,
        "Other Special Charges": NaN,
        "Earnings From Equity Interest": 12091000.0,
        "Gain On Sale Of Security": -376000.0,
        "Net Non Operating Interest Income Expense": -98000.0,
        "Total Other Finance Cost": 98000.0,
        "Operating Income": -1259000.0,
        "Operating Expense": 2908000.0,
        "Selling General And Administration": 2908000.0,
        "Gross Profit": 1649000.0,
        "Cost Of Revenue": 8889000.0,
        "Total Revenue": 10538000.0,
        "Operating Revenue": 10538000.0
    },
    "2022-03-31": {
        "Diluted EPS": 0.37,
        "Total Revenue": NaN,
        "Gross Profit": NaN,
        "Operating Income": -1,
        "EBIT": -1,
        "Net Income": 1
    },
    "2021-12-31": {
        "Diluted EPS": -4.18,
        "Total Revenue": 11,
        "Gross Profit": 3,
        "Operating Income": 1,
        "EBIT": 2,
        "Net Income": -11
    },
    "2021-09-30": {
        "Diluted EPS": -0.34,
        "Total Revenue": 12,
        "Gross Profit": 3,
        "Operating Income": 0,
        "EBIT": 1,
        "Net Income": -1
    },
    "2021-06-30": {
        "Diluted EPS": -2.07,
        "Total Revenue": 9,
        "Gross Profit": 2,
        "Operating Income": -2,
        "EBIT": -1,
        "Net Income": -5
    },
    "2021-03-31": {
        "Diluted EPS": 0.24,
        "Total Revenue": 9,
        "Gross Profit": 1,
        "Operating Income": -2,
        "EBIT": -1,
        "Net Income": 1
    },
    "2020-12-31": {
        "Diluted EPS": -1.61,
        "Total Revenue": 9,
        "Gross Profit": 3,
        "Operating Income": -2,
        "EBIT": -1,
        "Net Income": -3
    },
    "2020-09-30": {
        "Diluted EPS": -0.43,
        "Total Revenue": 12,
        "Gross Profit": 4,
        "Operating Income": -1,
        "EBIT": 0,
        "Net Income": -1
    },
    "2020-06-30": {
        "Diluted EPS": -1.22,
        "Total Revenue": 4,
        "Gross Profit": 1,
        "Operating Income": -2,
        "EBIT": -1,
        "Net Income": -2
    },
    "2020-03-31": {
        "Diluted EPS": -1.33,
        "Total Revenue": 8,
        "Gross Profit": 1,
        "Operating Income": -3,
        "EBIT": -2,
        "Net Income": -2
    },
    "2019-12-31": {
        "Diluted EPS": -3.63,
        "Total Revenue": 11,
        "Gross Profit": 2,
        "Operating Income": -5,
        "EBIT": -3,
        "Net Income": -7
    },
    "2019-09-30": {
        "Diluted EPS": -1.14,
        "Total Revenue": 10,
        "Gross Profit": 3,
        "Operating Income": -3,
        "EBIT": -2,
        "Net Income": -2
    },
    "2019-06-30": {
        "Diluted EPS": -0.81,
        "Total Revenue": 8,
        "Gross Profit": 2,
        "Operating Income": -2,
        "EBIT": -1,
        "Net Income": -1
    },
    "2019-03-31": {
        "Diluted EPS": -1.2,
        "Total Revenue": 6,
        "Gross Profit": 1,
        "Operating Income": -3,
        "EBIT": -2,
        "Net Income": -2
    },
    "2018-12-31": {
        "Diluted EPS": -0.79,
        "Total Revenue": 9,
        "Gross Profit": 3,
        "Operating Income": -1,
        "EBIT": 0,
        "Net Income": -1
    },
    "2018-09-30": {
        "Diluted EPS": -0.87,
        "Total Revenue": 10,
        "Gross Profit": 3,
        "Operating Income": -2,
        "EBIT": -1,
        "Net Income": -1
    },
    "2018-06-30": {
        "Diluted EPS": -1.02,
        "Total Revenue": 8,
        "Gross Profit": 2,
        "Operating Income": -2,
        "EBIT": -1,
        "Net Income": -1
    },
    "2018-03-31": {
        "Diluted EPS": -1.07,
        "Total Revenue": 9,
        "Gross Profit": 2,
        "Operating Income": -2,
        "EBIT": 0,
        "Net Income": -1
    },
    "2017-12-31": {
        "Diluted EPS": -3.6,
        "Total Revenue": 12,
        "Gross Profit": 3,
        "Operating Income": -1,
        "EBIT": 0,
        "Net Income": -5
    },
    "2017-09-30": {
        "Diluted EPS": 0.55,
        "Total Revenue": 11,
        "Gross Profit": 4,
        "Operating Income": 1,
        "EBIT": 1,
        "Net Income": 1
    },
    "2017-06-30": {
        "Diluted EPS": 1.55,
        "Total Revenue": 11,
        "Gross Profit": 4,
        "Operating Income": 2,
        "EBIT": 2,
        "Net Income": 2
    },
    "2017-03-31": {
        "Diluted EPS": 1.6,
        "Total Revenue": 7,
        "Gross Profit": 2,
        "Operating Income": -2,
        "EBIT": -1,
        "Net Income": 2
    },
    "2016-12-31": {
        "Diluted EPS": 0.0,
        "Total Revenue": -37,
        "Gross Profit": -9,
        "Operating Income": 2,
        "EBIT": 2,
        "Net Income": 0
    },
    "2016-09-30": {
        "Diluted EPS": 0.95,
        "Total Revenue": 27,
        "Gross Profit": 8,
        "Operating Income": 1,
        "EBIT": 2,
        "Net Income": 1
    },
    "2016-06-30": {
        "Diluted EPS": -1.75,
        "Total Revenue": 25,
        "Gross Profit": 6,
        "Operating Income": -1,
        "EBIT": -1,
        "Net Income": -2
    },
    "2016-03-31": {
        "Diluted EPS": -0.4,
        "Total Revenue": 25,
        "Gross Profit": 6,
        "Operating Income": -1,
        "EBIT": 0,
        "Net Income": 0
    },
    "2015-12-31": {
        "Diluted EPS": -0.75,
        "Total Revenue": 26,
        "Gross Profit": 5,
        "Operating Income": -2,
        "EBIT": -1,
        "Net Income": -1
    },
    "2015-09-30": {
        "Diluted EPS": -0.65,
        "Total Revenue": 28,
        "Gross Profit": 6,
        "Operating Income": -1,
        "EBIT": -1,
        "Net Income": -1
    },
    "2015-06-30": {
        "Diluted EPS": 0.5,
        "Total Revenue": 30,
        "Gross Profit": 8,
        "Operating Income": 1,
        "EBIT": 1,
        "Net Income": 1
    },
    "2015-03-31": {
        "Diluted EPS": -1.45,
        "Total Revenue": 28,
        "Gross Profit": 6,
        "Operating Income": -2,
        "EBIT": -2,
        "Net Income": -2
    },
    "2014-12-31": {
        "Diluted EPS": -0.5,
        "Total Revenue": 32,
        "Gross Profit": 7,
        "Operating Income": -1,
        "EBIT": 0,
        "Net Income": -1
    },
    "2014-09-30": {
        "Diluted EPS": 0.25,
        "Total Revenue": 33,
        "Gross Profit": 8,
        "Operating Income": 1,
        "EBIT": 1,
        "Net Income": 0
    },
    "2014-06-30": {
        "Diluted EPS": 0.3,
        "Total Revenue": 33,
        "Gross Profit": 8,
        "Operating Income": 1,
        "EBIT": 1,
        "Net Income": 0
    },
    "2014-03-31": {
        "Diluted EPS": 0.6,
        "Total Revenue": 33,
        "Gross Profit": 9,
        "Operating Income": 2,
        "EBIT": 2,
        "Net Income": 1
    },
    "2013-12-31": {
        "Diluted EPS": 0.95,
        "Total Revenue": 32,
        "Gross Profit": 7,
        "Operating Income": 0,
        "EBIT": 0,
        "Net Income": 1
    },
    "2013-09-30": {
        "Diluted EPS": 1.0,
        "Total Revenue": 34,
        "Gross Profit": 9,
        "Operating Income": 2,
        "EBIT": 2,
        "Net Income": 1
    },
    "2013-06-30": {
        "Diluted EPS": 0.65,
        "Total Revenue": 32,
        "Gross Profit": 8,
        "Operating Income": 1,
        "EBIT": 1,
        "Net Income": 1
    },
    "2013-03-31": {
        "Diluted EPS": 0.15,
        "Total Revenue": 30,
        "Gross Profit": 8,
        "Operating Income": 0,
        "EBIT": 1,
        "Net Income": 0
    },
    "2012-12-31": {
        "Diluted EPS": -1.85,
        "Total Revenue": 27,
        "Gross Profit": 6,
        "Operating Income": -2,
        "EBIT": -2,
        "Net Income": -2
    },
    "2012-09-30": {
        "Diluted EPS": -0.95,
        "Total Revenue": 29,
        "Gross Profit": 7,
        "Operating Income": -1,
        "EBIT": -1,
        "Net Income": -1
    },
    "2012-06-30": {
        "Diluted EPS": -0.6,
        "Total Revenue": 30,
        "Gross Profit": 8,
        "Operating Income": 0,
        "EBIT": 0,
        "Net Income": -1
    },
    "2012-03-31": {
        "Diluted EPS": -0.05,
        "Total Revenue": 29,
        "Gross Profit": 8,
        "Operating Income": 0,
        "EBIT": 0,
        "Net Income": 0
    },
    "2011-12-31": {
        "Diluted EPS": 0.0,
        "Total Revenue": 28,
        "Gross Profit": 8,
        "Operating Income": 1,
        "EBIT": 1,
        "Net Income": 0
    },
    "2011-09-30": {
        "Diluted EPS": 1.5,
        "Total Revenue": 36,
        "Gross Profit": 10,
        "Operating Income": 3,
        "EBIT": 3,
        "Net Income": 2
    },
    "2011-06-30": {
        "Diluted EPS": 1.75,
        "Total Revenue": 33,
        "Gross Profit": 10,
        "Operating Income": 2,
        "EBIT": 2,
        "Net Income": 2
    },
    "2011-03-31": {
        "Diluted EPS": 0.6,
        "Total Revenue": 30,
        "Gross Profit": 9,
        "Operating Income": 2,
        "EBIT": 2,
        "Net Income": 1
    },
    "2010-12-31": {
        "Diluted EPS": 0.3,
        "Total Revenue": 25,
        "Gross Profit": 7,
        "Operating Income": 0,
        "EBIT": 1,
        "Net Income": 0
    },
    "2010-09-30": {
        "Diluted EPS": 0.8,
        "Total Revenue": 27,
        "Gross Profit": 9,
        "Operating Income": 1,
        "EBIT": 2,
        "Net Income": 1
    },
    "2010-06-30": {
        "Diluted EPS": 0.65,
        "Total Revenue": 28,
        "Gross Profit": 9,
        "Operating Income": 1,
        "EBIT": 1,
        "Net Income": 1
    },
    "2010-03-31": {
        "Diluted EPS": 0.1,
        "Total Revenue": 27,
        "Gross Profit": 8,
        "Operating Income": 0,
        "EBIT": 1,
        "Net Income": 0
    },
    "2009-12-31": {
        "Diluted EPS": -1.5,
        "Total Revenue": 24,
        "Gross Profit": 6,
        "Operating Income": -1,
        "EBIT": -1,
        "Net Income": -1
    },
    "2009-09-30": {
        "Diluted EPS": 0.45,
        "Total Revenue": 26,
        "Gross Profit": 8,
        "Operating Income": 1,
        "EBIT": 1,
        "Net Income": 0
    },
    "2009-06-30": {
        "Diluted EPS": -0.45,
        "Total Revenue": 25,
        "Gross Profit": 8,
        "Operating Income": 0,
        "EBIT": 0,
        "Net Income": 0
    },
    "2009-03-31": {
        "Diluted EPS": -2.15,
        "Total Revenue": 26,
        "Gross Profit": 6,
        "Operating Income": -2,
        "EBIT": -1,
        "Net Income": -2
    },
    "2023-06-30": {
        "Tax Effect Of Unusual Items": 0.0,
        "Tax Rate For Calcs": 0.4,
        "Normalized EBITDA": -697000.0,
        "Total Unusual Items": 0.0,
        "Total Unusual Items Excluding Goodwill": 0.0,
        "Net Income From Continuing Operation Net Minority Interest": 79000.0,
        "Reconciled Depreciation": 363000.0,
        "Reconciled Cost Of Revenue": 0.0,
        "EBITDA": -697000.0,
        "EBIT": -1060000.0,
        "Net Interest Income": 365000.0,
        "Normalized Income": 79000.0,
        "Net Income From Continuing And Discontinued Operation": 123000.0,
        "Total Expenses": 1060000.0,
        "Total Operating Income As Reported": -1060000.0,
        "Diluted Average Shares": 3665887.0,
        "Basic Average Shares": 3665887.0,
        "Diluted EPS": 0.03,
        "Basic EPS": 0.03,
        "Diluted NI Availto Com Stockholders": 123000.0,
        "Net Income Common Stockholders": 123000.0,
        "Net Income": 123000.0,
        "Net Income Including Noncontrolling Interests": 123000.0,
        "Net Income Discontinuous Operations": 44000.0,
        "Net Income Continuous Operations": 79000.0,
        "Tax Provision": -17000.0,
        "Pretax Income": 62000.0,
        "Other Income Expense": 757000.0,
        "Other Non Operating Income Expenses": 757000.0,
        "Special Income Charges": 0.0,
        "Other Special Charges": NaN,
        "Earnings From Equity Interest": NaN,
        "Gain On Sale Of Security": NaN,
        "Net Non Operating Interest Income Expense": 365000.0,
        "Total Other Finance Cost": -365000.0,
        "Operating Income": -1060000.0,
        "Operating Expense": 1060000.0,
        "Selling General And Administration": 1060000.0,
        "Gross Profit": 0.0,
        "Cost Of Revenue": 0.0,
        "Total Revenue": 0.0,
        "Operating Revenue": 0.0
    }
}