{
    "2023-03-31": {
        "Tax Effect Of Unusual Items": 0.0,
        "Tax Rate For Calcs": 0.0,
        "Normalized EBITDA": -19828000.0,
        "Net Income From Continuing Operation Net Minority Interest": -17459000.0,
        "Reconciled Depreciation": 453000.0,
        "EBITDA": -19828000.0,
        "EBIT": -20281000.0,
        "Net Interest Income": 2822000.0,
        "Interest Income": 2822000.0,
        "Normalized Income": -17459000.0,
        "Net Income From Continuing And Discontinued Operation": -17459000.0,
        "Total Expenses": 22329000.0,
        "Total Operating Income As Reported": -20281000.0,
        "Diluted NI Availto Com Stockholders": -17459000.0,
        "Net Income Common Stockholders": -17459000.0,
        "Net Income": -17459000.0,
        "Net Income Including Noncontrolling Interests": -17459000.0,
        "Net Income Continuous Operations": -17459000.0,
        "Pretax Income": -17459000.0,
        "Net Non Operating Interest Income Expense": 2822000.0,
        "Interest Income Non Operating": 2822000.0,
        "Operating Income": -20281000.0,
        "Operating Expense": 22329000.0,
        "Research And Development": 15865000.0,
        "Selling General And Administration": 6464000.0,
        "General And Administrative Expense": 6464000.0,
        "Other Gand A": 6464000.0,
        "Total Revenue": 2048000.0,
        "Operating Revenue": 2048000.0
    },
    "2022-12-31": {
        "Tax Effect Of Unusual Items": 0.0,
        "Tax Rate For Calcs": 0.0,
        "Normalized EBITDA": -17863000.0,
        "Net Income From Continuing Operation Net Minority Interest": -16065000.0,
        "Reconciled Depreciation": 403000.0,
        "EBITDA": -17863000.0,
        "EBIT": -18266000.0,
        "Net Interest Income": 2201000.0,
        "Interest Income": 2201000.0,
        "Normalized Income": -16065000.0,
        "Net Income From Continuing And Discontinued Operation": -16065000.0,
        "Total Expenses": 21111000.0,
        "Total Operating Income As Reported": -18266000.0,
        "Diluted NI Availto Com Stockholders": -16065000.0,
        "Net Income Common Stockholders": -16065000.0,
        "Net Income": -16065000.0,
        "Net Income Including Noncontrolling Interests": -16065000.0,
        "Net Income Continuous Operations": -16065000.0,
        "Pretax Income": -16065000.0,
        "Net Non Operating Interest Income Expense": 2201000.0,
        "Interest Income Non Operating": 2201000.0,
        "Operating Income": -18266000.0,
        "Operating Expense": 21111000.0,
        "Research And Development": 15434000.0,
        "Selling General And Administration": 5677000.0,
        "General And Administrative Expense": 5677000.0,
        "Other Gand A": 5677000.0,
        "Total Revenue": 2845000.0,
        "Operating Revenue": 2845000.0
    },
    "2022-09-30": {
        "Tax Effect Of Unusual Items": 0.0,
        "Tax Rate For Calcs": 0.0,
        "Normalized EBITDA": -17773000.0,
        "Net Income From Continuing Operation Net Minority Interest": -16696000.0,
        "Reconciled Depreciation": 249000.0,
        "EBITDA": -17773000.0,
        "EBIT": -18022000.0,
        "Net Interest Income": 1326000.0,
        "Interest Income": 1326000.0,
        "Normalized Income": -16696000.0,
        "Net Income From Continuing And Discontinued Operation": -16696000.0,
        "Total Expenses": 19835000.0,
        "Total Operating Income As Reported": -18022000.0,
        "Diluted Average Shares": 41526524.0,
        "Basic Average Shares": 41526524.0,
        "Diluted EPS": -0.4,
        "Basic EPS": -0.4,
        "Diluted NI Availto Com Stockholders": -16696000.0,
        "Net Income Common Stockholders": -16696000.0,
        "Net Income": -16696000.0,
        "Net Income Including Noncontrolling Interests": -16696000.0,
        "Net Income Continuous Operations": -16696000.0,
        "Pretax Income": -16696000.0,
        "Other Income Expense": NaN,
        "Other Non Operating Income Expenses": NaN,
        "Net Non Operating Interest Income Expense": 1326000.0,
        "Interest Income Non Operating": 1326000.0,
        "Operating Income": -18022000.0,
        "Operating Expense": 19835000.0,
        "Research And Development": 13737000.0,
        "Selling General And Administration": 6098000.0,
        "General And Administrative Expense": 6098000.0,
        "Other Gand A": 6098000.0,
        "Total Revenue": 1813000.0,
        "Operating Revenue": 1813000.0
    },
    "2022-06-30": {
        "Tax Effect Of Unusual Items": 0.0,
        "Tax Rate For Calcs": 0.0,
        "Normalized EBITDA": -17153000.0,
        "Net Income From Continuing Operation Net Minority Interest": -16888000.0,
        "Reconciled Depreciation": 108000.0,
        "EBITDA": -17153000.0,
        "EBIT": -17261000.0,
        "Net Interest Income": 373000.0,
        "Interest Income": 373000.0,
        "Normalized Income": -16888000.0,
        "Net Income From Continuing And Discontinued Operation": -16888000.0,
        "Total Expenses": 19626000.0,
        "Total Operating Income As Reported": -17261000.0,
        "Diluted Average Shares": 41448743.0,
        "Basic Average Shares": 41448743.0,
        "Diluted EPS": -0.41,
        "Basic EPS": -0.41,
        "Diluted NI Availto Com Stockholders": -16888000.0,
        "Net Income Common Stockholders": -16888000.0,
        "Net Income": -16888000.0,
        "Net Income Including Noncontrolling Interests": -16888000.0,
        "Net Income Continuous Operations": -16888000.0,
        "Pretax Income": -16888000.0,
        "Other Income Expense": NaN,
        "Other Non Operating Income Expenses": NaN,
        "Net Non Operating Interest Income Expense": 373000.0,
        "Interest Income Non Operating": 373000.0,
        "Operating Income": -17261000.0,
        "Operating Expense": 19626000.0,
        "Research And Development": 14086000.0,
        "Selling General And Administration": 5540000.0,
        "General And Administrative Expense": 5540000.0,
        "Other Gand A": 5540000.0,
        "Total Revenue": 2365000.0,
        "Operating Revenue": 2365000.0
    },
    "2022-03-31": {
        "Diluted EPS": -0.32,
        "Total Revenue": 2,
        "Gross Profit": 2,
        "Operating Income": -14,
        "EBIT": -13,
        "Net Income": -13
    },
    "2021-12-31": {
        "Diluted EPS": 1.55,
        "Total Revenue": 2,
        "Gross Profit": 2,
        "Operating Income": -13,
        "EBIT": -13,
        "Net Income": -13
    },
    "2021-09-30": {
        "Diluted EPS": -0.26,
        "Total Revenue": 1,
        "Gross Profit": 1,
        "Operating Income": -11,
        "EBIT": -11,
        "Net Income": -11
    },
    "2021-06-30": {
        "Diluted EPS": -0.62,
        "Total Revenue": 0,
        "Gross Profit": 0,
        "Operating Income": -6,
        "EBIT": -6,
        "Net Income": -6
    },
    "2021-03-31": {
        "Diluted EPS": -2.06,
        "Total Revenue": 0,
        "Gross Profit": 0,
        "Operating Income": -2,
        "EBIT": -2,
        "Net Income": -2
    },
    "2020-12-31": {
        "Diluted EPS": 0.0,
        "Total Revenue": NaN,
        "Gross Profit": NaN,
        "Operating Income": NaN,
        "EBIT": NaN,
        "Net Income": NaN
    },
    "2020-09-30": {
        "Diluted EPS": -1.33,
        "Total Revenue": NaN,
        "Gross Profit": NaN,
        "Operating Income": -1,
        "EBIT": -1,
        "Net Income": -1
    },
    "2020-06-30": {
        "Diluted EPS": -2.76,
        "Total Revenue": NaN,
        "Gross Profit": NaN,
        "Operating Income": -1,
        "EBIT": -1,
        "Net Income": -2
    },
    "2019-12-31": {
        "Diluted EPS": 0.0,
        "Total Revenue": NaN,
        "Gross Profit": NaN,
        "Operating Income": NaN,
        "EBIT": NaN,
        "Net Income": NaN
    },
    "2023-06-30": {
        "Tax Effect Of Unusual Items": 0.0,
        "Tax Rate For Calcs": 0.0,
        "Normalized EBITDA": -20277000.0,
        "Net Income From Continuing Operation Net Minority Interest": -17508000.0,
        "Reconciled Depreciation": 471000.0,
        "EBITDA": -20277000.0,
        "EBIT": -20748000.0,
        "Net Interest Income": 3240000.0,
        "Interest Income": 3240000.0,
        "Normalized Income": -17508000.0,
        "Net Income From Continuing And Discontinued Operation": -17508000.0,
        "Total Expenses": 21805000.0,
        "Total Operating Income As Reported": -20748000.0,
        "Diluted NI Availto Com Stockholders": -17508000.0,
        "Net Income Common Stockholders": -17508000.0,
        "Net Income": -17508000.0,
        "Net Income Including Noncontrolling Interests": -17508000.0,
        "Net Income Continuous Operations": -17508000.0,
        "Pretax Income": -17508000.0,
        "Net Non Operating Interest Income Expense": 3240000.0,
        "Interest Income Non Operating": 3240000.0,
        "Operating Income": -20748000.0,
        "Operating Expense": 21805000.0,
        "Research And Development": 14924000.0,
        "Selling General And Administration": 6881000.0,
        "General And Administrative Expense": 6881000.0,
        "Other Gand A": 6881000.0,
        "Total Revenue": 1057000.0,
        "Operating Revenue": 1057000.0
    },
    "2023-09-30": {
        "Tax Effect Of Unusual Items": 0.0,
        "Tax Rate For Calcs": 0.0,
        "Normalized EBITDA": -15313000.0,
        "Net Income From Continuing Operation Net Minority Interest": -11568000.0,
        "Reconciled Depreciation": 500000.0,
        "EBITDA": -15313000.0,
        "EBIT": -15813000.0,
        "Net Interest Income": 4245000.0,
        "Interest Income": 4245000.0,
        "Normalized Income": -11568000.0,
        "Net Income From Continuing And Discontinued Operation": -11568000.0,
        "Total Expenses": 18330000.0,
        "Total Operating Income As Reported": -15813000.0,
        "Diluted NI Availto Com Stockholders": -11568000.0,
        "Net Income Common Stockholders": -11568000.0,
        "Net Income": -11568000.0,
        "Net Income Including Noncontrolling Interests": -11568000.0,
        "Net Income Continuous Operations": -11568000.0,
        "Pretax Income": -11568000.0,
        "Net Non Operating Interest Income Expense": 4245000.0,
        "Interest Income Non Operating": 4245000.0,
        "Operating Income": -15813000.0,
        "Operating Expense": 18330000.0,
        "Research And Development": 11892000.0,
        "Selling General And Administration": 6438000.0,
        "General And Administrative Expense": 6438000.0,
        "Other Gand A": 6438000.0,
        "Total Revenue": 2517000.0,
        "Operating Revenue": 2517000.0
    }
}