{
    "2023-03-31": {
        "Tax Effect Of Unusual Items": 0.0,
        "Tax Rate For Calcs": 0.257,
        "Normalized EBITDA": 60600000.0,
        "Total Unusual Items": NaN,
        "Total Unusual Items Excluding Goodwill": NaN,
        "Net Income From Continuing Operation Net Minority Interest": 26000000.0,
        "Reconciled Depreciation": 9600000.0,
        "Reconciled Cost Of Revenue": 152000000.0,
        "EBITDA": 60600000.0,
        "EBIT": 51000000.0,
        "Net Interest Income": -16000000.0,
        "Interest Expense": 16000000.0,
        "Normalized Income": 26000000.0,
        "Net Income From Continuing And Discontinued Operation": 26000000.0,
        "Total Expenses": 200900000.0,
        "Total Operating Income As Reported": 51000000.0,
        "Diluted Average Shares": 146751901.0,
        "Basic Average Shares": 146703894.0,
        "Diluted EPS": 0.18,
        "Basic EPS": 0.18,
        "Diluted NI Availto Com Stockholders": 26000000.0,
        "Net Income Common Stockholders": 26000000.0,
        "Net Income": 26000000.0,
        "Net Income Including Noncontrolling Interests": 26000000.0,
        "Net Income Continuous Operations": 26000000.0,
        "Tax Provision": 9000000.0,
        "Pretax Income": 35000000.0,
        "Other Income Expense": -15000.0,
        "Other Non Operating Income Expenses": -15000.0,
        "Special Income Charges": NaN,
        "Other Special Charges": NaN,
        "Restructuring And Mergern Acquisition": NaN,
        "Net Non Operating Interest Income Expense": -16000000.0,
        "Interest Expense Non Operating": 16000000.0,
        "Operating Income": 51000000.0,
        "Operating Expense": 48900000.0,
        "Selling General And Administration": 48900000.0,
        "Selling And Marketing Expense": 14800000.0,
        "General And Administrative Expense": 34100000.0,
        "Other Gand A": 34100000.0,
        "Gross Profit": 99900000.0,
        "Cost Of Revenue": 152000000.0,
        "Total Revenue": 251900000.0,
        "Operating Revenue": 251900000.0
    },
    "2022-12-31": {
        "Tax Effect Of Unusual Items": NaN,
        "Tax Rate For Calcs": NaN,
        "Normalized EBITDA": NaN,
        "Total Unusual Items": 0.0,
        "Total Unusual Items Excluding Goodwill": 0.0,
        "Net Income From Continuing Operation Net Minority Interest": NaN,
        "Reconciled Depreciation": NaN,
        "Reconciled Cost Of Revenue": NaN,
        "EBITDA": NaN,
        "EBIT": NaN,
        "Net Interest Income": NaN,
        "Interest Expense": NaN,
        "Normalized Income": NaN,
        "Net Income From Continuing And Discontinued Operation": NaN,
        "Total Expenses": NaN,
        "Total Operating Income As Reported": NaN,
        "Diluted Average Shares": NaN,
        "Basic Average Shares": NaN,
        "Diluted EPS": NaN,
        "Basic EPS": NaN,
        "Diluted NI Availto Com Stockholders": NaN,
        "Net Income Common Stockholders": NaN,
        "Net Income": NaN,
        "Net Income Including Noncontrolling Interests": NaN,
        "Net Income Continuous Operations": NaN,
        "Tax Provision": NaN,
        "Pretax Income": NaN,
        "Other Income Expense": NaN,
        "Other Non Operating Income Expenses": NaN,
        "Special Income Charges": 0.0,
        "Other Special Charges": NaN,
        "Restructuring And Mergern Acquisition": 0.0,
        "Net Non Operating Interest Income Expense": NaN,
        "Interest Expense Non Operating": NaN,
        "Operating Income": NaN,
        "Operating Expense": NaN,
        "Selling General And Administration": NaN,
        "Selling And Marketing Expense": NaN,
        "General And Administrative Expense": NaN,
        "Other Gand A": NaN,
        "Gross Profit": NaN,
        "Cost Of Revenue": NaN,
        "Total Revenue": NaN,
        "Operating Revenue": NaN
    },
    "2022-09-30": {
        "Tax Effect Of Unusual Items": NaN,
        "Tax Rate For Calcs": NaN,
        "Normalized EBITDA": NaN,
        "Total Unusual Items": 0.0,
        "Total Unusual Items Excluding Goodwill": 0.0,
        "Net Income From Continuing Operation Net Minority Interest": NaN,
        "Reconciled Depreciation": NaN,
        "Reconciled Cost Of Revenue": NaN,
        "EBITDA": NaN,
        "EBIT": NaN,
        "Net Interest Income": NaN,
        "Interest Expense": NaN,
        "Normalized Income": NaN,
        "Net Income From Continuing And Discontinued Operation": NaN,
        "Total Expenses": NaN,
        "Total Operating Income As Reported": NaN,
        "Diluted Average Shares": NaN,
        "Basic Average Shares": NaN,
        "Diluted EPS": NaN,
        "Basic EPS": NaN,
        "Diluted NI Availto Com Stockholders": NaN,
        "Net Income Common Stockholders": NaN,
        "Net Income": NaN,
        "Net Income Including Noncontrolling Interests": NaN,
        "Net Income Continuous Operations": NaN,
        "Tax Provision": NaN,
        "Pretax Income": NaN,
        "Other Income Expense": NaN,
        "Other Non Operating Income Expenses": NaN,
        "Special Income Charges": 0.0,
        "Other Special Charges": NaN,
        "Restructuring And Mergern Acquisition": 0.0,
        "Net Non Operating Interest Income Expense": NaN,
        "Interest Expense Non Operating": NaN,
        "Operating Income": NaN,
        "Operating Expense": NaN,
        "Selling General And Administration": NaN,
        "Selling And Marketing Expense": NaN,
        "General And Administrative Expense": NaN,
        "Other Gand A": NaN,
        "Gross Profit": NaN,
        "Cost Of Revenue": NaN,
        "Total Revenue": NaN,
        "Operating Revenue": NaN
    },
    "2022-06-30": {
        "Tax Effect Of Unusual Items": 0.0,
        "Tax Rate For Calcs": 0.255,
        "Normalized EBITDA": 49131000.0,
        "Total Unusual Items": 0.0,
        "Total Unusual Items Excluding Goodwill": 0.0,
        "Net Income From Continuing Operation Net Minority Interest": 22837000.0,
        "Reconciled Depreciation": 9624000.0,
        "Reconciled Cost Of Revenue": 163733000.0,
        "EBITDA": 49131000.0,
        "EBIT": 39507000.0,
        "Net Interest Income": -8868000.0,
        "Interest Expense": 8868000.0,
        "Normalized Income": 22837000.0,
        "Net Income From Continuing And Discontinued Operation": 22837000.0,
        "Total Expenses": 207865000.0,
        "Total Operating Income As Reported": 39849000.0,
        "Diluted Average Shares": 146717937.0,
        "Basic Average Shares": 146575720.0,
        "Diluted EPS": 0.16,
        "Basic EPS": 0.16,
        "Diluted NI Availto Com Stockholders": 22837000.0,
        "Net Income Common Stockholders": 22837000.0,
        "Net Income": 22837000.0,
        "Net Income Including Noncontrolling Interests": 22837000.0,
        "Net Income Continuous Operations": 22837000.0,
        "Tax Provision": 7802000.0,
        "Pretax Income": 30639000.0,
        "Other Income Expense": -342000.0,
        "Other Non Operating Income Expenses": -342000.0,
        "Special Income Charges": 0.0,
        "Restructuring And Mergern Acquisition": 0.0,
        "Net Non Operating Interest Income Expense": -8868000.0,
        "Interest Expense Non Operating": 8868000.0,
        "Operating Income": 39849000.0,
        "Operating Expense": 44132000.0,
        "Selling General And Administration": 44132000.0,
        "Selling And Marketing Expense": 14389000.0,
        "General And Administrative Expense": 29743000.0,
        "Other Gand A": 29743000.0,
        "Gross Profit": 83981000.0,
        "Cost Of Revenue": 163733000.0,
        "Total Revenue": 247714000.0,
        "Operating Revenue": 247714000.0
    },
    "2022-03-31": {
        "Diluted EPS": 0.13,
        "Total Revenue": 230,
        "Gross Profit": 77,
        "Operating Income": 35,
        "EBIT": 45,
        "Net Income": 20
    },
    "2021-12-31": {
        "Diluted EPS": 0.1,
        "Total Revenue": 235,
        "Gross Profit": 77,
        "Operating Income": 32,
        "EBIT": 44,
        "Net Income": 15
    },
    "2021-09-30": {
        "Diluted EPS": 0.1,
        "Total Revenue": 188,
        "Gross Profit": 62,
        "Operating Income": 25,
        "EBIT": 36,
        "Net Income": 16
    },
    "2021-06-30": {
        "Diluted EPS": -0.02,
        "Total Revenue": 174,
        "Gross Profit": 59,
        "Operating Income": 11,
        "EBIT": 20,
        "Net Income": -2
    },
    "2021-03-31": {
        "Diluted EPS": 0.22,
        "Total Revenue": 153,
        "Gross Profit": 53,
        "Operating Income": 24,
        "EBIT": 33,
        "Net Income": 15
    },
    "2020-12-31": {
        "Diluted EPS": -0.18,
        "Total Revenue": 286,
        "Gross Profit": 106,
        "Operating Income": 45,
        "EBIT": 54,
        "Net Income": 17
    },
    "2020-09-30": {
        "Diluted EPS": 0.32,
        "Total Revenue": 140,
        "Gross Profit": 53,
        "Operating Income": 30,
        "EBIT": 39,
        "Net Income": 21
    },
    "2020-06-30": {
        "Diluted EPS": 0.17,
        "Total Revenue": 122,
        "Gross Profit": 45,
        "Operating Income": 20,
        "EBIT": 20,
        "Net Income": 11
    },
    "2020-03-31": {
        "Diluted EPS": 0.55,
        "Total Revenue": NaN,
        "Gross Profit": NaN,
        "Operating Income": 0,
        "EBIT": 0,
        "Net Income": 8
    },
    "2019-12-31": {
        "Diluted EPS": 0.0,
        "Total Revenue": NaN,
        "Gross Profit": NaN,
        "Operating Income": NaN,
        "EBIT": NaN,
        "Net Income": NaN
    },
    "2019-09-30": {
        "Diluted EPS": 0.0,
        "Total Revenue": NaN,
        "Gross Profit": NaN,
        "Operating Income": NaN,
        "EBIT": NaN,
        "Net Income": NaN
    },
    "2023-06-30": {
        "Tax Effect Of Unusual Items": 0.0,
        "Tax Rate For Calcs": 0.251,
        "Normalized EBITDA": 73800000.0,
        "Total Unusual Items": 0.0,
        "Total Unusual Items Excluding Goodwill": 0.0,
        "Net Income From Continuing Operation Net Minority Interest": 37000000.0,
        "Reconciled Depreciation": 9600000.0,
        "Reconciled Cost Of Revenue": 154300000.0,
        "EBITDA": 73800000.0,
        "EBIT": 64200000.0,
        "Net Interest Income": -14800000.0,
        "Interest Expense": 14800000.0,
        "Normalized Income": 37000000.0,
        "Net Income From Continuing And Discontinued Operation": 37000000.0,
        "Total Expenses": 206300000.0,
        "Total Operating Income As Reported": 64300000.0,
        "Diluted Average Shares": 146772157.0,
        "Basic Average Shares": 146765631.0,
        "Diluted EPS": 0.25,
        "Basic EPS": 0.25,
        "Diluted NI Availto Com Stockholders": 37000000.0,
        "Net Income Common Stockholders": 37000000.0,
        "Net Income": 37000000.0,
        "Net Income Including Noncontrolling Interests": 37000000.0,
        "Net Income Continuous Operations": 37000000.0,
        "Tax Provision": 12400000.0,
        "Pretax Income": 49400000.0,
        "Other Income Expense": -100000.0,
        "Other Non Operating Income Expenses": -100000.0,
        "Special Income Charges": 0.0,
        "Other Special Charges": NaN,
        "Net Non Operating Interest Income Expense": -14800000.0,
        "Interest Expense Non Operating": 14800000.0,
        "Operating Income": 64300000.0,
        "Operating Expense": 52000000.0,
        "Selling General And Administration": 52000000.0,
        "Selling And Marketing Expense": 16700000.0,
        "General And Administrative Expense": 35300000.0,
        "Other Gand A": 35300000.0,
        "Gross Profit": 116300000.0,
        "Cost Of Revenue": 154300000.0,
        "Total Revenue": 270600000.0,
        "Operating Revenue": 270600000.0
    },
    "2023-09-30": {
        "Tax Effect Of Unusual Items": -978900.0,
        "Tax Rate For Calcs": 0.251,
        "Normalized EBITDA": 77500000.0,
        "Total Unusual Items": -3900000.0,
        "Total Unusual Items Excluding Goodwill": -3900000.0,
        "Net Income From Continuing Operation Net Minority Interest": 37000000.0,
        "Reconciled Depreciation": 9700000.0,
        "Reconciled Cost Of Revenue": 161000000.0,
        "EBITDA": 73600000.0,
        "EBIT": 63900000.0,
        "Net Interest Income": -14500000.0,
        "Interest Expense": 14500000.0,
        "Normalized Income": 39921100.0,
        "Net Income From Continuing And Discontinued Operation": 37000000.0,
        "Total Expenses": 213600000.0,
        "Total Operating Income As Reported": 66500000.0,
        "Diluted Average Shares": 146993865.0,
        "Basic Average Shares": 146827175.0,
        "Diluted EPS": 0.25,
        "Basic EPS": 0.25,
        "Diluted NI Availto Com Stockholders": 37000000.0,
        "Net Income Common Stockholders": 37000000.0,
        "Net Income": 37000000.0,
        "Net Income Including Noncontrolling Interests": 37000000.0,
        "Net Income Continuous Operations": 37000000.0,
        "Tax Provision": 12400000.0,
        "Pretax Income": 49400000.0,
        "Other Income Expense": -2600000.0,
        "Other Non Operating Income Expenses": 1300000.0,
        "Special Income Charges": -3900000.0,
        "Other Special Charges": 3900000.0,
        "Net Non Operating Interest Income Expense": -14500000.0,
        "Interest Expense Non Operating": 14500000.0,
        "Operating Income": 66500000.0,
        "Operating Expense": 52600000.0,
        "Selling General And Administration": 52600000.0,
        "Selling And Marketing Expense": 17700000.0,
        "General And Administrative Expense": 34900000.0,
        "Other Gand A": 34900000.0,
        "Gross Profit": 119100000.0,
        "Cost Of Revenue": 161000000.0,
        "Total Revenue": 280100000.0,
        "Operating Revenue": 280100000.0
    },
    "2023-12-31": {
        "Tax Effect Of Unusual Items": 0.0,
        "Tax Rate For Calcs": 0.272912,
        "Normalized EBITDA": 74000000.0,
        "Total Unusual Items": 0.0,
        "Total Unusual Items Excluding Goodwill": 0.0,
        "Net Income From Continuing Operation Net Minority Interest": 35700000.0,
        "Reconciled Depreciation": 10200000.0,
        "Reconciled Cost Of Revenue": 149400000.0,
        "EBITDA": 74000000.0,
        "EBIT": 63800000.0,
        "Net Interest Income": -14700000.0,
        "Interest Expense": 14700000.0,
        "Normalized Income": 35700000.0,
        "Net Income From Continuing And Discontinued Operation": 35700000.0,
        "Total Expenses": 199900000.0,
        "Total Operating Income As Reported": 63900000.0,
        "Diluted Average Shares": 147010309.0,
        "Basic Average Shares": 146831705.0,
        "Diluted EPS": 0.24,
        "Basic EPS": 0.24,
        "Diluted NI Availto Com Stockholders": 35700000.0,
        "Net Income Common Stockholders": 35700000.0,
        "Net Income": 35700000.0,
        "Net Income Including Noncontrolling Interests": 35700000.0,
        "Net Income Continuous Operations": 35700000.0,
        "Tax Provision": 13400000.0,
        "Pretax Income": 49100000.0,
        "Other Income Expense": -100000.0,
        "Other Non Operating Income Expenses": -100000.0,
        "Special Income Charges": 0.0,
        "Other Special Charges": 0.0,
        "Net Non Operating Interest Income Expense": -14700000.0,
        "Interest Expense Non Operating": 14700000.0,
        "Operating Income": 63900000.0,
        "Operating Expense": 50500000.0,
        "Selling General And Administration": 50500000.0,
        "Selling And Marketing Expense": 16300000.0,
        "General And Administrative Expense": 34200000.0,
        "Other Gand A": 34200000.0,
        "Gross Profit": 114400000.0,
        "Cost Of Revenue": 149400000.0,
        "Total Revenue": 263800000.0,
        "Operating Revenue": 263800000.0
    },
    "2024-03-31": {
        "Tax Effect Of Unusual Items": 0.0,
        "Tax Rate For Calcs": 0.255,
        "Normalized EBITDA": 65800000.0,
        "Total Unusual Items": NaN,
        "Total Unusual Items Excluding Goodwill": NaN,
        "Net Income From Continuing Operation Net Minority Interest": 30700000.0,
        "Reconciled Depreciation": 10200000.0,
        "Reconciled Cost Of Revenue": 144100000.0,
        "EBITDA": 65800000.0,
        "EBIT": 55600000.0,
        "Net Interest Income": -14400000.0,
        "Interest Expense": 14400000.0,
        "Normalized Income": 30700000.0,
        "Net Income From Continuing And Discontinued Operation": 30700000.0,
        "Total Expenses": 199000000.0,
        "Total Operating Income As Reported": 55500000.0,
        "Diluted Average Shares": 147046212.0,
        "Basic Average Shares": 146604142.0,
        "Diluted EPS": 0.21,
        "Basic EPS": 0.21,
        "Diluted NI Availto Com Stockholders": 30700000.0,
        "Net Income Common Stockholders": 30700000.0,
        "Net Income": 30700000.0,
        "Net Income Including Noncontrolling Interests": 30700000.0,
        "Net Income Continuous Operations": 30700000.0,
        "Tax Provision": 10500000.0,
        "Pretax Income": 41200000.0,
        "Other Income Expense": 100000.0,
        "Other Non Operating Income Expenses": 100000.0,
        "Special Income Charges": NaN,
        "Other Special Charges": NaN,
        "Net Non Operating Interest Income Expense": -14400000.0,
        "Interest Expense Non Operating": 14400000.0,
        "Operating Income": 55500000.0,
        "Operating Expense": 54900000.0,
        "Selling General And Administration": 54900000.0,
        "Selling And Marketing Expense": 17600000.0,
        "General And Administrative Expense": 37300000.0,
        "Other Gand A": 37300000.0,
        "Gross Profit": 110400000.0,
        "Cost Of Revenue": 144100000.0,
        "Total Revenue": 254500000.0,
        "Operating Revenue": 254500000.0
    },
    "2024-06-30": {
        "Tax Effect Of Unusual Items": -435200.0,
        "Tax Rate For Calcs": 0.256,
        "Normalized EBITDA": 63000000.0,
        "Total Unusual Items": -1700000.0,
        "Total Unusual Items Excluding Goodwill": -1700000.0,
        "Net Income From Continuing Operation Net Minority Interest": 27600000.0,
        "Reconciled Depreciation": 11200000.0,
        "Reconciled Cost Of Revenue": 139400000.0,
        "EBITDA": 61300000.0,
        "EBIT": 50100000.0,
        "Net Interest Income": -13000000.0,
        "Interest Expense": 13000000.0,
        "Normalized Income": 28864800.0,
        "Net Income From Continuing And Discontinued Operation": 27600000.0,
        "Total Expenses": 196800000.0,
        "Total Operating Income As Reported": 51600000.0,
        "Diluted Average Shares": 146435123.0,
        "Basic Average Shares": 145857673.0,
        "Diluted EPS": 0.19,
        "Basic EPS": 0.19,
        "Diluted NI Availto Com Stockholders": 27600000.0,
        "Net Income Common Stockholders": 27600000.0,
        "Net Income": 27600000.0,
        "Net Income Including Noncontrolling Interests": 27600000.0,
        "Net Income Continuous Operations": 27600000.0,
        "Tax Provision": 9500000.0,
        "Pretax Income": 37100000.0,
        "Other Income Expense": -1500000.0,
        "Other Non Operating Income Expenses": 200000.0,
        "Special Income Charges": -1700000.0,
        "Other Special Charges": 1700000.0,
        "Net Non Operating Interest Income Expense": -13000000.0,
        "Interest Expense Non Operating": 13000000.0,
        "Operating Income": 51600000.0,
        "Operating Expense": 57400000.0,
        "Selling General And Administration": 57400000.0,
        "Selling And Marketing Expense": 17100000.0,
        "General And Administrative Expense": 40300000.0,
        "Other Gand A": 40300000.0,
        "Gross Profit": 109000000.0,
        "Cost Of Revenue": 139400000.0,
        "Total Revenue": 248400000.0,
        "Operating Revenue": 248400000.0
    }
}