{
    "2023-03-31": {
        "Tax Effect Of Unusual Items": NaN,
        "Tax Rate For Calcs": NaN,
        "Normalized EBITDA": NaN,
        "Total Unusual Items": NaN,
        "Total Unusual Items Excluding Goodwill": NaN,
        "Net Income From Continuing Operation Net Minority Interest": NaN,
        "Reconciled Depreciation": NaN,
        "Reconciled Cost Of Revenue": NaN,
        "EBITDA": NaN,
        "EBIT": NaN,
        "Net Interest Income": NaN,
        "Interest Expense": NaN,
        "Interest Income": 1000000.0,
        "Normalized Income": NaN,
        "Net Income From Continuing And Discontinued Operation": NaN,
        "Total Expenses": NaN,
        "Total Operating Income As Reported": NaN,
        "Diluted Average Shares": NaN,
        "Basic Average Shares": NaN,
        "Diluted EPS": NaN,
        "Basic EPS": NaN,
        "Diluted NI Availto Com Stockholders": NaN,
        "Net Income Common Stockholders": NaN,
        "Net Income": NaN,
        "Net Income Including Noncontrolling Interests": NaN,
        "Net Income Discontinuous Operations": NaN,
        "Net Income Continuous Operations": NaN,
        "Earnings From Equity Interest Net Of Tax": NaN,
        "Tax Provision": NaN,
        "Pretax Income": NaN,
        "Other Income Expense": NaN,
        "Other Non Operating Income Expenses": -200000.0,
        "Special Income Charges": NaN,
        "Restructuring And Mergern Acquisition": NaN,
        "Net Non Operating Interest Income Expense": NaN,
        "Interest Expense Non Operating": NaN,
        "Interest Income Non Operating": 1000000.0,
        "Operating Income": NaN,
        "Operating Expense": NaN,
        "Selling General And Administration": NaN,
        "General And Administrative Expense": NaN,
        "Other Gand A": NaN,
        "Salaries And Wages": NaN,
        "Gross Profit": NaN,
        "Cost Of Revenue": NaN,
        "Total Revenue": NaN,
        "Operating Revenue": NaN
    },
    "2022-12-31": {
        "Tax Effect Of Unusual Items": -604109.589041,
        "Tax Rate For Calcs": 0.143836,
        "Normalized EBITDA": 75900000.0,
        "Total Unusual Items": -4200000.0,
        "Total Unusual Items Excluding Goodwill": -4200000.0,
        "Net Income From Continuing Operation Net Minority Interest": 37500000.0,
        "Reconciled Depreciation": 21900000.0,
        "Reconciled Cost Of Revenue": 432300000.0,
        "EBITDA": 71700000.0,
        "EBIT": 49800000.0,
        "Net Interest Income": -6000000.0,
        "Interest Expense": 6000000.0,
        "Normalized Income": 41095890.410959,
        "Net Income From Continuing And Discontinued Operation": 37500000.0,
        "Total Expenses": 545100000.0,
        "Total Operating Income As Reported": 49700000.0,
        "Diluted Average Shares": 32100000.0,
        "Basic Average Shares": 32000000.0,
        "Diluted EPS": 1.17,
        "Basic EPS": 1.17,
        "Diluted NI Availto Com Stockholders": 37500000.0,
        "Net Income Common Stockholders": 37500000.0,
        "Net Income": 37500000.0,
        "Net Income Including Noncontrolling Interests": 37500000.0,
        "Net Income Discontinuous Operations": NaN,
        "Net Income Continuous Operations": 37500000.0,
        "Earnings From Equity Interest Net Of Tax": NaN,
        "Tax Provision": 6300000.0,
        "Pretax Income": 43800000.0,
        "Other Income Expense": -4200000.0,
        "Other Non Operating Income Expenses": NaN,
        "Special Income Charges": -4200000.0,
        "Restructuring And Mergern Acquisition": 4200000.0,
        "Net Non Operating Interest Income Expense": -6000000.0,
        "Interest Expense Non Operating": 6000000.0,
        "Operating Income": 54000000.0,
        "Operating Expense": 112800000.0,
        "Selling General And Administration": 112800000.0,
        "General And Administrative Expense": 112800000.0,
        "Other Gand A": 112900000.0,
        "Salaries And Wages": -100000.0,
        "Gross Profit": 166800000.0,
        "Cost Of Revenue": 432300000.0,
        "Total Revenue": 599100000.0,
        "Operating Revenue": 599100000.0
    },
    "2022-09-30": {
        "Tax Effect Of Unusual Items": NaN,
        "Tax Rate For Calcs": NaN,
        "Normalized EBITDA": NaN,
        "Total Unusual Items": NaN,
        "Total Unusual Items Excluding Goodwill": NaN,
        "Net Income From Continuing Operation Net Minority Interest": NaN,
        "Reconciled Depreciation": NaN,
        "Reconciled Cost Of Revenue": NaN,
        "EBITDA": NaN,
        "EBIT": NaN,
        "Net Interest Income": NaN,
        "Interest Expense": NaN,
        "Interest Income": NaN,
        "Normalized Income": NaN,
        "Net Income From Continuing And Discontinued Operation": NaN,
        "Total Expenses": NaN,
        "Total Operating Income As Reported": NaN,
        "Diluted Average Shares": NaN,
        "Basic Average Shares": NaN,
        "Diluted EPS": NaN,
        "Basic EPS": NaN,
        "Diluted NI Availto Com Stockholders": NaN,
        "Net Income Common Stockholders": NaN,
        "Net Income": NaN,
        "Net Income Including Noncontrolling Interests": NaN,
        "Net Income Discontinuous Operations": NaN,
        "Net Income Continuous Operations": NaN,
        "Earnings From Equity Interest Net Of Tax": 0.0,
        "Tax Provision": NaN,
        "Pretax Income": NaN,
        "Other Income Expense": NaN,
        "Other Non Operating Income Expenses": -100000.0,
        "Special Income Charges": NaN,
        "Restructuring And Mergern Acquisition": NaN,
        "Net Non Operating Interest Income Expense": NaN,
        "Interest Expense Non Operating": NaN,
        "Interest Income Non Operating": NaN,
        "Operating Income": NaN,
        "Operating Expense": NaN,
        "Selling General And Administration": NaN,
        "General And Administrative Expense": NaN,
        "Other Gand A": NaN,
        "Salaries And Wages": NaN,
        "Gross Profit": NaN,
        "Cost Of Revenue": NaN,
        "Total Revenue": NaN,
        "Operating Revenue": NaN
    },
    "2022-06-30": {
        "Tax Effect Of Unusual Items": -126952.141058,
        "Tax Rate For Calcs": 0.15869,
        "Normalized EBITDA": 62200000.0,
        "Total Unusual Items": -800000.0,
        "Total Unusual Items Excluding Goodwill": -800000.0,
        "Net Income From Continuing Operation Net Minority Interest": 33400000.0,
        "Reconciled Depreciation": 19200000.0,
        "Reconciled Cost Of Revenue": 391000000.0,
        "EBITDA": 61400000.0,
        "EBIT": 42200000.0,
        "Net Interest Income": -2500000.0,
        "Interest Expense": 2500000.0,
        "Normalized Income": 34073047.858942,
        "Net Income From Continuing And Discontinued Operation": 33400000.0,
        "Total Expenses": 499300000.0,
        "Total Operating Income As Reported": 42200000.0,
        "Diluted Average Shares": 32000000.0,
        "Basic Average Shares": 32000000.0,
        "Diluted EPS": 1.04,
        "Basic EPS": 1.05,
        "Diluted NI Availto Com Stockholders": 33400000.0,
        "Net Income Common Stockholders": 33400000.0,
        "Net Income": 33400000.0,
        "Net Income Including Noncontrolling Interests": 33400000.0,
        "Net Income Discontinuous Operations": NaN,
        "Net Income Continuous Operations": 33400000.0,
        "Tax Provision": 6300000.0,
        "Pretax Income": 39700000.0,
        "Other Income Expense": -800000.0,
        "Other Non Operating Income Expenses": NaN,
        "Special Income Charges": -800000.0,
        "Restructuring And Mergern Acquisition": 800000.0,
        "Net Non Operating Interest Income Expense": -2500000.0,
        "Interest Expense Non Operating": 2500000.0,
        "Operating Income": 43000000.0,
        "Operating Expense": 108300000.0,
        "Selling General And Administration": 108300000.0,
        "Gross Profit": 151300000.0,
        "Cost Of Revenue": 391000000.0,
        "Total Revenue": 542300000.0,
        "Operating Revenue": 542300000.0
    },
    "2023-06-30": {
        "Tax Effect Of Unusual Items": NaN,
        "Tax Rate For Calcs": NaN,
        "Normalized EBITDA": NaN,
        "Total Unusual Items": NaN,
        "Total Unusual Items Excluding Goodwill": NaN,
        "Net Income From Continuing Operation Net Minority Interest": NaN,
        "Reconciled Depreciation": NaN,
        "Reconciled Cost Of Revenue": NaN,
        "EBITDA": NaN,
        "EBIT": NaN,
        "Net Interest Income": NaN,
        "Interest Expense": NaN,
        "Interest Income": 1100000.0,
        "Normalized Income": NaN,
        "Net Income From Continuing And Discontinued Operation": NaN,
        "Total Expenses": NaN,
        "Total Operating Income As Reported": NaN,
        "Diluted Average Shares": NaN,
        "Basic Average Shares": NaN,
        "Diluted EPS": NaN,
        "Basic EPS": NaN,
        "Diluted NI Availto Com Stockholders": NaN,
        "Net Income Common Stockholders": NaN,
        "Net Income": NaN,
        "Net Income Including Noncontrolling Interests": NaN,
        "Net Income Discontinuous Operations": NaN,
        "Net Income Continuous Operations": NaN,
        "Earnings From Equity Interest Net Of Tax": NaN,
        "Tax Provision": NaN,
        "Pretax Income": NaN,
        "Other Income Expense": NaN,
        "Other Non Operating Income Expenses": NaN,
        "Special Income Charges": NaN,
        "Restructuring And Mergern Acquisition": NaN,
        "Net Non Operating Interest Income Expense": NaN,
        "Interest Expense Non Operating": NaN,
        "Interest Income Non Operating": 1100000.0,
        "Operating Income": NaN,
        "Operating Expense": NaN,
        "Selling General And Administration": NaN,
        "General And Administrative Expense": NaN,
        "Other Gand A": NaN,
        "Salaries And Wages": 200000.0,
        "Gross Profit": NaN,
        "Cost Of Revenue": NaN,
        "Total Revenue": NaN,
        "Operating Revenue": NaN
    },
    "2022-03-31": {
        "Diluted EPS": 0.8,
        "Total Revenue": 469,
        "Gross Profit": 140,
        "Operating Income": 31,
        "EBIT": 51,
        "Net Income": 26
    },
    "2021-12-31": {
        "Diluted EPS": 0.99,
        "Total Revenue": 498,
        "Gross Profit": 141,
        "Operating Income": 35,
        "EBIT": 55,
        "Net Income": 32
    },
    "2021-09-30": {
        "Diluted EPS": 0.91,
        "Total Revenue": 477,
        "Gross Profit": 143,
        "Operating Income": 41,
        "EBIT": 61,
        "Net Income": 29
    },
    "2021-06-30": {
        "Diluted EPS": 0.95,
        "Total Revenue": 476,
        "Gross Profit": 150,
        "Operating Income": 47,
        "EBIT": 66,
        "Net Income": 31
    },
    "2021-03-31": {
        "Diluted EPS": 0.84,
        "Total Revenue": 418,
        "Gross Profit": 133,
        "Operating Income": 38,
        "EBIT": 56,
        "Net Income": 27
    },
    "2020-12-31": {
        "Diluted EPS": 0.94,
        "Total Revenue": 439,
        "Gross Profit": 133,
        "Operating Income": 44,
        "EBIT": 62,
        "Net Income": 30
    },
    "2020-09-30": {
        "Diluted EPS": 0.54,
        "Total Revenue": 419,
        "Gross Profit": 127,
        "Operating Income": 28,
        "EBIT": 46,
        "Net Income": 17
    },
    "2020-06-30": {
        "Diluted EPS": 1.01,
        "Total Revenue": 412,
        "Gross Profit": 130,
        "Operating Income": 48,
        "EBIT": 65,
        "Net Income": 33
    },
    "2020-03-31": {
        "Diluted EPS": 0.9,
        "Total Revenue": 458,
        "Gross Profit": 143,
        "Operating Income": 44,
        "EBIT": 61,
        "Net Income": 29
    },
    "2019-12-31": {
        "Diluted EPS": 1.32,
        "Total Revenue": 546,
        "Gross Profit": 168,
        "Operating Income": 63,
        "EBIT": 81,
        "Net Income": 42
    },
    "2019-09-30": {
        "Diluted EPS": 1.04,
        "Total Revenue": 489,
        "Gross Profit": 148,
        "Operating Income": 49,
        "EBIT": 66,
        "Net Income": 34
    },
    "2019-06-30": {
        "Diluted EPS": 1.05,
        "Total Revenue": 493,
        "Gross Profit": 155,
        "Operating Income": 47,
        "EBIT": 63,
        "Net Income": 34
    },
    "2019-03-31": {
        "Diluted EPS": 0.61,
        "Total Revenue": 418,
        "Gross Profit": 128,
        "Operating Income": 30,
        "EBIT": 45,
        "Net Income": 20
    },
    "2018-12-31": {
        "Diluted EPS": 1.33,
        "Total Revenue": 537,
        "Gross Profit": 159,
        "Operating Income": 59,
        "EBIT": 74,
        "Net Income": 43
    },
    "2018-09-30": {
        "Diluted EPS": 0.82,
        "Total Revenue": 482,
        "Gross Profit": 135,
        "Operating Income": 37,
        "EBIT": 52,
        "Net Income": 26
    },
    "2018-06-30": {
        "Diluted EPS": 1.04,
        "Total Revenue": 491,
        "Gross Profit": 140,
        "Operating Income": 42,
        "EBIT": 56,
        "Net Income": 34
    },
    "2018-03-31": {
        "Diluted EPS": 0.04,
        "Total Revenue": 409,
        "Gross Profit": 104,
        "Operating Income": 6,
        "EBIT": 20,
        "Net Income": 1
    },
    "2017-12-31": {
        "Diluted EPS": 0.6,
        "Total Revenue": 484,
        "Gross Profit": 137,
        "Operating Income": 52,
        "EBIT": 66,
        "Net Income": 19
    },
    "2017-09-30": {
        "Diluted EPS": 0.8,
        "Total Revenue": 421,
        "Gross Profit": 122,
        "Operating Income": 42,
        "EBIT": 55,
        "Net Income": 26
    },
    "2017-06-30": {
        "Diluted EPS": 0.56,
        "Total Revenue": 386,
        "Gross Profit": 115,
        "Operating Income": 29,
        "EBIT": 42,
        "Net Income": 18
    },
    "2017-03-31": {
        "Diluted EPS": 0.57,
        "Total Revenue": 345,
        "Gross Profit": 98,
        "Operating Income": 20,
        "EBIT": 32,
        "Net Income": 17
    },
    "2016-12-31": {
        "Diluted EPS": 0.78,
        "Total Revenue": 405,
        "Gross Profit": 114,
        "Operating Income": 32,
        "EBIT": 43,
        "Net Income": 23
    },
    "2016-09-30": {
        "Diluted EPS": 0.69,
        "Total Revenue": 350,
        "Gross Profit": 94,
        "Operating Income": 30,
        "EBIT": 39,
        "Net Income": 21
    },
    "2016-06-30": {
        "Diluted EPS": 0.63,
        "Total Revenue": 329,
        "Gross Profit": 96,
        "Operating Income": 30,
        "EBIT": 39,
        "Net Income": 19
    },
    "2016-03-31": {
        "Diluted EPS": 0.17,
        "Total Revenue": 267,
        "Gross Profit": 77,
        "Operating Income": 10,
        "EBIT": 18,
        "Net Income": 5
    },
    "2015-12-31": {
        "Diluted EPS": 0.71,
        "Total Revenue": 354,
        "Gross Profit": 102,
        "Operating Income": 31,
        "EBIT": 40,
        "Net Income": 21
    },
    "2015-09-30": {
        "Diluted EPS": 0.42,
        "Total Revenue": 273,
        "Gross Profit": 76,
        "Operating Income": 21,
        "EBIT": 28,
        "Net Income": 13
    },
    "2015-06-30": {
        "Diluted EPS": 0.48,
        "Total Revenue": 255,
        "Gross Profit": 74,
        "Operating Income": 23,
        "EBIT": 30,
        "Net Income": 14
    },
    "2015-03-31": {
        "Diluted EPS": 0.27,
        "Total Revenue": 225,
        "Gross Profit": 65,
        "Operating Income": 14,
        "EBIT": 21,
        "Net Income": 8
    },
    "2014-12-31": {
        "Diluted EPS": 0.51,
        "Total Revenue": 295,
        "Gross Profit": 80,
        "Operating Income": 22,
        "EBIT": 29,
        "Net Income": 15
    },
    "2014-09-30": {
        "Diluted EPS": 0.3,
        "Total Revenue": 243,
        "Gross Profit": 64,
        "Operating Income": 15,
        "EBIT": 22,
        "Net Income": 9
    },
    "2014-06-30": {
        "Diluted EPS": 0.38,
        "Total Revenue": 248,
        "Gross Profit": 68,
        "Operating Income": 19,
        "EBIT": 25,
        "Net Income": 11
    },
    "2014-03-31": {
        "Diluted EPS": -0.16,
        "Total Revenue": 198,
        "Gross Profit": 52,
        "Operating Income": -5,
        "EBIT": 0,
        "Net Income": -5
    },
    "2013-12-31": {
        "Diluted EPS": 0.45,
        "Total Revenue": 288,
        "Gross Profit": 72,
        "Operating Income": 20,
        "EBIT": 26,
        "Net Income": 14
    },
    "2013-09-30": {
        "Diluted EPS": 0.23,
        "Total Revenue": 234,
        "Gross Profit": 54,
        "Operating Income": 12,
        "EBIT": 18,
        "Net Income": 7
    },
    "2013-06-30": {
        "Diluted EPS": 0.29,
        "Total Revenue": 227,
        "Gross Profit": 59,
        "Operating Income": 15,
        "EBIT": 21,
        "Net Income": 9
    },
    "2013-03-31": {
        "Diluted EPS": 0.14,
        "Total Revenue": 186,
        "Gross Profit": 50,
        "Operating Income": 7,
        "EBIT": 13,
        "Net Income": 4
    },
    "2012-12-31": {
        "Diluted EPS": 0.64,
        "Total Revenue": 293,
        "Gross Profit": 74,
        "Operating Income": 29,
        "EBIT": 35,
        "Net Income": 19
    },
    "2012-09-30": {
        "Diluted EPS": 0.2,
        "Total Revenue": 205,
        "Gross Profit": 52,
        "Operating Income": 10,
        "EBIT": 16,
        "Net Income": 6
    },
    "2012-06-30": {
        "Diluted EPS": 0.26,
        "Total Revenue": 214,
        "Gross Profit": 54,
        "Operating Income": 14,
        "EBIT": 20,
        "Net Income": 8
    },
    "2012-03-31": {
        "Diluted EPS": 0.13,
        "Total Revenue": 205,
        "Gross Profit": 50,
        "Operating Income": 8,
        "EBIT": 14,
        "Net Income": 4
    },
    "2011-12-31": {
        "Diluted EPS": 0.25,
        "Total Revenue": 272,
        "Gross Profit": 66,
        "Operating Income": 12,
        "EBIT": 18,
        "Net Income": 7
    },
    "2011-09-30": {
        "Diluted EPS": 0.27,
        "Total Revenue": 230,
        "Gross Profit": 57,
        "Operating Income": 14,
        "EBIT": 21,
        "Net Income": 8
    },
    "2011-06-30": {
        "Diluted EPS": 0.35,
        "Total Revenue": 253,
        "Gross Profit": 60,
        "Operating Income": 17,
        "EBIT": 23,
        "Net Income": 10
    },
    "2011-03-31": {
        "Diluted EPS": 0.17,
        "Total Revenue": 202,
        "Gross Profit": 51,
        "Operating Income": 9,
        "EBIT": 15,
        "Net Income": 5
    },
    "2010-12-31": {
        "Diluted EPS": 0.54,
        "Total Revenue": 287,
        "Gross Profit": 77,
        "Operating Income": 29,
        "EBIT": 35,
        "Net Income": 16
    },
    "2010-09-30": {
        "Diluted EPS": 0.32,
        "Total Revenue": 217,
        "Gross Profit": 56,
        "Operating Income": 16,
        "EBIT": 22,
        "Net Income": 9
    },
    "2010-06-30": {
        "Diluted EPS": 0.28,
        "Total Revenue": 208,
        "Gross Profit": 54,
        "Operating Income": 15,
        "EBIT": 20,
        "Net Income": 8
    },
    "2010-03-31": {
        "Diluted EPS": 0.14,
        "Total Revenue": 169,
        "Gross Profit": 47,
        "Operating Income": 7,
        "EBIT": 13,
        "Net Income": 4
    },
    "2009-12-31": {
        "Diluted EPS": 0.37,
        "Total Revenue": 246,
        "Gross Profit": 64,
        "Operating Income": 17,
        "EBIT": 23,
        "Net Income": 11
    },
    "2009-09-30": {
        "Diluted EPS": 0.29,
        "Total Revenue": 196,
        "Gross Profit": 54,
        "Operating Income": 14,
        "EBIT": 20,
        "Net Income": 8
    },
    "2009-06-30": {
        "Diluted EPS": 0.34,
        "Total Revenue": 230,
        "Gross Profit": 59,
        "Operating Income": 17,
        "EBIT": 22,
        "Net Income": 10
    },
    "2009-03-31": {
        "Diluted EPS": 0.15,
        "Total Revenue": 169,
        "Gross Profit": 47,
        "Operating Income": 8,
        "EBIT": 13,
        "Net Income": 4
    },
    "2023-09-30": {
        "Tax Effect Of Unusual Items": -819200.0,
        "Tax Rate For Calcs": 0.128,
        "Normalized EBITDA": 70800000.0,
        "Total Unusual Items": -6400000.0,
        "Total Unusual Items Excluding Goodwill": -6400000.0,
        "Net Income From Continuing Operation Net Minority Interest": 31100000.0,
        "Reconciled Depreciation": 23100000.0,
        "Reconciled Cost Of Revenue": 258800000.0,
        "EBITDA": 64400000.0,
        "EBIT": 41300000.0,
        "Net Interest Income": -900000.0,
        "Interest Expense": 5500000.0,
        "Interest Income": 4600000.0,
        "Normalized Income": 36680800.0,
        "Net Income From Continuing And Discontinued Operation": 441600000.0,
        "Total Expenses": 360300000.0,
        "Total Operating Income As Reported": 36900000.0,
        "Diluted Average Shares": 32000000.0,
        "Basic Average Shares": 32000000.0,
        "Diluted EPS": 13.73,
        "Basic EPS": 13.79,
        "Diluted NI Availto Com Stockholders": 441600000.0,
        "Net Income Common Stockholders": 441600000.0,
        "Net Income": 441600000.0,
        "Net Income Including Noncontrolling Interests": 441600000.0,
        "Net Income Discontinuous Operations": 410500000.0,
        "Net Income Continuous Operations": 31100000.0,
        "Earnings From Equity Interest Net Of Tax": -100000.0,
        "Tax Provision": 4600000.0,
        "Pretax Income": 35800000.0,
        "Other Income Expense": -6600000.0,
        "Other Non Operating Income Expenses": -200000.0,
        "Special Income Charges": -6400000.0,
        "Restructuring And Mergern Acquisition": 6400000.0,
        "Net Non Operating Interest Income Expense": -900000.0,
        "Interest Expense Non Operating": 5500000.0,
        "Interest Income Non Operating": 4600000.0,
        "Operating Income": 43300000.0,
        "Operating Expense": 101500000.0,
        "Selling General And Administration": 101500000.0,
        "General And Administrative Expense": 101500000.0,
        "Other Gand A": 101500000.0,
        "Salaries And Wages": 200000.0,
        "Gross Profit": 144800000.0,
        "Cost Of Revenue": 258800000.0,
        "Total Revenue": 403600000.0,
        "Operating Revenue": 403600000.0
    },
    "2023-12-31": {
        "Tax Effect Of Unusual Items": -177487.76509,
        "Tax Rate For Calcs": 0.104405,
        "Normalized EBITDA": 94800000.0,
        "Total Unusual Items": -1700000.0,
        "Total Unusual Items Excluding Goodwill": -1700000.0,
        "Net Income From Continuing Operation Net Minority Interest": 54700000.0,
        "Reconciled Depreciation": 22000000.0,
        "Reconciled Cost Of Revenue": 281100000.0,
        "EBITDA": 93100000.0,
        "EBIT": 71100000.0,
        "Net Interest Income": 3600000.0,
        "Interest Expense": 9800000.0,
        "Interest Income": NaN,
        "Normalized Income": 56222512.23491,
        "Net Income From Continuing And Discontinued Operation": 58400000.0,
        "Total Expenses": 385100000.0,
        "Total Operating Income As Reported": 57800000.0,
        "Diluted Average Shares": 32100000.0,
        "Basic Average Shares": 32000000.0,
        "Diluted EPS": 2.52,
        "Basic EPS": 2.54,
        "Diluted NI Availto Com Stockholders": 58400000.0,
        "Net Income Common Stockholders": 58400000.0,
        "Net Income": 58400000.0,
        "Net Income Including Noncontrolling Interests": 58400000.0,
        "Net Income Discontinuous Operations": 3700000.0,
        "Net Income Continuous Operations": 54700000.0,
        "Earnings From Equity Interest Net Of Tax": -200000.0,
        "Tax Provision": 6400000.0,
        "Pretax Income": 61300000.0,
        "Other Income Expense": -1800000.0,
        "Other Non Operating Income Expenses": -100000.0,
        "Special Income Charges": -1700000.0,
        "Restructuring And Mergern Acquisition": 1700000.0,
        "Net Non Operating Interest Income Expense": 3600000.0,
        "Interest Expense Non Operating": 9800000.0,
        "Interest Income Non Operating": NaN,
        "Operating Income": 59500000.0,
        "Operating Expense": 104000000.0,
        "Selling General And Administration": 104000000.0,
        "General And Administrative Expense": 104000000.0,
        "Other Gand A": 104000000.0,
        "Salaries And Wages": 100000.0,
        "Gross Profit": 163500000.0,
        "Cost Of Revenue": 281100000.0,
        "Total Revenue": 444600000.0,
        "Operating Revenue": 444600000.0
    },
    "2024-03-31": {
        "Tax Effect Of Unusual Items": -288200.0,
        "Tax Rate For Calcs": 0.262,
        "Normalized EBITDA": 57000000.0,
        "Total Unusual Items": -1100000.0,
        "Total Unusual Items Excluding Goodwill": -1100000.0,
        "Net Income From Continuing Operation Net Minority Interest": 22700000.0,
        "Reconciled Depreciation": 22100000.0,
        "Reconciled Cost Of Revenue": 252000000.0,
        "EBITDA": 55900000.0,
        "EBIT": 33800000.0,
        "Net Interest Income": 2800000.0,
        "Interest Expense": 2900000.0,
        "Interest Income": 5700000.0,
        "Normalized Income": 23511800.0,
        "Net Income From Continuing And Discontinued Operation": 22800000.0,
        "Total Expenses": 362100000.0,
        "Total Operating Income As Reported": 29100000.0,
        "Diluted Average Shares": 32200000.0,
        "Basic Average Shares": 32000000.0,
        "Diluted EPS": 0.71,
        "Basic EPS": 0.71,
        "Diluted NI Availto Com Stockholders": 22800000.0,
        "Net Income Common Stockholders": 22800000.0,
        "Net Income": 22800000.0,
        "Net Income Including Noncontrolling Interests": 22800000.0,
        "Net Income Discontinuous Operations": 100000.0,
        "Net Income Continuous Operations": 22700000.0,
        "Earnings From Equity Interest Net Of Tax": -100000.0,
        "Tax Provision": 8100000.0,
        "Pretax Income": 30900000.0,
        "Other Income Expense": -2100000.0,
        "Other Non Operating Income Expenses": -1000000.0,
        "Special Income Charges": -1100000.0,
        "Restructuring And Mergern Acquisition": 1100000.0,
        "Net Non Operating Interest Income Expense": 2800000.0,
        "Interest Expense Non Operating": 2900000.0,
        "Interest Income Non Operating": 5700000.0,
        "Operating Income": 30200000.0,
        "Operating Expense": 110100000.0,
        "Selling General And Administration": 110100000.0,
        "General And Administrative Expense": 110100000.0,
        "Other Gand A": 110100000.0,
        "Salaries And Wages": 1000000.0,
        "Gross Profit": 140300000.0,
        "Cost Of Revenue": 252000000.0,
        "Total Revenue": 392300000.0,
        "Operating Revenue": 392300000.0
    },
    "2024-06-30": {
        "Tax Effect Of Unusual Items": -42000.0,
        "Tax Rate For Calcs": 0.21,
        "Normalized EBITDA": 53900000.0,
        "Total Unusual Items": -200000.0,
        "Total Unusual Items Excluding Goodwill": -200000.0,
        "Net Income From Continuing Operation Net Minority Interest": 30700000.0,
        "Reconciled Depreciation": 22200000.0,
        "Reconciled Cost Of Revenue": 259100000.0,
        "EBITDA": 53700000.0,
        "EBIT": 31500000.0,
        "Net Interest Income": 1600000.0,
        "Interest Expense": 4100000.0,
        "Interest Income": 5700000.0,
        "Normalized Income": 30858000.0,
        "Net Income From Continuing And Discontinued Operation": 30700000.0,
        "Total Expenses": 375300000.0,
        "Total Operating Income As Reported": 26800000.0,
        "Diluted Average Shares": 32000000.0,
        "Basic Average Shares": 32000000.0,
        "Diluted EPS": 0.95,
        "Basic EPS": 0.96,
        "Diluted NI Availto Com Stockholders": 30700000.0,
        "Net Income Common Stockholders": 30700000.0,
        "Net Income": 30700000.0,
        "Net Income Including Noncontrolling Interests": 30700000.0,
        "Net Income Discontinuous Operations": 0.0,
        "Net Income Continuous Operations": 30700000.0,
        "Earnings From Equity Interest Net Of Tax": 0.0,
        "Tax Provision": -3300000.0,
        "Pretax Income": 27400000.0,
        "Other Income Expense": -1200000.0,
        "Other Non Operating Income Expenses": -1000000.0,
        "Special Income Charges": -200000.0,
        "Restructuring And Mergern Acquisition": 200000.0,
        "Net Non Operating Interest Income Expense": 1600000.0,
        "Interest Expense Non Operating": 4100000.0,
        "Interest Income Non Operating": 5700000.0,
        "Operating Income": 27000000.0,
        "Operating Expense": 116200000.0,
        "Selling General And Administration": 116200000.0,
        "General And Administrative Expense": 116200000.0,
        "Other Gand A": 116200000.0,
        "Salaries And Wages": 1000000.0,
        "Gross Profit": 143200000.0,
        "Cost Of Revenue": 259100000.0,
        "Total Revenue": 402300000.0,
        "Operating Revenue": 402300000.0
    },
    "2024-09-30": {
        "Tax Effect Of Unusual Items": 40000.0,
        "Tax Rate For Calcs": 0.2,
        "Normalized EBITDA": 73700000.0,
        "Total Unusual Items": 200000.0,
        "Total Unusual Items Excluding Goodwill": 200000.0,
        "Net Income From Continuing Operation Net Minority Interest": 38100000.0,
        "Reconciled Depreciation": 22200000.0,
        "Reconciled Cost Of Revenue": 290200000.0,
        "EBITDA": 73900000.0,
        "EBIT": 51700000.0,
        "Net Interest Income": 1800000.0,
        "Interest Expense": 4100000.0,
        "Interest Income": 5900000.0,
        "Normalized Income": 37940000.0,
        "Net Income From Continuing And Discontinued Operation": 38900000.0,
        "Total Expenses": 407200000.0,
        "Total Operating Income As Reported": 46800000.0,
        "Diluted Average Shares": 32000000.0,
        "Basic Average Shares": 32000000.0,
        "Diluted EPS": 1.21,
        "Basic EPS": 1.22,
        "Diluted NI Availto Com Stockholders": 38900000.0,
        "Net Income Common Stockholders": 38900000.0,
        "Net Income": 38900000.0,
        "Net Income Including Noncontrolling Interests": 38900000.0,
        "Net Income Discontinuous Operations": 800000.0,
        "Net Income Continuous Operations": 38100000.0,
        "Earnings From Equity Interest Net Of Tax": 0.0,
        "Tax Provision": 9500000.0,
        "Pretax Income": 47600000.0,
        "Other Income Expense": -800000.0,
        "Other Non Operating Income Expenses": -1000000.0,
        "Special Income Charges": 200000.0,
        "Restructuring And Mergern Acquisition": -200000.0,
        "Net Non Operating Interest Income Expense": 1800000.0,
        "Interest Expense Non Operating": 4100000.0,
        "Interest Income Non Operating": 5900000.0,
        "Operating Income": 46600000.0,
        "Operating Expense": 117000000.0,
        "Selling General And Administration": 117000000.0,
        "General And Administrative Expense": 117000000.0,
        "Other Gand A": 117000000.0,
        "Salaries And Wages": NaN,
        "Gross Profit": 163600000.0,
        "Cost Of Revenue": 290200000.0,
        "Total Revenue": 453800000.0,
        "Operating Revenue": 453800000.0
    }
}