{
    "2023-05-31": {
        "Tax Effect Of Unusual Items": 0.0,
        "Tax Rate For Calcs": 0.21,
        "Normalized EBITDA": 657357000.0,
        "Net Income From Continuing Operation Net Minority Interest": 12395000.0,
        "Reconciled Depreciation": 25866000.0,
        "Reconciled Cost Of Revenue": 674266000.0,
        "EBITDA": 657357000.0,
        "EBIT": 631491000.0,
        "Net Interest Income": -613572000.0,
        "Interest Expense": 613572000.0,
        "Normalized Income": 12395000.0,
        "Net Income From Continuing And Discontinued Operation": 12395000.0,
        "Total Expenses": 968733000.0,
        "Rent Expense Supplemental": 24395000.0,
        "Diluted Average Shares": 245413000.0,
        "Basic Average Shares": 242568000.0,
        "Diluted EPS": 0.05,
        "Basic EPS": 0.05,
        "Diluted NI Availto Com Stockholders": 12390000.0,
        "Average Dilution Earnings": -1000.0,
        "Net Income Common Stockholders": 12391000.0,
        "Otherunder Preferred Stock Dividend": 4000.0,
        "Preferred Stock Dividends": NaN,
        "Net Income": 12395000.0,
        "Minority Interests": 3711000.0,
        "Net Income Including Noncontrolling Interests": 8684000.0,
        "Net Income Continuous Operations": 8684000.0,
        "Tax Provision": 9235000.0,
        "Pretax Income": 17919000.0,
        "Other Income Expense": -50958000.0,
        "Other Non Operating Income Expenses": -50958000.0,
        "Net Non Operating Interest Income Expense": -613572000.0,
        "Interest Expense Non Operating": 613572000.0,
        "Operating Income": 682449000.0,
        "Operating Expense": 293911000.0,
        "Other Operating Expenses": 56756000.0,
        "Depreciation Amortization Depletion Income Statement": 25310000.0,
        "Depreciation And Amortization In Income Statement": 25310000.0,
        "Selling General And Administration": 211845000.0,
        "General And Administrative Expense": 211845000.0,
        "Other Gand A": 187450000.0,
        "Rent And Landing Fees": 24395000.0,
        "Gross Profit": 976360000.0,
        "Cost Of Revenue": 674822000.0,
        "Total Revenue": 1651182000.0,
        "Operating Revenue": 1695358000.0
    },
    "2023-02-28": {
        "Tax Effect Of Unusual Items": 0.0,
        "Tax Rate For Calcs": 0.182,
        "Normalized EBITDA": 688675000.0,
        "Net Income From Continuing Operation Net Minority Interest": 135635000.0,
        "Reconciled Depreciation": 33585000.0,
        "Reconciled Cost Of Revenue": 785407000.0,
        "EBITDA": 688675000.0,
        "EBIT": 655090000.0,
        "Net Interest Income": -497072000.0,
        "Interest Expense": 497072000.0,
        "Normalized Income": 135635000.0,
        "Net Income From Continuing And Discontinued Operation": 135635000.0,
        "Total Expenses": 1071898000.0,
        "Rent Expense Supplemental": 27315000.0,
        "Diluted Average Shares": 248095000.0,
        "Basic Average Shares": 239101000.0,
        "Diluted EPS": 0.54,
        "Basic EPS": 0.56,
        "Diluted NI Availto Com Stockholders": 135053000.0,
        "Average Dilution Earnings": 1962000.0,
        "Net Income Common Stockholders": 133091000.0,
        "Otherunder Preferred Stock Dividend": 528000.0,
        "Preferred Stock Dividends": 2016000.0,
        "Net Income": 135635000.0,
        "Minority Interests": 6311000.0,
        "Net Income Including Noncontrolling Interests": 129324000.0,
        "Net Income Continuous Operations": 129324000.0,
        "Tax Provision": 28694000.0,
        "Pretax Income": 158018000.0,
        "Other Income Expense": -53576000.0,
        "Other Non Operating Income Expenses": -53576000.0,
        "Net Non Operating Interest Income Expense": -497072000.0,
        "Interest Expense Non Operating": 497072000.0,
        "Operating Income": 708666000.0,
        "Operating Expense": 286198000.0,
        "Other Operating Expenses": 50045000.0,
        "Depreciation Amortization Depletion Income Statement": 33292000.0,
        "Depreciation And Amortization In Income Statement": 33292000.0,
        "Selling General And Administration": 202861000.0,
        "General And Administrative Expense": 202861000.0,
        "Other Gand A": 175546000.0,
        "Rent And Landing Fees": 27315000.0,
        "Gross Profit": 994864000.0,
        "Cost Of Revenue": 785700000.0,
        "Total Revenue": 1780564000.0,
        "Operating Revenue": 1783685000.0
    },
    "2022-11-30": {
        "Tax Effect Of Unusual Items": 0.0,
        "Tax Rate For Calcs": 0.276654,
        "Normalized EBITDA": 649539000.0,
        "Net Income From Continuing Operation Net Minority Interest": 142318000.0,
        "Reconciled Depreciation": 56262000.0,
        "Reconciled Cost Of Revenue": 797434000.0,
        "EBITDA": 649539000.0,
        "EBIT": 593277000.0,
        "Net Interest Income": -398438000.0,
        "Interest Expense": 398438000.0,
        "Normalized Income": 142318000.0,
        "Net Income From Continuing And Discontinued Operation": 142318000.0,
        "Total Expenses": 827493000.0,
        "Rent Expense Supplemental": NaN,
        "Diluted Average Shares": NaN,
        "Basic Average Shares": NaN,
        "Diluted EPS": NaN,
        "Basic EPS": NaN,
        "Diluted NI Availto Com Stockholders": 141966000.0,
        "Average Dilution Earnings": 2071000.0,
        "Net Income Common Stockholders": 139895000.0,
        "Otherunder Preferred Stock Dividend": 353000.0,
        "Preferred Stock Dividends": 2070000.0,
        "Net Income": 142318000.0,
        "Minority Interests": 1382000.0,
        "Net Income Including Noncontrolling Interests": 140936000.0,
        "Net Income Continuous Operations": 140936000.0,
        "Tax Provision": 53903000.0,
        "Pretax Income": 194839000.0,
        "Other Income Expense": -330619000.0,
        "Other Non Operating Income Expenses": NaN,
        "Net Non Operating Interest Income Expense": -398438000.0,
        "Interest Expense Non Operating": 398438000.0,
        "Operating Income": 923896000.0,
        "Operating Expense": 17268000.0,
        "Other Operating Expenses": NaN,
        "Depreciation Amortization Depletion Income Statement": 43471000.0,
        "Depreciation And Amortization In Income Statement": 43471000.0,
        "Selling General And Administration": -218770000.0,
        "General And Administrative Expense": NaN,
        "Other Gand A": NaN,
        "Rent And Landing Fees": NaN,
        "Gross Profit": 941164000.0,
        "Cost Of Revenue": 810225000.0,
        "Total Revenue": 1751389000.0,
        "Operating Revenue": 1438786000.0
    },
    "2022-08-31": {
        "Tax Effect Of Unusual Items": 0.0,
        "Tax Rate For Calcs": 0.351,
        "Normalized EBITDA": 349864000.0,
        "Net Income From Continuing Operation Net Minority Interest": 197529000.0,
        "Reconciled Depreciation": 43187000.0,
        "Reconciled Cost Of Revenue": 776804000.0,
        "EBITDA": 349864000.0,
        "EBIT": 306677000.0,
        "Net Interest Income": -312037000.0,
        "Interest Expense": 312037000.0,
        "Normalized Income": 197529000.0,
        "Net Income From Continuing And Discontinued Operation": 197529000.0,
        "Total Expenses": 1218213000.0,
        "Rent Expense Supplemental": NaN,
        "Diluted Average Shares": 251239000.0,
        "Basic Average Shares": 243853000.0,
        "Diluted EPS": 0.78,
        "Basic EPS": 0.8,
        "Diluted NI Availto Com Stockholders": 195459000.0,
        "Average Dilution Earnings": 2075000.0,
        "Net Income Common Stockholders": 195459000.0,
        "Otherunder Preferred Stock Dividend": 571000.0,
        "Preferred Stock Dividends": 2070000.0,
        "Net Income": 197529000.0,
        "Minority Interests": 1588000.0,
        "Net Income Including Noncontrolling Interests": 195941000.0,
        "Net Income Continuous Operations": 195941000.0,
        "Tax Provision": 105909000.0,
        "Pretax Income": 301850000.0,
        "Other Income Expense": -4827000.0,
        "Other Non Operating Income Expenses": NaN,
        "Earnings From Equity Interest": -4827000.0,
        "Net Non Operating Interest Income Expense": -312037000.0,
        "Interest Expense Non Operating": 312037000.0,
        "Operating Income": 306677000.0,
        "Operating Expense": 441409000.0,
        "Other Operating Expenses": NaN,
        "Depreciation Amortization Depletion Income Statement": 43187000.0,
        "Depreciation And Amortization In Income Statement": 43187000.0,
        "Research And Development": NaN,
        "Selling General And Administration": 398222000.0,
        "General And Administrative Expense": NaN,
        "Other Gand A": NaN,
        "Rent And Landing Fees": NaN,
        "Gross Profit": 748086000.0,
        "Cost Of Revenue": 776804000.0,
        "Total Revenue": 1524890000.0,
        "Operating Revenue": 1524890000.0
    },
    "2022-05-31": {
        "Tax Effect Of Unusual Items": 0.0,
        "Tax Rate For Calcs": 0.298323,
        "Normalized EBITDA": 228548000.0,
        "Net Income From Continuing Operation Net Minority Interest": 116085000.0,
        "Reconciled Depreciation": 40307000.0,
        "Reconciled Cost Of Revenue": 812253000.0,
        "EBIT": 188241000.0,
        "Net Interest Income": -249065000.0,
        "Interest Expense": 249065000.0,
        "Normalized Income": 116085000.0,
        "Net Income From Continuing And Discontinued Operation": 116085000.0,
        "Total Expenses": 1180841000.0,
        "Rent Expense Supplemental": NaN,
        "Diluted Average Shares": 251979000.0,
        "Basic Average Shares": 249142000.0,
        "Diluted EPS": 0.45,
        "Basic EPS": 0.46,
        "Diluted NI Availto Com Stockholders": 114014000.0,
        "Average Dilution Earnings": -4000.0,
        "Net Income Common Stockholders": 114014000.0,
        "Otherunder Preferred Stock Dividend": 365000.0,
        "Preferred Stock Dividends": 2071000.0,
        "Net Income": 116085000.0,
        "Minority Interests": -773000.0,
        "Net Income Including Noncontrolling Interests": 116858000.0,
        "Net Income Continuous Operations": 116858000.0,
        "Tax Provision": 49683000.0,
        "Pretax Income": 166541000.0,
        "Other Income Expense": -21700000.0,
        "Other Non Operating Income Expenses": NaN,
        "Earnings From Equity Interest": -21700000.0,
        "Net Non Operating Interest Income Expense": -249065000.0,
        "Interest Expense Non Operating": 249065000.0,
        "Operating Income": 188241000.0,
        "Operating Expense": 368588000.0,
        "Other Operating Expenses": NaN,
        "Depreciation Amortization Depletion Income Statement": 40307000.0,
        "Depreciation And Amortization In Income Statement": 40307000.0,
        "Research And Development": NaN,
        "Selling General And Administration": 328281000.0,
        "General And Administrative Expense": NaN,
        "Other Gand A": NaN,
        "Rent And Landing Fees": NaN,
        "Gross Profit": 556829000.0,
        "Cost Of Revenue": 812253000.0,
        "Total Revenue": 1369082000.0,
        "Operating Revenue": 1369082000.0
    },
    "2022-02-28": {
        "Diluted EPS": 1.23,
        "Total Revenue": NaN,
        "Gross Profit": NaN,
        "Operating Income": 539,
        "EBIT": 586,
        "Net Income": 327
    },
    "2021-11-30": {
        "Diluted EPS": 1.2,
        "Total Revenue": NaN,
        "Gross Profit": NaN,
        "Operating Income": 781,
        "EBIT": 800,
        "Net Income": 325
    },
    "2021-08-31": {
        "Diluted EPS": 1.5,
        "Total Revenue": NaN,
        "Gross Profit": NaN,
        "Operating Income": 650,
        "EBIT": 712,
        "Net Income": 407
    },
    "2021-05-31": {
        "Diluted EPS": 1.3,
        "Total Revenue": NaN,
        "Gross Profit": NaN,
        "Operating Income": 574,
        "EBIT": 636,
        "Net Income": 353
    },
    "2021-02-28": {
        "Diluted EPS": 2.13,
        "Total Revenue": NaN,
        "Gross Profit": NaN,
        "Operating Income": 888,
        "EBIT": 950,
        "Net Income": 582
    },
    "2020-11-30": {
        "Diluted EPS": 1.05,
        "Total Revenue": NaN,
        "Gross Profit": NaN,
        "Operating Income": 719,
        "EBIT": 738,
        "Net Income": 307
    },
    "2020-08-31": {
        "Diluted EPS": 1.07,
        "Total Revenue": NaN,
        "Gross Profit": NaN,
        "Operating Income": 474,
        "EBIT": 534,
        "Net Income": 304
    },
    "2020-05-31": {
        "Diluted EPS": 0.16,
        "Total Revenue": NaN,
        "Gross Profit": NaN,
        "Operating Income": 158,
        "EBIT": 219,
        "Net Income": 45
    },
    "2020-02-29": {
        "Diluted EPS": 0.37,
        "Total Revenue": NaN,
        "Gross Profit": NaN,
        "Operating Income": 285,
        "EBIT": 346,
        "Net Income": 113
    },
    "2019-11-30": {
        "Diluted EPS": 0.6,
        "Total Revenue": NaN,
        "Gross Profit": NaN,
        "Operating Income": 211,
        "EBIT": 271,
        "Net Income": 196
    },
    "2019-08-31": {
        "Diluted EPS": 0.15,
        "Total Revenue": 857,
        "Gross Profit": 771,
        "Operating Income": -8,
        "EBIT": 52,
        "Net Income": 48
    },
    "2019-05-31": {
        "Diluted EPS": 2.14,
        "Total Revenue": NaN,
        "Gross Profit": NaN,
        "Operating Income": 222,
        "EBIT": 274,
        "Net Income": 671
    },
    "2019-02-28": {
        "Diluted EPS": 0.14,
        "Total Revenue": 828,
        "Gross Profit": 762,
        "Operating Income": 74,
        "EBIT": 118,
        "Net Income": 45
    },
    "2018-11-30": {
        "Diluted EPS": 0.19,
        "Total Revenue": -723,
        "Gross Profit": 895,
        "Operating Income": 210,
        "EBIT": 260,
        "Net Income": 48
    },
    "2018-09-30": {
        "Diluted EPS": 0.55,
        "Total Revenue": NaN,
        "Gross Profit": NaN,
        "Operating Income": 298,
        "EBIT": 344,
        "Net Income": 193
    },
    "2018-06-30": {
        "Diluted EPS": 2.03,
        "Total Revenue": 911,
        "Gross Profit": 820,
        "Operating Income": 49,
        "EBIT": 73,
        "Net Income": 726
    },
    "2018-05-31": {
        "Diluted EPS": 2.03,
        "Total Revenue": 911,
        "Gross Profit": 820,
        "Operating Income": 49,
        "EBIT": 94,
        "Net Income": 726
    },
    "2018-03-31": {
        "Diluted EPS": 0.34,
        "Total Revenue": NaN,
        "Gross Profit": 928,
        "Operating Income": 117,
        "EBIT": 161,
        "Net Income": 125
    },
    "2018-02-28": {
        "Diluted EPS": 0.34,
        "Total Revenue": 895,
        "Gross Profit": 814,
        "Operating Income": 48,
        "EBIT": 86,
        "Net Income": 125
    },
    "2017-12-31": {
        "Diluted EPS": -0.73,
        "Total Revenue": -505,
        "Gross Profit": 889,
        "Operating Income": 168,
        "EBIT": 225,
        "Net Income": -272
    },
    "2017-11-30": {
        "Diluted EPS": -0.73,
        "Total Revenue": -505,
        "Gross Profit": 889,
        "Operating Income": 168,
        "EBIT": 225,
        "Net Income": -272
    },
    "2017-09-30": {
        "Diluted EPS": 0.27,
        "Total Revenue": 857,
        "Gross Profit": 786,
        "Operating Income": 38,
        "EBIT": 112,
        "Net Income": 99
    },
    "2017-06-30": {
        "Diluted EPS": 0.16,
        "Total Revenue": 857,
        "Gross Profit": 787,
        "Operating Income": 77,
        "EBIT": 95,
        "Net Income": 58
    },
    "2017-03-31": {
        "Diluted EPS": 0.75,
        "Total Revenue": NaN,
        "Gross Profit": NaN,
        "Operating Income": 573,
        "EBIT": 590,
        "Net Income": 281
    },
    "2016-12-31": {
        "Diluted EPS": 0.38,
        "Total Revenue": NaN,
        "Gross Profit": 495,
        "Operating Income": -103,
        "EBIT": -82,
        "Net Income": 137
    },
    "2016-09-30": {
        "Diluted EPS": 0.41,
        "Total Revenue": NaN,
        "Gross Profit": 987,
        "Operating Income": 254,
        "EBIT": 397,
        "Net Income": 154
    },
    "2016-06-30": {
        "Diluted EPS": 0.15,
        "Total Revenue": NaN,
        "Gross Profit": 849,
        "Operating Income": 131,
        "EBIT": 197,
        "Net Income": 57
    },
    "2016-03-31": {
        "Diluted EPS": -0.6,
        "Total Revenue": NaN,
        "Gross Profit": 367,
        "Operating Income": -282,
        "EBIT": -345,
        "Net Income": -223
    },
    "2015-12-31": {
        "Diluted EPS": 0.18,
        "Total Revenue": NaN,
        "Gross Profit": 729,
        "Operating Income": 66,
        "EBIT": 177,
        "Net Income": 56
    },
    "2015-09-30": {
        "Diluted EPS": -0.47,
        "Total Revenue": NaN,
        "Gross Profit": 429,
        "Operating Income": -251,
        "EBIT": -91,
        "Net Income": -173
    },
    "2015-06-30": {
        "Diluted EPS": 0.04,
        "Total Revenue": NaN,
        "Gross Profit": 789,
        "Operating Income": 29,
        "EBIT": 104,
        "Net Income": 16
    },
    "2015-03-31": {
        "Diluted EPS": 0.99,
        "Total Revenue": NaN,
        "Gross Profit": NaN,
        "Operating Income": 602,
        "EBIT": 544,
        "Net Income": 381
    },
    "2014-12-31": {
        "Diluted EPS": -0.02,
        "Total Revenue": NaN,
        "Gross Profit": 653,
        "Operating Income": -11,
        "EBIT": 104,
        "Net Income": -10
    },
    "2014-09-30": {
        "Diluted EPS": 0.14,
        "Total Revenue": NaN,
        "Gross Profit": NaN,
        "Operating Income": 145,
        "EBIT": 271,
        "Net Income": 55
    },
    "2014-06-30": {
        "Diluted EPS": 0.17,
        "Total Revenue": NaN,
        "Gross Profit": 811,
        "Operating Income": 137,
        "EBIT": 196,
        "Net Income": 65
    },
    "2014-03-31": {
        "Diluted EPS": 0.25,
        "Total Revenue": NaN,
        "Gross Profit": 997,
        "Operating Income": 187,
        "EBIT": 148,
        "Net Income": 94
    },
    "2013-12-31": {
        "Diluted EPS": -0.17,
        "Total Revenue": NaN,
        "Gross Profit": NaN,
        "Operating Income": 105,
        "EBIT": 199,
        "Net Income": 9
    },
    "2013-09-30": {
        "Diluted EPS": 0.01,
        "Total Revenue": NaN,
        "Gross Profit": 630,
        "Operating Income": 67,
        "EBIT": 190,
        "Net Income": 3
    },
    "2013-06-30": {
        "Diluted EPS": 0.14,
        "Total Revenue": NaN,
        "Gross Profit": 754,
        "Operating Income": 82,
        "EBIT": 137,
        "Net Income": 53
    },
    "2013-03-31": {
        "Diluted EPS": 1.08,
        "Total Revenue": NaN,
        "Gross Profit": 467,
        "Operating Income": 323,
        "EBIT": 276,
        "Net Income": 305
    },
    "2012-12-31": {
        "Diluted EPS": 1.85,
        "Total Revenue": NaN,
        "Gross Profit": NaN,
        "Operating Income": NaN,
        "EBIT": NaN,
        "Net Income": 454
    },
    "2012-09-30": {
        "Diluted EPS": 0.43,
        "Total Revenue": NaN,
        "Gross Profit": 332,
        "Operating Income": 172,
        "EBIT": 327,
        "Net Income": 107
    },
    "2012-06-30": {
        "Diluted EPS": -0.81,
        "Total Revenue": NaN,
        "Gross Profit": -135,
        "Operating Income": -288,
        "EBIT": -222,
        "Net Income": -197
    },
    "2012-03-31": {
        "Diluted EPS": 1.97,
        "Total Revenue": NaN,
        "Gross Profit": 562,
        "Operating Income": 356,
        "EBIT": 301,
        "Net Income": 491
    },
    "2011-12-31": {
        "Diluted EPS": -7.53,
        "Total Revenue": -980,
        "Gross Profit": -919,
        "Operating Income": -968,
        "EBIT": -893,
        "Net Income": NaN
    },
    "2011-09-30": {
        "Diluted EPS": -1.19,
        "Total Revenue": 200,
        "Gross Profit": 123,
        "Operating Income": 17,
        "EBIT": 116,
        "Net Income": -291
    },
    "2011-06-30": {
        "Diluted EPS": 0.75,
        "Total Revenue": 753,
        "Gross Profit": 650,
        "Operating Income": 519,
        "EBIT": 572,
        "Net Income": 186
    },
    "2011-03-31": {
        "Diluted EPS": 0.04,
        "Total Revenue": 284,
        "Gross Profit": 187,
        "Operating Income": 80,
        "EBIT": 60,
        "Net Income": 11
    },
    "2010-12-31": {
        "Diluted EPS": 6.87,
        "Total Revenue": 469,
        "Gross Profit": 468,
        "Operating Income": 313,
        "EBIT": 513,
        "Net Income": NaN
    },
    "2010-09-30": {
        "Diluted EPS": 1.17,
        "Total Revenue": 186,
        "Gross Profit": 83,
        "Operating Income": -59,
        "EBIT": 53,
        "Net Income": 288
    },
    "2010-06-30": {
        "Diluted EPS": -0.97,
        "Total Revenue": 289,
        "Gross Profit": 183,
        "Operating Income": 80,
        "EBIT": 138,
        "Net Income": -235
    },
    "2010-03-31": {
        "Diluted EPS": 0.78,
        "Total Revenue": 259,
        "Gross Profit": 162,
        "Operating Income": 48,
        "EBIT": 26,
        "Net Income": 191
    },
    "2009-12-31": {
        "Diluted EPS": 0.0,
        "Total Revenue": -103,
        "Gross Profit": 69,
        "Operating Income": 8,
        "EBIT": NaN,
        "Net Income": -91
    },
    "2009-09-30": {
        "Diluted EPS": 1.5,
        "Total Revenue": 143,
        "Gross Profit": 68,
        "Operating Income": -37,
        "EBIT": 58,
        "Net Income": 370
    },
    "2009-06-30": {
        "Diluted EPS": 1.67,
        "Total Revenue": 284,
        "Gross Profit": 95,
        "Operating Income": -131,
        "EBIT": -76,
        "Net Income": 411
    },
    "2009-03-31": {
        "Diluted EPS": -0.59,
        "Total Revenue": 250,
        "Gross Profit": 57,
        "Operating Income": -81,
        "EBIT": -91,
        "Net Income": -140
    },
    "2023-08-31": {
        "Tax Effect Of Unusual Items": 0.0,
        "Tax Rate For Calcs": 0.21,
        "Normalized EBITDA": 975317000.0,
        "Net Income From Continuing Operation Net Minority Interest": 57719000.0,
        "Reconciled Depreciation": 25440000.0,
        "Reconciled Cost Of Revenue": 736751000.0,
        "EBITDA": 975317000.0,
        "EBIT": 949877000.0,
        "Net Interest Income": -858806000.0,
        "Interest Expense": 858806000.0,
        "Normalized Income": 57719000.0,
        "Net Income From Continuing And Discontinued Operation": 57719000.0,
        "Total Expenses": 1033722000.0,
        "Rent Expense Supplemental": 27711000.0,
        "Diluted Average Shares": 232041000.0,
        "Basic Average Shares": 228353000.0,
        "Diluted EPS": 0.22,
        "Basic EPS": 0.22,
        "Diluted NI Availto Com Stockholders": 51350000.0,
        "Average Dilution Earnings": 0.0,
        "Net Income Common Stockholders": 51350000.0,
        "Otherunder Preferred Stock Dividend": 6369000.0,
        "Preferred Stock Dividends": 6300000.0,
        "Net Income": 57719000.0,
        "Minority Interests": 3772000.0,
        "Net Income Including Noncontrolling Interests": 53947000.0,
        "Net Income Continuous Operations": 53947000.0,
        "Tax Provision": 37124000.0,
        "Pretax Income": 91071000.0,
        "Other Income Expense": -57316000.0,
        "Other Non Operating Income Expenses": -57316000.0,
        "Net Non Operating Interest Income Expense": -858806000.0,
        "Interest Expense Non Operating": 858806000.0,
        "Operating Income": 1007193000.0,
        "Operating Expense": 296819000.0,
        "Other Operating Expenses": 56344000.0,
        "Depreciation Amortization Depletion Income Statement": 25288000.0,
        "Depreciation And Amortization In Income Statement": 25288000.0,
        "Selling General And Administration": 215187000.0,
        "General And Administrative Expense": 215187000.0,
        "Other Gand A": 187476000.0,
        "Rent And Landing Fees": 27711000.0,
        "Gross Profit": 1304012000.0,
        "Cost Of Revenue": 736903000.0,
        "Total Revenue": 2040915000.0,
        "Operating Revenue": 2090127000.0
    },
    "2023-11-30": {
        "Tax Effect Of Unusual Items": 0.0,
        "Tax Rate For Calcs": 0.192847,
        "Normalized EBITDA": 887375000.0,
        "Net Income From Continuing Operation Net Minority Interest": 71938000.0,
        "Reconciled Depreciation": 28582000.0,
        "Reconciled Cost Of Revenue": 733713000.0,
        "EBITDA": 887375000.0,
        "EBIT": 858793000.0,
        "Net Interest Income": -771532000.0,
        "Interest Expense": 771532000.0,
        "Normalized Income": 71938000.0,
        "Net Income From Continuing And Discontinued Operation": 71938000.0,
        "Total Expenses": 1057406000.0,
        "Rent Expense Supplemental": 26630000.0,
        "Diluted Average Shares": 224584000.0,
        "Basic Average Shares": 220441000.0,
        "Diluted EPS": 0.29,
        "Basic EPS": 0.3,
        "Diluted NI Availto Com Stockholders": 51954000.0,
        "Average Dilution Earnings": 0.0,
        "Net Income Common Stockholders": 51954000.0,
        "Otherunder Preferred Stock Dividend": 7385000.0,
        "Preferred Stock Dividends": 6300000.0,
        "Net Income": 71938000.0,
        "Minority Interests": 1505000.0,
        "Net Income Including Noncontrolling Interests": 70433000.0,
        "Net Income Continuous Operations": 70433000.0,
        "Tax Provision": 16828000.0,
        "Pretax Income": 87261000.0,
        "Other Income Expense": -52539000.0,
        "Other Non Operating Income Expenses": -52539000.0,
        "Net Non Operating Interest Income Expense": -771532000.0,
        "Interest Expense Non Operating": 771532000.0,
        "Operating Income": 911332000.0,
        "Operating Expense": 323422000.0,
        "Other Operating Expenses": -102063000.0,
        "Depreciation Amortization Depletion Income Statement": 28311000.0,
        "Depreciation And Amortization In Income Statement": 28311000.0,
        "Selling General And Administration": 219633000.0,
        "General And Administrative Expense": 219633000.0,
        "Other Gand A": 193003000.0,
        "Rent And Landing Fees": 26630000.0,
        "Gross Profit": 1234754000.0,
        "Cost Of Revenue": 733984000.0,
        "Total Revenue": 1968738000.0,
        "Operating Revenue": 1870392000.0
    }
}