{
    "2023-03-31": {
        "Tax Effect Of Unusual Items": NaN,
        "Tax Rate For Calcs": NaN,
        "Normalized EBITDA": NaN,
        "Total Unusual Items": NaN,
        "Total Unusual Items Excluding Goodwill": NaN,
        "Net Income From Continuing Operation Net Minority Interest": NaN,
        "Reconciled Depreciation": NaN,
        "Reconciled Cost Of Revenue": NaN,
        "EBITDA": NaN,
        "EBIT": NaN,
        "Net Interest Income": NaN,
        "Interest Expense": NaN,
        "Normalized Income": NaN,
        "Net Income From Continuing And Discontinued Operation": NaN,
        "Total Expenses": NaN,
        "Total Operating Income As Reported": NaN,
        "Diluted Average Shares": NaN,
        "Basic Average Shares": NaN,
        "Diluted EPS": NaN,
        "Basic EPS": NaN,
        "Diluted NI Availto Com Stockholders": NaN,
        "Net Income Common Stockholders": NaN,
        "Net Income": NaN,
        "Net Income Including Noncontrolling Interests": NaN,
        "Net Income Discontinuous Operations": NaN,
        "Net Income Continuous Operations": NaN,
        "Tax Provision": NaN,
        "Pretax Income": NaN,
        "Other Income Expense": NaN,
        "Other Non Operating Income Expenses": NaN,
        "Special Income Charges": NaN,
        "Gain On Sale Of Ppe": NaN,
        "Gain On Sale Of Business": NaN,
        "Other Special Charges": -1215000.0,
        "Write Off": NaN,
        "Impairment Of Capital Assets": NaN,
        "Restructuring And Mergern Acquisition": NaN,
        "Gain On Sale Of Security": NaN,
        "Net Non Operating Interest Income Expense": NaN,
        "Interest Expense Non Operating": NaN,
        "Operating Income": NaN,
        "Operating Expense": NaN,
        "Other Operating Expenses": NaN,
        "Selling General And Administration": NaN,
        "Selling And Marketing Expense": 185507000.0,
        "General And Administrative Expense": NaN,
        "Other Gand A": NaN,
        "Salaries And Wages": NaN,
        "Gross Profit": NaN,
        "Cost Of Revenue": NaN,
        "Total Revenue": NaN,
        "Operating Revenue": NaN
    },
    "2022-12-31": {
        "Tax Effect Of Unusual Items": NaN,
        "Tax Rate For Calcs": NaN,
        "Normalized EBITDA": NaN,
        "Total Unusual Items": NaN,
        "Total Unusual Items Excluding Goodwill": NaN,
        "Net Income From Continuing Operation Net Minority Interest": NaN,
        "Reconciled Depreciation": NaN,
        "Reconciled Cost Of Revenue": NaN,
        "EBITDA": NaN,
        "EBIT": NaN,
        "Net Interest Income": NaN,
        "Interest Expense": NaN,
        "Normalized Income": NaN,
        "Net Income From Continuing And Discontinued Operation": NaN,
        "Total Expenses": NaN,
        "Total Operating Income As Reported": NaN,
        "Diluted Average Shares": NaN,
        "Basic Average Shares": NaN,
        "Diluted EPS": NaN,
        "Basic EPS": NaN,
        "Diluted NI Availto Com Stockholders": NaN,
        "Net Income Common Stockholders": NaN,
        "Net Income": NaN,
        "Net Income Including Noncontrolling Interests": NaN,
        "Net Income Discontinuous Operations": NaN,
        "Net Income Continuous Operations": NaN,
        "Tax Provision": NaN,
        "Pretax Income": NaN,
        "Other Income Expense": NaN,
        "Other Non Operating Income Expenses": NaN,
        "Special Income Charges": NaN,
        "Gain On Sale Of Ppe": 8322000.0,
        "Gain On Sale Of Business": NaN,
        "Other Special Charges": -10500000.0,
        "Write Off": -9501000.0,
        "Impairment Of Capital Assets": 0.0,
        "Restructuring And Mergern Acquisition": NaN,
        "Gain On Sale Of Security": NaN,
        "Net Non Operating Interest Income Expense": NaN,
        "Interest Expense Non Operating": NaN,
        "Operating Income": NaN,
        "Operating Expense": NaN,
        "Other Operating Expenses": NaN,
        "Selling General And Administration": NaN,
        "Selling And Marketing Expense": 200215000.0,
        "General And Administrative Expense": NaN,
        "Other Gand A": NaN,
        "Salaries And Wages": NaN,
        "Gross Profit": NaN,
        "Cost Of Revenue": NaN,
        "Total Revenue": NaN,
        "Operating Revenue": NaN
    },
    "2022-09-30": {
        "Tax Effect Of Unusual Items": NaN,
        "Tax Rate For Calcs": NaN,
        "Normalized EBITDA": NaN,
        "Total Unusual Items": NaN,
        "Total Unusual Items Excluding Goodwill": NaN,
        "Net Income From Continuing Operation Net Minority Interest": NaN,
        "Reconciled Depreciation": NaN,
        "Reconciled Cost Of Revenue": NaN,
        "EBITDA": NaN,
        "EBIT": NaN,
        "Net Interest Income": NaN,
        "Interest Expense": NaN,
        "Normalized Income": NaN,
        "Net Income From Continuing And Discontinued Operation": NaN,
        "Total Expenses": NaN,
        "Total Operating Income As Reported": NaN,
        "Diluted Average Shares": NaN,
        "Basic Average Shares": NaN,
        "Diluted EPS": NaN,
        "Basic EPS": NaN,
        "Diluted NI Availto Com Stockholders": NaN,
        "Net Income Common Stockholders": NaN,
        "Net Income": NaN,
        "Net Income Including Noncontrolling Interests": NaN,
        "Net Income Discontinuous Operations": NaN,
        "Net Income Continuous Operations": NaN,
        "Tax Provision": NaN,
        "Pretax Income": NaN,
        "Other Income Expense": NaN,
        "Other Non Operating Income Expenses": NaN,
        "Special Income Charges": NaN,
        "Gain On Sale Of Ppe": -76000.0,
        "Gain On Sale Of Business": 0.0,
        "Other Special Charges": NaN,
        "Write Off": 6579000.0,
        "Impairment Of Capital Assets": 54885000.0,
        "Restructuring And Mergern Acquisition": NaN,
        "Gain On Sale Of Security": NaN,
        "Net Non Operating Interest Income Expense": NaN,
        "Interest Expense Non Operating": NaN,
        "Operating Income": NaN,
        "Operating Expense": NaN,
        "Other Operating Expenses": NaN,
        "Selling General And Administration": NaN,
        "Selling And Marketing Expense": NaN,
        "General And Administrative Expense": NaN,
        "Other Gand A": NaN,
        "Salaries And Wages": NaN,
        "Gross Profit": NaN,
        "Cost Of Revenue": NaN,
        "Total Revenue": NaN,
        "Operating Revenue": NaN
    },
    "2022-06-30": {
        "Tax Effect Of Unusual Items": -1320655.737705,
        "Tax Rate For Calcs": 0.24918,
        "Normalized EBITDA": 86500000.0,
        "Total Unusual Items": -5300000.0,
        "Total Unusual Items Excluding Goodwill": -5300000.0,
        "Net Income From Continuing Operation Net Minority Interest": 45800000.0,
        "Reconciled Depreciation": 32513000.0,
        "Reconciled Cost Of Revenue": 1084800000.0,
        "EBITDA": 81200000.0,
        "EBIT": 81200000.0,
        "Net Interest Income": -20200000.0,
        "Interest Expense": 20200000.0,
        "Normalized Income": 49779344.262295,
        "Net Income From Continuing And Discontinued Operation": 45800000.0,
        "Total Expenses": 1265300000.0,
        "Total Operating Income As Reported": 60400000.0,
        "Diluted Average Shares": 87967049.0,
        "Basic Average Shares": 87219078.0,
        "Diluted EPS": 0.52,
        "Basic EPS": 0.53,
        "Diluted NI Availto Com Stockholders": 45800000.0,
        "Net Income Common Stockholders": 45800000.0,
        "Net Income": 45800000.0,
        "Net Income Including Noncontrolling Interests": 45800000.0,
        "Net Income Discontinuous Operations": NaN,
        "Net Income Continuous Operations": 45800000.0,
        "Tax Provision": 15200000.0,
        "Pretax Income": 61000000.0,
        "Other Income Expense": 15600000.0,
        "Other Non Operating Income Expenses": 20900000.0,
        "Special Income Charges": -5300000.0,
        "Gain On Sale Of Ppe": -55000.0,
        "Other Special Charges": -4843000.0,
        "Write Off": 5300000.0,
        "Impairment Of Capital Assets": NaN,
        "Restructuring And Mergern Acquisition": NaN,
        "Gain On Sale Of Security": 7096000.0,
        "Net Non Operating Interest Income Expense": -20200000.0,
        "Interest Expense Non Operating": 20200000.0,
        "Operating Income": 65700000.0,
        "Operating Expense": 180500000.0,
        "Other Operating Expenses": -414000.0,
        "Selling General And Administration": 180500000.0,
        "Selling And Marketing Expense": 180500000.0,
        "General And Administrative Expense": -1435000.0,
        "Salaries And Wages": -1435000.0,
        "Gross Profit": 246200000.0,
        "Cost Of Revenue": 1084800000.0,
        "Total Revenue": 1331000000.0,
        "Operating Revenue": 1331000000.0
    },
    "2022-03-31": {
        "Diluted EPS": -0.01,
        "Total Revenue": NaN,
        "Gross Profit": 203,
        "Operating Income": 10,
        "EBIT": 44,
        "Net Income": -1
    },
    "2021-12-31": {
        "Diluted EPS": 0.46,
        "Total Revenue": NaN,
        "Gross Profit": 219,
        "Operating Income": 68,
        "EBIT": 103,
        "Net Income": 42
    },
    "2021-09-30": {
        "Diluted EPS": 0.41,
        "Total Revenue": NaN,
        "Gross Profit": 228,
        "Operating Income": 54,
        "EBIT": 88,
        "Net Income": 41
    },
    "2021-06-30": {
        "Diluted EPS": 0.6,
        "Total Revenue": NaN,
        "Gross Profit": 292,
        "Operating Income": 102,
        "EBIT": 138,
        "Net Income": 61
    },
    "2021-03-31": {
        "Diluted EPS": 0.25,
        "Total Revenue": NaN,
        "Gross Profit": 236,
        "Operating Income": 43,
        "EBIT": 78,
        "Net Income": 25
    },
    "2020-12-31": {
        "Diluted EPS": 0.42,
        "Total Revenue": NaN,
        "Gross Profit": 244,
        "Operating Income": 62,
        "EBIT": 97,
        "Net Income": 43
    },
    "2020-09-30": {
        "Diluted EPS": 0.25,
        "Total Revenue": NaN,
        "Gross Profit": 245,
        "Operating Income": 62,
        "EBIT": 96,
        "Net Income": 25
    },
    "2020-06-30": {
        "Diluted EPS": 0.23,
        "Total Revenue": 992,
        "Gross Profit": 219,
        "Operating Income": 50,
        "EBIT": 83,
        "Net Income": 23
    },
    "2020-03-31": {
        "Diluted EPS": -0.0,
        "Total Revenue": 979,
        "Gross Profit": 194,
        "Operating Income": 15,
        "EBIT": 49,
        "Net Income": 0
    },
    "2019-12-31": {
        "Diluted EPS": 0.07,
        "Total Revenue": NaN,
        "Gross Profit": 200,
        "Operating Income": 38,
        "EBIT": 73,
        "Net Income": 8
    },
    "2019-09-30": {
        "Diluted EPS": 0.17,
        "Total Revenue": NaN,
        "Gross Profit": 224,
        "Operating Income": 54,
        "EBIT": 90,
        "Net Income": 17
    },
    "2019-06-30": {
        "Diluted EPS": 0.22,
        "Total Revenue": NaN,
        "Gross Profit": 240,
        "Operating Income": 58,
        "EBIT": 92,
        "Net Income": 22
    },
    "2019-03-31": {
        "Diluted EPS": 0.16,
        "Total Revenue": NaN,
        "Gross Profit": 208,
        "Operating Income": 40,
        "EBIT": 72,
        "Net Income": 16
    },
    "2018-12-31": {
        "Diluted EPS": 0.37,
        "Total Revenue": NaN,
        "Gross Profit": 223,
        "Operating Income": 51,
        "EBIT": 87,
        "Net Income": 38
    },
    "2018-09-30": {
        "Diluted EPS": 0.27,
        "Total Revenue": NaN,
        "Gross Profit": 241,
        "Operating Income": 7,
        "EBIT": 39,
        "Net Income": 29
    },
    "2018-06-30": {
        "Diluted EPS": 0.32,
        "Total Revenue": NaN,
        "Gross Profit": 248,
        "Operating Income": 70,
        "EBIT": 101,
        "Net Income": 35
    },
    "2018-03-31": {
        "Diluted EPS": 0.37,
        "Total Revenue": 946,
        "Gross Profit": 206,
        "Operating Income": 38,
        "EBIT": 67,
        "Net Income": 40
    },
    "2017-12-31": {
        "Diluted EPS": -0.87,
        "Total Revenue": 976,
        "Gross Profit": 207,
        "Operating Income": 47,
        "EBIT": 79,
        "Net Income": -96
    },
    "2017-09-30": {
        "Diluted EPS": 0.47,
        "Total Revenue": 991,
        "Gross Profit": 228,
        "Operating Income": 86,
        "EBIT": 115,
        "Net Income": 51
    },
    "2017-06-30": {
        "Diluted EPS": 0.43,
        "Total Revenue": 949,
        "Gross Profit": 231,
        "Operating Income": 87,
        "EBIT": 114,
        "Net Income": 47
    },
    "2017-03-31": {
        "Diluted EPS": -0.05,
        "Total Revenue": 848,
        "Gross Profit": 182,
        "Operating Income": 41,
        "EBIT": 74,
        "Net Income": -4
    },
    "2016-12-31": {
        "Diluted EPS": -1.3,
        "Total Revenue": 973,
        "Gross Profit": 200,
        "Operating Income": 45,
        "EBIT": 77,
        "Net Income": -30
    },
    "2016-09-30": {
        "Diluted EPS": 0.54,
        "Total Revenue": 932,
        "Gross Profit": 206,
        "Operating Income": 72,
        "EBIT": 98,
        "Net Income": 16
    },
    "2016-06-30": {
        "Diluted EPS": 0.81,
        "Total Revenue": 965,
        "Gross Profit": 212,
        "Operating Income": 69,
        "EBIT": 96,
        "Net Income": 15
    },
    "2016-03-31": {
        "Diluted EPS": -1.13,
        "Total Revenue": 797,
        "Gross Profit": 158,
        "Operating Income": 23,
        "EBIT": 50,
        "Net Income": -20
    },
    "2015-12-31": {
        "Diluted EPS": 0.0,
        "Total Revenue": NaN,
        "Gross Profit": NaN,
        "Operating Income": NaN,
        "EBIT": NaN,
        "Net Income": NaN
    },
    "2015-09-30": {
        "Diluted EPS": -17.46,
        "Total Revenue": 874,
        "Gross Profit": 184,
        "Operating Income": 51,
        "EBIT": 51,
        "Net Income": -310
    },
    "2014-12-31": {
        "Diluted EPS": 0.0,
        "Total Revenue": NaN,
        "Gross Profit": NaN,
        "Operating Income": NaN,
        "EBIT": NaN,
        "Net Income": NaN
    },
    "2013-12-31": {
        "Diluted EPS": 0.0,
        "Total Revenue": NaN,
        "Gross Profit": NaN,
        "Operating Income": NaN,
        "EBIT": NaN,
        "Net Income": NaN
    },
    "2023-06-30": {
        "Tax Effect Of Unusual Items": -2125663.0,
        "Tax Rate For Calcs": 0.323,
        "Normalized EBITDA": 99650000.0,
        "Total Unusual Items": -6581000.0,
        "Total Unusual Items Excluding Goodwill": -6581000.0,
        "Net Income From Continuing Operation Net Minority Interest": 22502000.0,
        "Reconciled Depreciation": 38962000.0,
        "Reconciled Cost Of Revenue": 900212000.0,
        "EBITDA": 93069000.0,
        "EBIT": 54107000.0,
        "Net Interest Income": -20854000.0,
        "Interest Expense": 20854000.0,
        "Normalized Income": 26957337.0,
        "Net Income From Continuing And Discontinued Operation": 38281000.0,
        "Total Expenses": 1064302000.0,
        "Total Operating Income As Reported": 56266000.0,
        "Diluted Average Shares": 85764785.0,
        "Basic Average Shares": 84964935.0,
        "Diluted EPS": 0.45,
        "Basic EPS": 0.45,
        "Diluted NI Availto Com Stockholders": 38281000.0,
        "Net Income Common Stockholders": 38281000.0,
        "Net Income": 38281000.0,
        "Net Income Including Noncontrolling Interests": 38281000.0,
        "Net Income Discontinuous Operations": 15779000.0,
        "Net Income Continuous Operations": 22502000.0,
        "Tax Provision": 10751000.0,
        "Pretax Income": 33253000.0,
        "Other Income Expense": -7358000.0,
        "Other Non Operating Income Expenses": -777000.0,
        "Special Income Charges": -6812000.0,
        "Gain On Sale Of Ppe": NaN,
        "Gain On Sale Of Business": 0.0,
        "Other Special Charges": NaN,
        "Write Off": NaN,
        "Impairment Of Capital Assets": NaN,
        "Restructuring And Mergern Acquisition": 6812000.0,
        "Gain On Sale Of Security": 231000.0,
        "Net Non Operating Interest Income Expense": -20854000.0,
        "Interest Expense Non Operating": 20854000.0,
        "Operating Income": 61465000.0,
        "Operating Expense": 164090000.0,
        "Other Operating Expenses": -44000.0,
        "Selling General And Administration": 164134000.0,
        "Selling And Marketing Expense": 162477000.0,
        "General And Administrative Expense": 164134000.0,
        "Other Gand A": 162477000.0,
        "Salaries And Wages": 1657000.0,
        "Gross Profit": 225555000.0,
        "Cost Of Revenue": 900212000.0,
        "Total Revenue": 1125767000.0,
        "Operating Revenue": 1125767000.0
    },
    "2023-09-30": {
        "Tax Effect Of Unusual Items": -3330600.0,
        "Tax Rate For Calcs": 0.21,
        "Normalized EBITDA": 97856000.0,
        "Total Unusual Items": -15860000.0,
        "Total Unusual Items Excluding Goodwill": -15860000.0,
        "Net Income From Continuing Operation Net Minority Interest": 16908000.0,
        "Reconciled Depreciation": 30952000.0,
        "Reconciled Cost Of Revenue": 853384000.0,
        "EBITDA": 81996000.0,
        "EBIT": 51044000.0,
        "Net Interest Income": -16737000.0,
        "Interest Expense": 16737000.0,
        "Normalized Income": 29437400.0,
        "Net Income From Continuing And Discontinued Operation": 43785000.0,
        "Total Expenses": 1016565000.0,
        "Total Operating Income As Reported": 48078000.0,
        "Diluted Average Shares": 86349840.0,
        "Basic Average Shares": 85182678.0,
        "Diluted EPS": 0.51,
        "Basic EPS": 0.51,
        "Diluted NI Availto Com Stockholders": 43785000.0,
        "Net Income Common Stockholders": 43785000.0,
        "Net Income": 43785000.0,
        "Net Income Including Noncontrolling Interests": 43785000.0,
        "Net Income Discontinuous Operations": 26877000.0,
        "Net Income Continuous Operations": 16908000.0,
        "Tax Provision": 17399000.0,
        "Pretax Income": 34307000.0,
        "Other Income Expense": -9371000.0,
        "Other Non Operating Income Expenses": 6489000.0,
        "Special Income Charges": -16076000.0,
        "Gain On Sale Of Ppe": NaN,
        "Gain On Sale Of Business": 3109000.0,
        "Other Special Charges": 6487000.0,
        "Write Off": NaN,
        "Impairment Of Capital Assets": 0.0,
        "Restructuring And Mergern Acquisition": 12698000.0,
        "Gain On Sale Of Security": 216000.0,
        "Net Non Operating Interest Income Expense": -16737000.0,
        "Interest Expense Non Operating": 16737000.0,
        "Operating Income": 60415000.0,
        "Operating Expense": 163181000.0,
        "Other Operating Expenses": -1257000.0,
        "Selling General And Administration": 164438000.0,
        "Selling And Marketing Expense": 162820000.0,
        "General And Administrative Expense": 164438000.0,
        "Other Gand A": 162820000.0,
        "Salaries And Wages": 1618000.0,
        "Gross Profit": 223596000.0,
        "Cost Of Revenue": 853384000.0,
        "Total Revenue": 1076980000.0,
        "Operating Revenue": 1076980000.0
    },
    "2023-12-31": {
        "Tax Effect Of Unusual Items": 762930.0,
        "Tax Rate For Calcs": 0.21,
        "Normalized EBITDA": 56091000.0,
        "Total Unusual Items": 3633000.0,
        "Total Unusual Items Excluding Goodwill": 3633000.0,
        "Net Income From Continuing Operation Net Minority Interest": -22640000.0,
        "Reconciled Depreciation": 37488000.0,
        "Reconciled Cost Of Revenue": 829382000.0,
        "EBITDA": 59724000.0,
        "EBIT": 22236000.0,
        "Net Interest Income": -13175000.0,
        "Interest Expense": 13175000.0,
        "Normalized Income": -25510070.0,
        "Net Income From Continuing And Discontinued Operation": -34755000.0,
        "Total Expenses": 1008180000.0,
        "Total Operating Income As Reported": 7498000.0,
        "Diluted Average Shares": 85309220.0,
        "Basic Average Shares": 85309220.0,
        "Diluted EPS": -0.41,
        "Basic EPS": -0.407928,
        "Diluted NI Availto Com Stockholders": -34755000.0,
        "Net Income Common Stockholders": -34755000.0,
        "Net Income": -34755000.0,
        "Net Income Including Noncontrolling Interests": -34755000.0,
        "Net Income Discontinuous Operations": -12115000.0,
        "Net Income Continuous Operations": -22640000.0,
        "Tax Provision": 31701000.0,
        "Pretax Income": 9061000.0,
        "Other Income Expense": 9351000.0,
        "Other Non Operating Income Expenses": 5718000.0,
        "Special Income Charges": 4337000.0,
        "Gain On Sale Of Ppe": NaN,
        "Gain On Sale Of Business": 8281000.0,
        "Other Special Charges": -3021000.0,
        "Write Off": NaN,
        "Impairment Of Capital Assets": 0.0,
        "Restructuring And Mergern Acquisition": 6965000.0,
        "Gain On Sale Of Security": -704000.0,
        "Net Non Operating Interest Income Expense": -13175000.0,
        "Interest Expense Non Operating": 13175000.0,
        "Operating Income": 12885000.0,
        "Operating Expense": 178798000.0,
        "Other Operating Expenses": 1000.0,
        "Selling General And Administration": 178797000.0,
        "Selling And Marketing Expense": 177220000.0,
        "General And Administrative Expense": 178797000.0,
        "Other Gand A": 177220000.0,
        "Salaries And Wages": 1577000.0,
        "Gross Profit": 191683000.0,
        "Cost Of Revenue": 829382000.0,
        "Total Revenue": 1021065000.0,
        "Operating Revenue": 1021065000.0
    },
    "2024-03-31": {
        "Tax Effect Of Unusual Items": -1478290.0,
        "Tax Rate For Calcs": 0.11,
        "Normalized EBITDA": 39399000.0,
        "Total Unusual Items": -13439000.0,
        "Total Unusual Items Excluding Goodwill": -13439000.0,
        "Net Income From Continuing Operation Net Minority Interest": -27730000.0,
        "Reconciled Depreciation": 41429000.0,
        "Reconciled Cost Of Revenue": 786546000.0,
        "EBITDA": 25960000.0,
        "EBIT": -15469000.0,
        "Net Interest Income": -15692000.0,
        "Interest Expense": 15692000.0,
        "Normalized Income": -15769290.0,
        "Net Income From Continuing And Discontinued Operation": -27730000.0,
        "Total Expenses": 969208000.0,
        "Total Operating Income As Reported": -28283000.0,
        "Diluted Average Shares": 85520145.0,
        "Basic Average Shares": 85520145.0,
        "Diluted EPS": -0.32,
        "Basic EPS": -0.32,
        "Diluted NI Availto Com Stockholders": -27730000.0,
        "Net Income Common Stockholders": -27730000.0,
        "Net Income": -27730000.0,
        "Net Income Including Noncontrolling Interests": -27730000.0,
        "Net Income Discontinuous Operations": 0.0,
        "Net Income Continuous Operations": -27730000.0,
        "Tax Provision": -3431000.0,
        "Pretax Income": -31161000.0,
        "Other Income Expense": -5387000.0,
        "Other Non Operating Income Expenses": 8052000.0,
        "Special Income Charges": -14906000.0,
        "Gain On Sale Of Ppe": NaN,
        "Gain On Sale Of Business": NaN,
        "Other Special Charges": -3153000.0,
        "Write Off": NaN,
        "Impairment Of Capital Assets": NaN,
        "Restructuring And Mergern Acquisition": 18059000.0,
        "Gain On Sale Of Security": 1467000.0,
        "Net Non Operating Interest Income Expense": -15692000.0,
        "Interest Expense Non Operating": 15692000.0,
        "Operating Income": -10082000.0,
        "Operating Expense": 182662000.0,
        "Other Operating Expenses": -657000.0,
        "Selling General And Administration": 183319000.0,
        "Selling And Marketing Expense": NaN,
        "General And Administrative Expense": 183319000.0,
        "Other Gand A": 182804000.0,
        "Salaries And Wages": 515000.0,
        "Gross Profit": 172580000.0,
        "Cost Of Revenue": 786546000.0,
        "Total Revenue": 959126000.0,
        "Operating Revenue": 959126000.0
    },
    "2024-06-30": {
        "Tax Effect Of Unusual Items": -3002580.0,
        "Tax Rate For Calcs": 0.21,
        "Normalized EBITDA": 50183000.0,
        "Total Unusual Items": -14298000.0,
        "Total Unusual Items Excluding Goodwill": -14298000.0,
        "Net Income From Continuing Operation Net Minority Interest": -18491000.0,
        "Reconciled Depreciation": 28249000.0,
        "Reconciled Cost Of Revenue": 795971000.0,
        "EBITDA": 35885000.0,
        "EBIT": 7636000.0,
        "Net Interest Income": -16564000.0,
        "Interest Expense": 16564000.0,
        "Normalized Income": -7195580.0,
        "Net Income From Continuing And Discontinued Operation": -18491000.0,
        "Total Expenses": 964664000.0,
        "Total Operating Income As Reported": 5148000.0,
        "Diluted Average Shares": 85271699.0,
        "Basic Average Shares": 85271699.0,
        "Diluted EPS": -0.22,
        "Basic EPS": -0.22,
        "Diluted NI Availto Com Stockholders": -18491000.0,
        "Net Income Common Stockholders": -18491000.0,
        "Net Income": -18491000.0,
        "Net Income Including Noncontrolling Interests": -18491000.0,
        "Net Income Discontinuous Operations": 0.0,
        "Net Income Continuous Operations": -18491000.0,
        "Tax Provision": 9563000.0,
        "Pretax Income": -8928000.0,
        "Other Income Expense": -13716000.0,
        "Other Non Operating Income Expenses": 582000.0,
        "Special Income Charges": -14045000.0,
        "Gain On Sale Of Ppe": NaN,
        "Gain On Sale Of Business": 2402000.0,
        "Other Special Charges": NaN,
        "Write Off": NaN,
        "Impairment Of Capital Assets": NaN,
        "Restructuring And Mergern Acquisition": 16447000.0,
        "Gain On Sale Of Security": -253000.0,
        "Net Non Operating Interest Income Expense": -16564000.0,
        "Interest Expense Non Operating": 16564000.0,
        "Operating Income": 21352000.0,
        "Operating Expense": 168693000.0,
        "Other Operating Expenses": -270000.0,
        "Selling General And Administration": 168963000.0,
        "Selling And Marketing Expense": NaN,
        "General And Administrative Expense": 168963000.0,
        "Other Gand A": 168450000.0,
        "Salaries And Wages": 513000.0,
        "Gross Profit": 190045000.0,
        "Cost Of Revenue": 795971000.0,
        "Total Revenue": 986016000.0,
        "Operating Revenue": 986016000.0
    }
}