{
    "2023-03-31": {
        "Tax Effect Of Unusual Items": 0.0,
        "Tax Rate For Calcs": 0.217208,
        "Normalized EBITDA": 349256000.0,
        "Net Income From Continuing Operation Net Minority Interest": 279713000.0,
        "Reconciled Cost Of Revenue": 274239000.0,
        "EBITDA": 349256000.0,
        "EBIT": 349256000.0,
        "Net Interest Income": 360000.0,
        "Interest Income": 360000.0,
        "Normalized Income": 279713000.0,
        "Net Income From Continuing And Discontinued Operation": 279713000.0,
        "Total Expenses": 772906000.0,
        "Total Operating Income As Reported": 349256000.0,
        "Diluted Average Shares": 53431851.0,
        "Basic Average Shares": 53431851.0,
        "Diluted EPS": 5.24,
        "Basic EPS": 5.24,
        "Diluted NI Availto Com Stockholders": 279713000.0,
        "Net Income Common Stockholders": 279713000.0,
        "Net Income": 279713000.0,
        "Minority Interests": 13000.0,
        "Net Income Including Noncontrolling Interests": 279700000.0,
        "Net Income Continuous Operations": 279700000.0,
        "Earnings From Equity Interest Net Of Tax": -235000.0,
        "Tax Provision": 77676000.0,
        "Pretax Income": 357611000.0,
        "Other Income Expense": 7995000.0,
        "Other Non Operating Income Expenses": 7995000.0,
        "Net Non Operating Interest Income Expense": 360000.0,
        "Interest Income Non Operating": 360000.0,
        "Operating Income": 349256000.0,
        "Operating Expense": 498667000.0,
        "Provision For Doubtful Accounts": 6705000.0,
        "Research And Development": 64766000.0,
        "Selling General And Administration": 427196000.0,
        "Selling And Marketing Expense": 380817000.0,
        "General And Administrative Expense": 46379000.0,
        "Other Gand A": 46379000.0,
        "Gross Profit": 847923000.0,
        "Cost Of Revenue": 274239000.0,
        "Total Revenue": 1122162000.0,
        "Operating Revenue": 1122162000.0
    },
    "2022-12-31": {
        "Tax Effect Of Unusual Items": 0.0,
        "Tax Rate For Calcs": 0.25,
        "Normalized EBITDA": 346488000.0,
        "Net Income From Continuing Operation Net Minority Interest": 532937000.0,
        "Reconciled Cost Of Revenue": 195098000.0,
        "EBITDA": 346488000.0,
        "EBIT": 346488000.0,
        "Net Interest Income": -945000.0,
        "Interest Income": NaN,
        "Normalized Income": 532937000.0,
        "Net Income From Continuing And Discontinued Operation": 532937000.0,
        "Total Expenses": 707904000.0,
        "Total Operating Income As Reported": 346488000.0,
        "Diluted Average Shares": 53447371.0,
        "Basic Average Shares": 53447371.0,
        "Diluted EPS": 9.96,
        "Basic EPS": 9.96,
        "Diluted NI Availto Com Stockholders": 532937000.0,
        "Net Income Common Stockholders": 532937000.0,
        "Net Income": 532937000.0,
        "Minority Interests": -761000.0,
        "Net Income Including Noncontrolling Interests": 533698000.0,
        "Net Income Continuous Operations": 533698000.0,
        "Earnings From Equity Interest Net Of Tax": -108000.0,
        "Tax Provision": -49995000.0,
        "Pretax Income": 483811000.0,
        "Other Income Expense": 138268000.0,
        "Other Non Operating Income Expenses": 36325000.0,
        "Net Non Operating Interest Income Expense": -945000.0,
        "Interest Income Non Operating": NaN,
        "Operating Income": 346488000.0,
        "Operating Expense": 512806000.0,
        "Provision For Doubtful Accounts": 15073000.0,
        "Research And Development": 64442000.0,
        "Selling General And Administration": 433291000.0,
        "Selling And Marketing Expense": 373971000.0,
        "General And Administrative Expense": 59320000.0,
        "Other Gand A": 59320000.0,
        "Gross Profit": 859294000.0,
        "Cost Of Revenue": 195098000.0,
        "Total Revenue": 1054392000.0,
        "Operating Revenue": 664703000.0
    },
    "2022-09-30": {
        "Tax Effect Of Unusual Items": NaN,
        "Tax Rate For Calcs": NaN,
        "Normalized EBITDA": NaN,
        "Net Income From Continuing Operation Net Minority Interest": NaN,
        "Reconciled Cost Of Revenue": NaN,
        "EBITDA": NaN,
        "EBIT": NaN,
        "Net Interest Income": NaN,
        "Interest Income": 610000.0,
        "Normalized Income": NaN,
        "Net Income From Continuing And Discontinued Operation": NaN,
        "Total Expenses": NaN,
        "Total Operating Income As Reported": NaN,
        "Diluted Average Shares": 53774018.0,
        "Basic Average Shares": 53774018.0,
        "Diluted EPS": 4.6,
        "Basic EPS": 4.6,
        "Diluted NI Availto Com Stockholders": NaN,
        "Net Income Common Stockholders": NaN,
        "Net Income": NaN,
        "Minority Interests": NaN,
        "Net Income Including Noncontrolling Interests": NaN,
        "Net Income Continuous Operations": NaN,
        "Earnings From Equity Interest Net Of Tax": NaN,
        "Tax Provision": NaN,
        "Pretax Income": NaN,
        "Other Income Expense": NaN,
        "Other Non Operating Income Expenses": NaN,
        "Net Non Operating Interest Income Expense": NaN,
        "Interest Income Non Operating": 610000.0,
        "Operating Income": NaN,
        "Operating Expense": NaN,
        "Provision For Doubtful Accounts": NaN,
        "Research And Development": NaN,
        "Selling General And Administration": NaN,
        "Selling And Marketing Expense": NaN,
        "General And Administrative Expense": NaN,
        "Other Gand A": NaN,
        "Gross Profit": NaN,
        "Cost Of Revenue": NaN,
        "Total Revenue": NaN,
        "Operating Revenue": NaN
    },
    "2022-06-30": {
        "Tax Effect Of Unusual Items": 0.0,
        "Tax Rate For Calcs": 0.246679,
        "Normalized EBITDA": 344467000.0,
        "Total Unusual Items": NaN,
        "Total Unusual Items Excluding Goodwill": NaN,
        "Net Income From Continuing Operation Net Minority Interest": 253886000.0,
        "Reconciled Cost Of Revenue": 128283000.0,
        "EBITDA": 344467000.0,
        "EBIT": 344467000.0,
        "Net Interest Income": 339000.0,
        "Interest Expense": NaN,
        "Interest Income": 339000.0,
        "Normalized Income": 253886000.0,
        "Net Income From Continuing And Discontinued Operation": 253886000.0,
        "Total Expenses": 467087000.0,
        "Total Operating Income As Reported": 344467000.0,
        "Diluted Average Shares": 54017572.0,
        "Basic Average Shares": 54017572.0,
        "Diluted EPS": 4.72,
        "Basic EPS": 4.72,
        "Diluted NI Availto Com Stockholders": 253886000.0,
        "Net Income Common Stockholders": 253886000.0,
        "Net Income": 253886000.0,
        "Minority Interests": 67000.0,
        "Net Income Including Noncontrolling Interests": 253819000.0,
        "Net Income Continuous Operations": 253819000.0,
        "Earnings From Equity Interest Net Of Tax": 2447000.0,
        "Tax Provision": 82313000.0,
        "Pretax Income": 333685000.0,
        "Other Income Expense": -11121000.0,
        "Other Non Operating Income Expenses": -11121000.0,
        "Special Income Charges": NaN,
        "Gain On Sale Of Business": NaN,
        "Write Off": NaN,
        "Net Non Operating Interest Income Expense": 339000.0,
        "Interest Expense Non Operating": NaN,
        "Interest Income Non Operating": 339000.0,
        "Operating Income": 344467000.0,
        "Operating Expense": 338804000.0,
        "Other Operating Expenses": NaN,
        "Provision For Doubtful Accounts": 7042000.0,
        "Research And Development": 54128000.0,
        "Selling General And Administration": 277634000.0,
        "Selling And Marketing Expense": 235030000.0,
        "General And Administrative Expense": 42604000.0,
        "Other Gand A": 42604000.0,
        "Gross Profit": 683271000.0,
        "Cost Of Revenue": 128283000.0,
        "Total Revenue": 811554000.0,
        "Operating Revenue": 811554000.0
    },
    "2022-03-31": {
        "Diluted EPS": 0.42,
        "Total Revenue": 81,
        "Gross Profit": 66,
        "Operating Income": 29,
        "EBIT": 29,
        "Net Income": 23
    },
    "2021-12-31": {
        "Diluted EPS": 0.36,
        "Total Revenue": 61,
        "Gross Profit": 47,
        "Operating Income": 3,
        "EBIT": 3,
        "Net Income": 20
    },
    "2021-09-30": {
        "Diluted EPS": 0.36,
        "Total Revenue": 90,
        "Gross Profit": 74,
        "Operating Income": 24,
        "EBIT": 24,
        "Net Income": 20
    },
    "2021-06-30": {
        "Diluted EPS": 0.36,
        "Total Revenue": 76,
        "Gross Profit": 63,
        "Operating Income": 23,
        "EBIT": 23,
        "Net Income": 20
    },
    "2021-03-31": {
        "Diluted EPS": 0.28,
        "Total Revenue": 52,
        "Gross Profit": 43,
        "Operating Income": 17,
        "EBIT": 17,
        "Net Income": 14
    },
    "2020-12-31": {
        "Diluted EPS": 0.24,
        "Total Revenue": 61,
        "Gross Profit": 50,
        "Operating Income": 10,
        "EBIT": 10,
        "Net Income": 15
    },
    "2020-09-30": {
        "Diluted EPS": 0.24,
        "Total Revenue": 59,
        "Gross Profit": 50,
        "Operating Income": 22,
        "EBIT": 22,
        "Net Income": 13
    },
    "2020-06-30": {
        "Diluted EPS": 0.12,
        "Total Revenue": 35,
        "Gross Profit": 27,
        "Operating Income": 7,
        "EBIT": 7,
        "Net Income": 6
    },
    "2020-03-31": {
        "Diluted EPS": 0.12,
        "Total Revenue": 44,
        "Gross Profit": 35,
        "Operating Income": 7,
        "EBIT": 7,
        "Net Income": 6
    },
    "2019-12-31": {
        "Diluted EPS": 0.0,
        "Total Revenue": 47,
        "Gross Profit": 37,
        "Operating Income": -6,
        "EBIT": -6,
        "Net Income": 2
    },
    "2019-09-30": {
        "Diluted EPS": 0.2,
        "Total Revenue": 71,
        "Gross Profit": 57,
        "Operating Income": 12,
        "EBIT": 12,
        "Net Income": 11
    },
    "2019-06-30": {
        "Diluted EPS": 0.48,
        "Total Revenue": 93,
        "Gross Profit": 74,
        "Operating Income": 27,
        "EBIT": 27,
        "Net Income": 25
    },
    "2019-03-31": {
        "Diluted EPS": 0.76,
        "Total Revenue": 109,
        "Gross Profit": 91,
        "Operating Income": 44,
        "EBIT": 44,
        "Net Income": 38
    },
    "2018-12-31": {
        "Diluted EPS": 0.0,
        "Total Revenue": NaN,
        "Gross Profit": NaN,
        "Operating Income": NaN,
        "EBIT": NaN,
        "Net Income": NaN
    },
    "2023-06-30": {
        "Tax Effect Of Unusual Items": 0.0,
        "Tax Rate For Calcs": 0.121872,
        "Normalized EBITDA": 369303000.0,
        "Net Income From Continuing Operation Net Minority Interest": 326351000.0,
        "Reconciled Cost Of Revenue": 355815000.0,
        "EBITDA": 369303000.0,
        "EBIT": 369303000.0,
        "Net Interest Income": 1623000.0,
        "Interest Income": 1623000.0,
        "Normalized Income": 326351000.0,
        "Net Income From Continuing And Discontinued Operation": 326351000.0,
        "Total Expenses": 908521000.0,
        "Total Operating Income As Reported": 369303000.0,
        "Diluted Average Shares": 53506552.0,
        "Basic Average Shares": 53506552.0,
        "Diluted EPS": 6.08,
        "Basic EPS": 6.08,
        "Diluted NI Availto Com Stockholders": 326351000.0,
        "Net Income Common Stockholders": 326351000.0,
        "Net Income": 326351000.0,
        "Minority Interests": 10000.0,
        "Net Income Including Noncontrolling Interests": 326341000.0,
        "Net Income Continuous Operations": 326341000.0,
        "Earnings From Equity Interest Net Of Tax": -2029000.0,
        "Tax Provision": 45573000.0,
        "Pretax Income": 373943000.0,
        "Other Income Expense": 3017000.0,
        "Other Non Operating Income Expenses": 3017000.0,
        "Net Non Operating Interest Income Expense": 1623000.0,
        "Interest Income Non Operating": 1623000.0,
        "Operating Income": 369303000.0,
        "Operating Expense": 552706000.0,
        "Provision For Doubtful Accounts": 13815000.0,
        "Research And Development": 68102000.0,
        "Selling General And Administration": 470789000.0,
        "Selling And Marketing Expense": 420704000.0,
        "General And Administrative Expense": 50085000.0,
        "Other Gand A": 50085000.0,
        "Gross Profit": 922009000.0,
        "Cost Of Revenue": 355815000.0,
        "Total Revenue": 1277824000.0,
        "Operating Revenue": 1277824000.0
    },
    "2023-09-30": {
        "Tax Effect Of Unusual Items": 0.0,
        "Tax Rate For Calcs": 0.159522,
        "Normalized EBITDA": 381921000.0,
        "Net Income From Continuing Operation Net Minority Interest": 323793000.0,
        "Reconciled Cost Of Revenue": 544251000.0,
        "EBITDA": 381921000.0,
        "EBIT": 381921000.0,
        "Net Interest Income": 2957000.0,
        "Interest Income": 2957000.0,
        "Normalized Income": 323793000.0,
        "Net Income From Continuing And Discontinued Operation": 323793000.0,
        "Total Expenses": 1084423000.0,
        "Total Operating Income As Reported": 381921000.0,
        "Diluted Average Shares": 53685052.0,
        "Basic Average Shares": 53685052.0,
        "Diluted EPS": 6.04,
        "Basic EPS": 6.04,
        "Diluted NI Availto Com Stockholders": 323793000.0,
        "Net Income Common Stockholders": 323793000.0,
        "Net Income": 323793000.0,
        "Minority Interests": -108000.0,
        "Net Income Including Noncontrolling Interests": 323901000.0,
        "Net Income Continuous Operations": 323901000.0,
        "Earnings From Equity Interest Net Of Tax": -1738000.0,
        "Tax Provision": 61806000.0,
        "Pretax Income": 387445000.0,
        "Other Income Expense": 2567000.0,
        "Other Non Operating Income Expenses": 2567000.0,
        "Net Non Operating Interest Income Expense": 2957000.0,
        "Interest Income Non Operating": 2957000.0,
        "Operating Income": 381921000.0,
        "Operating Expense": 540172000.0,
        "Provision For Doubtful Accounts": 8491000.0,
        "Research And Development": 70532000.0,
        "Selling General And Administration": 461149000.0,
        "Selling And Marketing Expense": 407940000.0,
        "General And Administrative Expense": 53209000.0,
        "Other Gand A": 53209000.0,
        "Gross Profit": 922093000.0,
        "Cost Of Revenue": 544251000.0,
        "Total Revenue": 1466344000.0,
        "Operating Revenue": 1466344000.0
    },
    "2023-12-31": {
        "Tax Effect Of Unusual Items": 0.0,
        "Tax Rate For Calcs": 0.146108,
        "Normalized EBITDA": 231990000.0,
        "Net Income From Continuing Operation Net Minority Interest": 367762000.0,
        "Reconciled Cost Of Revenue": 837248000.0,
        "EBITDA": 231990000.0,
        "EBIT": 231990000.0,
        "Net Interest Income": 7955000.0,
        "Interest Income": NaN,
        "Normalized Income": 367762000.0,
        "Net Income From Continuing And Discontinued Operation": 367762000.0,
        "Total Expenses": 1368553000.0,
        "Total Operating Income As Reported": 231990000.0,
        "Diluted Average Shares": 53365516.0,
        "Basic Average Shares": 53365516.0,
        "Diluted EPS": 6.88,
        "Basic EPS": 6.88,
        "Diluted NI Availto Com Stockholders": 367762000.0,
        "Net Income Common Stockholders": 367762000.0,
        "Net Income": 367762000.0,
        "Minority Interests": 128000.0,
        "Net Income Including Noncontrolling Interests": 367634000.0,
        "Net Income Continuous Operations": 367634000.0,
        "Earnings From Equity Interest Net Of Tax": 2012000.0,
        "Tax Provision": 62561000.0,
        "Pretax Income": 428183000.0,
        "Other Income Expense": 188238000.0,
        "Other Non Operating Income Expenses": 1255000.0,
        "Net Non Operating Interest Income Expense": 7955000.0,
        "Interest Income Non Operating": NaN,
        "Operating Income": 231990000.0,
        "Operating Expense": 531305000.0,
        "Provision For Doubtful Accounts": 43753000.0,
        "Research And Development": 92917000.0,
        "Selling General And Administration": 394635000.0,
        "Selling And Marketing Expense": 329452000.0,
        "General And Administrative Expense": 65183000.0,
        "Other Gand A": 65183000.0,
        "Gross Profit": 763295000.0,
        "Cost Of Revenue": 837248000.0,
        "Total Revenue": 1600543000.0,
        "Operating Revenue": 1015935000.0
    },
    "2024-03-31": {
        "Tax Effect Of Unusual Items": 0.0,
        "Tax Rate For Calcs": 0.143854,
        "Normalized EBITDA": 316446000.0,
        "Net Income From Continuing Operation Net Minority Interest": 273070000.0,
        "Reconciled Cost Of Revenue": 666974000.0,
        "EBITDA": 316446000.0,
        "EBIT": 316446000.0,
        "Net Interest Income": 1916000.0,
        "Interest Income": 1916000.0,
        "Normalized Income": 273070000.0,
        "Net Income From Continuing And Discontinued Operation": 273070000.0,
        "Total Expenses": 1158894000.0,
        "Total Operating Income As Reported": 316446000.0,
        "Diluted Average Shares": 53032486.0,
        "Basic Average Shares": 53032486.0,
        "Diluted EPS": 5.16,
        "Basic EPS": 5.16,
        "Diluted NI Availto Com Stockholders": 273070000.0,
        "Net Income Common Stockholders": 273070000.0,
        "Net Income": 273070000.0,
        "Minority Interests": 3000.0,
        "Net Income Including Noncontrolling Interests": 273067000.0,
        "Net Income Continuous Operations": 273067000.0,
        "Earnings From Equity Interest Net Of Tax": 0.0,
        "Tax Provision": 45882000.0,
        "Pretax Income": 318949000.0,
        "Other Income Expense": 587000.0,
        "Other Non Operating Income Expenses": 587000.0,
        "Net Non Operating Interest Income Expense": 1916000.0,
        "Interest Income Non Operating": 1916000.0,
        "Operating Income": 316446000.0,
        "Operating Expense": 491920000.0,
        "Provision For Doubtful Accounts": 2617000.0,
        "Research And Development": 83270000.0,
        "Selling General And Administration": 406033000.0,
        "Selling And Marketing Expense": 359818000.0,
        "General And Administrative Expense": 46215000.0,
        "Other Gand A": 46215000.0,
        "Gross Profit": 808366000.0,
        "Cost Of Revenue": 666974000.0,
        "Total Revenue": 1475340000.0,
        "Operating Revenue": 1475340000.0
    }
}