{
    "2023-03-31": {
        "Tax Effect Of Unusual Items": 3750819.672131,
        "Tax Rate For Calcs": 0.213115,
        "Normalized EBITDA": 113600000.0,
        "Total Unusual Items": 17600000.0,
        "Total Unusual Items Excluding Goodwill": 17600000.0,
        "Net Income From Continuing Operation Net Minority Interest": 87400000.0,
        "Reconciled Depreciation": 6100000.0,
        "Reconciled Cost Of Revenue": 140300000.0,
        "EBITDA": 131200000.0,
        "EBIT": 125100000.0,
        "Net Interest Income": -3100000.0,
        "Interest Expense": 3100000.0,
        "Normalized Income": 73550819.672131,
        "Net Income From Continuing And Discontinued Operation": 87400000.0,
        "Total Expenses": 395400000.0,
        "Total Operating Income As Reported": 100400000.0,
        "Diluted Average Shares": 160400000.0,
        "Basic Average Shares": 160200000.0,
        "Diluted EPS": 0.53,
        "Basic EPS": 0.53,
        "Diluted NI Availto Com Stockholders": 85000000.0,
        "Net Income Common Stockholders": 85000000.0,
        "Otherunder Preferred Stock Dividend": 2400000.0,
        "Net Income": 87400000.0,
        "Minority Interests": -8600000.0,
        "Net Income Including Noncontrolling Interests": 96000000.0,
        "Net Income Continuous Operations": 96000000.0,
        "Tax Provision": 26000000.0,
        "Pretax Income": 122000000.0,
        "Other Income Expense": 24700000.0,
        "Other Non Operating Income Expenses": 7100000.0,
        "Special Income Charges": 0.0,
        "Impairment Of Capital Assets": 0.0,
        "Earnings From Equity Interest": 3000000.0,
        "Gain On Sale Of Security": 17600000.0,
        "Net Non Operating Interest Income Expense": -3100000.0,
        "Interest Expense Non Operating": 3100000.0,
        "Operating Income": 100400000.0,
        "Operating Expense": 255100000.0,
        "Other Operating Expenses": 55500000.0,
        "Depreciation Amortization Depletion Income Statement": 6100000.0,
        "Depreciation And Amortization In Income Statement": 6100000.0,
        "Selling General And Administration": 193500000.0,
        "Selling And Marketing Expense": 120800000.0,
        "General And Administrative Expense": 72700000.0,
        "Other Gand A": 72700000.0,
        "Salaries And Wages": 55500000.0,
        "Gross Profit": 355500000.0,
        "Cost Of Revenue": 140300000.0,
        "Total Revenue": 495800000.0,
        "Operating Revenue": 451200000.0
    },
    "2022-12-31": {
        "Tax Effect Of Unusual Items": -1193548.387097,
        "Tax Rate For Calcs": 0.064516,
        "Normalized EBITDA": 115800000.0,
        "Total Unusual Items": -18500000.0,
        "Total Unusual Items Excluding Goodwill": -18500000.0,
        "Net Income From Continuing Operation Net Minority Interest": 65000000.0,
        "Reconciled Depreciation": 7400000.0,
        "Reconciled Cost Of Revenue": 159400000.0,
        "EBITDA": 97300000.0,
        "EBIT": 89900000.0,
        "Net Interest Income": -3100000.0,
        "Interest Expense": 3100000.0,
        "Normalized Income": 82306451.612903,
        "Net Income From Continuing And Discontinued Operation": 65000000.0,
        "Total Expenses": 411600000.0,
        "Total Operating Income As Reported": 67800000.0,
        "Diluted Average Shares": 160400000.0,
        "Basic Average Shares": 160100000.0,
        "Diluted EPS": 0.39,
        "Basic EPS": 0.392879,
        "Diluted NI Availto Com Stockholders": 62900000.0,
        "Net Income Common Stockholders": 62900000.0,
        "Otherunder Preferred Stock Dividend": 2100000.0,
        "Net Income": 65000000.0,
        "Minority Interests": -16200000.0,
        "Net Income Including Noncontrolling Interests": 81200000.0,
        "Net Income Continuous Operations": 81200000.0,
        "Tax Provision": 5600000.0,
        "Pretax Income": 86800000.0,
        "Other Income Expense": -13700000.0,
        "Other Non Operating Income Expenses": 4800000.0,
        "Special Income Charges": -35800000.0,
        "Impairment Of Capital Assets": 35800000.0,
        "Earnings From Equity Interest": 1000000.0,
        "Gain On Sale Of Security": 17300000.0,
        "Net Non Operating Interest Income Expense": -3100000.0,
        "Interest Expense Non Operating": 3100000.0,
        "Operating Income": 103600000.0,
        "Operating Expense": 252200000.0,
        "Other Operating Expenses": 47500000.0,
        "Depreciation Amortization Depletion Income Statement": 7400000.0,
        "Depreciation And Amortization In Income Statement": 7400000.0,
        "Selling General And Administration": 197300000.0,
        "Selling And Marketing Expense": 116300000.0,
        "General And Administrative Expense": 81000000.0,
        "Other Gand A": 81000000.0,
        "Salaries And Wages": 47500000.0,
        "Gross Profit": 355800000.0,
        "Cost Of Revenue": 159400000.0,
        "Total Revenue": 515200000.0,
        "Operating Revenue": 471200000.0
    },
    "2022-09-30": {
        "Tax Effect Of Unusual Items": 2153684.210526,
        "Tax Rate For Calcs": 0.195789,
        "Normalized EBITDA": 141700000.0,
        "Total Unusual Items": 11000000.0,
        "Total Unusual Items Excluding Goodwill": 11000000.0,
        "Net Income From Continuing Operation Net Minority Interest": 107600000.0,
        "Reconciled Depreciation": 7100000.0,
        "Reconciled Cost Of Revenue": 142500000.0,
        "EBITDA": 152700000.0,
        "EBIT": 145600000.0,
        "Net Interest Income": -3100000.0,
        "Interest Expense": 3100000.0,
        "Normalized Income": 98753684.210526,
        "Net Income From Continuing And Discontinued Operation": 107600000.0,
        "Total Expenses": 392200000.0,
        "Total Operating Income As Reported": 120700000.0,
        "Diluted Average Shares": 160900000.0,
        "Basic Average Shares": 160500000.0,
        "Diluted EPS": 0.65,
        "Basic EPS": 0.65,
        "Diluted NI Availto Com Stockholders": 104300000.0,
        "Net Income Common Stockholders": 104300000.0,
        "Otherunder Preferred Stock Dividend": 3300000.0,
        "Net Income": 107600000.0,
        "Minority Interests": -7000000.0,
        "Net Income Including Noncontrolling Interests": 114600000.0,
        "Net Income Continuous Operations": 114600000.0,
        "Tax Provision": 27900000.0,
        "Pretax Income": 142500000.0,
        "Other Income Expense": 24900000.0,
        "Other Non Operating Income Expenses": 13900000.0,
        "Special Income Charges": 0.0,
        "Impairment Of Capital Assets": 0.0,
        "Earnings From Equity Interest": 200000.0,
        "Gain On Sale Of Security": 11000000.0,
        "Net Non Operating Interest Income Expense": -3100000.0,
        "Interest Expense Non Operating": 3100000.0,
        "Operating Income": 120700000.0,
        "Operating Expense": 249700000.0,
        "Other Operating Expenses": 41100000.0,
        "Depreciation Amortization Depletion Income Statement": 7100000.0,
        "Depreciation And Amortization In Income Statement": 7100000.0,
        "Selling General And Administration": 201500000.0,
        "Selling And Marketing Expense": 124300000.0,
        "General And Administrative Expense": 77200000.0,
        "Other Gand A": 77200000.0,
        "Salaries And Wages": 41100000.0,
        "Gross Profit": 370400000.0,
        "Cost Of Revenue": 142500000.0,
        "Total Revenue": 512900000.0,
        "Operating Revenue": 467000000.0
    },
    "2022-06-30": {
        "Tax Effect Of Unusual Items": -43840000.0,
        "Tax Rate For Calcs": 0.4,
        "Normalized EBITDA": 150100000.0,
        "Total Unusual Items": -109600000.0,
        "Total Unusual Items Excluding Goodwill": -109600000.0,
        "Net Income From Continuing Operation Net Minority Interest": 93900000.0,
        "Reconciled Depreciation": 7700000.0,
        "Reconciled Cost Of Revenue": 145000000.0,
        "EBITDA": 40500000.0,
        "EBIT": 32800000.0,
        "Net Interest Income": -3200000.0,
        "Interest Expense": 3200000.0,
        "Normalized Income": 159660000.0,
        "Net Income From Continuing And Discontinued Operation": 93900000.0,
        "Total Expenses": 411600000.0,
        "Total Operating Income As Reported": 143900000.0,
        "Diluted Average Shares": 162200000.0,
        "Basic Average Shares": 161900000.0,
        "Diluted EPS": 0.57,
        "Basic EPS": 0.58,
        "Diluted NI Availto Com Stockholders": 93900000.0,
        "Net Income Common Stockholders": 93900000.0,
        "Otherunder Preferred Stock Dividend": NaN,
        "Net Income": 93900000.0,
        "Minority Interests": 101000000.0,
        "Net Income Including Noncontrolling Interests": -7100000.0,
        "Net Income Continuous Operations": -7100000.0,
        "Tax Provision": 36700000.0,
        "Pretax Income": 29600000.0,
        "Other Income Expense": -111100000.0,
        "Other Non Operating Income Expenses": -1700000.0,
        "Special Income Charges": 0.0,
        "Impairment Of Capital Assets": 0.0,
        "Earnings From Equity Interest": 200000.0,
        "Gain On Sale Of Security": -109600000.0,
        "Net Non Operating Interest Income Expense": -3200000.0,
        "Interest Expense Non Operating": 3200000.0,
        "Operating Income": 143900000.0,
        "Operating Expense": 266600000.0,
        "Other Operating Expenses": 10300000.0,
        "Depreciation Amortization Depletion Income Statement": 7700000.0,
        "Depreciation And Amortization In Income Statement": 7700000.0,
        "Selling General And Administration": 258900000.0,
        "Selling And Marketing Expense": 135600000.0,
        "General And Administrative Expense": 123300000.0,
        "Other Gand A": 82600000.0,
        "Salaries And Wages": 40700000.0,
        "Gross Profit": 410500000.0,
        "Cost Of Revenue": 145000000.0,
        "Total Revenue": 555500000.0,
        "Operating Revenue": 506500000.0
    },
    "2023-06-30": {
        "Tax Effect Of Unusual Items": 1513063.763608,
        "Tax Rate For Calcs": 0.219285,
        "Normalized EBITDA": 131000000.0,
        "Total Unusual Items": 6900000.0,
        "Total Unusual Items Excluding Goodwill": 6900000.0,
        "Net Income From Continuing Operation Net Minority Interest": 89800000.0,
        "Reconciled Depreciation": 6100000.0,
        "Reconciled Cost Of Revenue": 147700000.0,
        "EBITDA": 137900000.0,
        "EBIT": 131800000.0,
        "Net Interest Income": -3200000.0,
        "Interest Expense": 3200000.0,
        "Normalized Income": 84413063.763608,
        "Net Income From Continuing And Discontinued Operation": 89800000.0,
        "Total Expenses": 398600000.0,
        "Total Operating Income As Reported": 117900000.0,
        "Diluted Average Shares": 160700000.0,
        "Basic Average Shares": 160500000.0,
        "Diluted EPS": 0.54,
        "Basic EPS": 0.54,
        "Diluted NI Availto Com Stockholders": 87100000.0,
        "Net Income Common Stockholders": 87100000.0,
        "Otherunder Preferred Stock Dividend": 2700000.0,
        "Net Income": 89800000.0,
        "Minority Interests": -10600000.0,
        "Net Income Including Noncontrolling Interests": 100400000.0,
        "Net Income Continuous Operations": 100400000.0,
        "Tax Provision": 28200000.0,
        "Pretax Income": 128600000.0,
        "Other Income Expense": 13900000.0,
        "Other Non Operating Income Expenses": 7000000.0,
        "Special Income Charges": NaN,
        "Impairment Of Capital Assets": NaN,
        "Earnings From Equity Interest": -14500000.0,
        "Gain On Sale Of Security": 6900000.0,
        "Net Non Operating Interest Income Expense": -3200000.0,
        "Interest Expense Non Operating": 3200000.0,
        "Operating Income": 117900000.0,
        "Operating Expense": 250900000.0,
        "Other Operating Expenses": 37600000.0,
        "Depreciation Amortization Depletion Income Statement": 6100000.0,
        "Depreciation And Amortization In Income Statement": 6100000.0,
        "Selling General And Administration": 207200000.0,
        "Selling And Marketing Expense": 123900000.0,
        "General And Administrative Expense": 83300000.0,
        "Other Gand A": 83300000.0,
        "Salaries And Wages": 37600000.0,
        "Gross Profit": 368800000.0,
        "Cost Of Revenue": 147700000.0,
        "Total Revenue": 516500000.0,
        "Operating Revenue": 470900000.0
    },
    "2022-03-31": {
        "Diluted EPS": 0.61,
        "Total Revenue": 620,
        "Gross Profit": 620,
        "Operating Income": 157,
        "EBIT": 152,
        "Net Income": 101
    },
    "2021-12-31": {
        "Diluted EPS": 0.76,
        "Total Revenue": 697,
        "Gross Profit": 697,
        "Operating Income": 155,
        "EBIT": 274,
        "Net Income": 127
    },
    "2021-09-30": {
        "Diluted EPS": 1.14,
        "Total Revenue": 687,
        "Gross Profit": 687,
        "Operating Income": 248,
        "EBIT": 245,
        "Net Income": 191
    },
    "2021-06-30": {
        "Diluted EPS": 0.79,
        "Total Revenue": 738,
        "Gross Profit": 738,
        "Operating Income": 225,
        "EBIT": 222,
        "Net Income": 133
    },
    "2021-03-31": {
        "Diluted EPS": 0.88,
        "Total Revenue": 644,
        "Gross Profit": 644,
        "Operating Income": 193,
        "EBIT": 191,
        "Net Income": 151
    },
    "2020-12-31": {
        "Diluted EPS": 0.85,
        "Total Revenue": 657,
        "Gross Profit": 657,
        "Operating Income": 198,
        "EBIT": 743,
        "Net Income": 158
    },
    "2020-09-30": {
        "Diluted EPS": 0.65,
        "Total Revenue": 569,
        "Gross Profit": 569,
        "Operating Income": 157,
        "EBIT": 155,
        "Net Income": 115
    },
    "2020-06-30": {
        "Diluted EPS": 0.55,
        "Total Revenue": 518,
        "Gross Profit": 518,
        "Operating Income": 107,
        "EBIT": -382,
        "Net Income": 100
    },
    "2020-03-31": {
        "Diluted EPS": -1.35,
        "Total Revenue": 555,
        "Gross Profit": 555,
        "Operating Income": -332,
        "EBIT": 158,
        "Net Income": -247
    },
    "2019-12-31": {
        "Diluted EPS": 0.59,
        "Total Revenue": 601,
        "Gross Profit": 601,
        "Operating Income": 154,
        "EBIT": 158,
        "Net Income": 109
    },
    "2019-09-30": {
        "Diluted EPS": 0.58,
        "Total Revenue": 536,
        "Gross Profit": 536,
        "Operating Income": 144,
        "EBIT": 161,
        "Net Income": 109
    },
    "2019-06-30": {
        "Diluted EPS": 0.56,
        "Total Revenue": 536,
        "Gross Profit": 536,
        "Operating Income": 119,
        "EBIT": 127,
        "Net Income": 106
    },
    "2019-03-31": {
        "Diluted EPS": 0.48,
        "Total Revenue": 519,
        "Gross Profit": 519,
        "Operating Income": 125,
        "EBIT": 128,
        "Net Income": 92
    },
    "2018-12-31": {
        "Diluted EPS": 0.54,
        "Total Revenue": 545,
        "Gross Profit": 545,
        "Operating Income": 150,
        "EBIT": 156,
        "Net Income": 105
    },
    "2018-09-30": {
        "Diluted EPS": 0.55,
        "Total Revenue": 581,
        "Gross Profit": 581,
        "Operating Income": 148,
        "EBIT": 157,
        "Net Income": 108
    },
    "2018-06-30": {
        "Diluted EPS": 0.7,
        "Total Revenue": 592,
        "Gross Profit": 592,
        "Operating Income": 175,
        "EBIT": 179,
        "Net Income": 137
    },
    "2018-03-31": {
        "Diluted EPS": 0.82,
        "Total Revenue": 588,
        "Gross Profit": 588,
        "Operating Income": 176,
        "EBIT": 180,
        "Net Income": 161
    },
    "2017-12-31": {
        "Diluted EPS": 2.78,
        "Total Revenue": 622,
        "Gross Profit": 622,
        "Operating Income": 197,
        "EBIT": 207,
        "Net Income": 459
    },
    "2017-09-30": {
        "Diluted EPS": 0.49,
        "Total Revenue": 567,
        "Gross Profit": 567,
        "Operating Income": 138,
        "EBIT": 141,
        "Net Income": 97
    },
    "2017-06-30": {
        "Diluted EPS": 0.28,
        "Total Revenue": 397,
        "Gross Profit": 397,
        "Operating Income": 57,
        "EBIT": 56,
        "Net Income": 41
    },
    "2017-03-31": {
        "Diluted EPS": 0.38,
        "Total Revenue": 233,
        "Gross Profit": 233,
        "Operating Income": 51,
        "EBIT": 47,
        "Net Income": 42
    },
    "2016-12-31": {
        "Diluted EPS": 0.39,
        "Total Revenue": 268,
        "Gross Profit": 268,
        "Operating Income": 49,
        "EBIT": 37,
        "Net Income": 51
    },
    "2016-09-30": {
        "Diluted EPS": 0.46,
        "Total Revenue": 245,
        "Gross Profit": 245,
        "Operating Income": 64,
        "EBIT": 59,
        "Net Income": 53
    },
    "2016-06-30": {
        "Diluted EPS": 0.41,
        "Total Revenue": 257,
        "Gross Profit": 257,
        "Operating Income": 56,
        "EBIT": 29,
        "Net Income": 45
    },
    "2016-03-31": {
        "Diluted EPS": 0.4,
        "Total Revenue": 249,
        "Gross Profit": 249,
        "Operating Income": 63,
        "EBIT": 88,
        "Net Income": 35
    },
    "2015-12-31": {
        "Diluted EPS": 1.59,
        "Total Revenue": 347,
        "Gross Profit": 347,
        "Operating Income": 76,
        "EBIT": 33,
        "Net Income": 215
    },
    "2015-09-30": {
        "Diluted EPS": 0.21,
        "Total Revenue": 274,
        "Gross Profit": 274,
        "Operating Income": 83,
        "EBIT": 107,
        "Net Income": 20
    },
    "2015-06-30": {
        "Diluted EPS": 0.49,
        "Total Revenue": 272,
        "Gross Profit": 272,
        "Operating Income": 82,
        "EBIT": 104,
        "Net Income": 43
    },
    "2015-03-31": {
        "Diluted EPS": 0.49,
        "Total Revenue": 263,
        "Gross Profit": 263,
        "Operating Income": 76,
        "EBIT": 98,
        "Net Income": 43
    },
    "2014-12-31": {
        "Diluted EPS": 0.51,
        "Total Revenue": 255,
        "Gross Profit": 255,
        "Operating Income": 81,
        "EBIT": 96,
        "Net Income": 43
    },
    "2014-09-30": {
        "Diluted EPS": 0.47,
        "Total Revenue": 237,
        "Gross Profit": 237,
        "Operating Income": 72,
        "EBIT": 83,
        "Net Income": 40
    },
    "2014-06-30": {
        "Diluted EPS": 0.4,
        "Total Revenue": 231,
        "Gross Profit": 231,
        "Operating Income": 71,
        "EBIT": 83,
        "Net Income": 36
    },
    "2014-03-31": {
        "Diluted EPS": 0.34,
        "Total Revenue": 230,
        "Gross Profit": 230,
        "Operating Income": 67,
        "EBIT": 81,
        "Net Income": 31
    },
    "2013-12-31": {
        "Diluted EPS": 0.47,
        "Total Revenue": 226,
        "Gross Profit": 226,
        "Operating Income": 67,
        "EBIT": 83,
        "Net Income": 38
    },
    "2013-09-30": {
        "Diluted EPS": 0.36,
        "Total Revenue": 218,
        "Gross Profit": 218,
        "Operating Income": 59,
        "EBIT": 75,
        "Net Income": 33
    },
    "2013-06-30": {
        "Diluted EPS": 0.17,
        "Total Revenue": 216,
        "Gross Profit": 216,
        "Operating Income": 58,
        "EBIT": 75,
        "Net Income": 16
    },
    "2013-03-31": {
        "Diluted EPS": 0.32,
        "Total Revenue": 214,
        "Gross Profit": 214,
        "Operating Income": 55,
        "EBIT": 71,
        "Net Income": 28
    },
    "2012-12-31": {
        "Diluted EPS": 0.34,
        "Total Revenue": 217,
        "Gross Profit": 217,
        "Operating Income": 58,
        "EBIT": 77,
        "Net Income": 31
    },
    "2012-09-30": {
        "Diluted EPS": 0.3,
        "Total Revenue": 209,
        "Gross Profit": 209,
        "Operating Income": 48,
        "EBIT": 67,
        "Net Income": 25
    },
    "2012-06-30": {
        "Diluted EPS": 0.28,
        "Total Revenue": 206,
        "Gross Profit": 206,
        "Operating Income": 52,
        "EBIT": 69,
        "Net Income": 23
    },
    "2012-03-31": {
        "Diluted EPS": 0.25,
        "Total Revenue": 218,
        "Gross Profit": 218,
        "Operating Income": 57,
        "EBIT": 77,
        "Net Income": 23
    },
    "2011-12-31": {
        "Diluted EPS": 0.4,
        "Total Revenue": 216,
        "Gross Profit": 216,
        "Operating Income": 71,
        "EBIT": 84,
        "Net Income": 36
    },
    "2011-09-30": {
        "Diluted EPS": 0.32,
        "Total Revenue": 237,
        "Gross Profit": 237,
        "Operating Income": 74,
        "EBIT": 96,
        "Net Income": 27
    },
    "2011-06-30": {
        "Diluted EPS": 0.49,
        "Total Revenue": 264,
        "Gross Profit": 264,
        "Operating Income": 82,
        "EBIT": 104,
        "Net Income": 42
    },
    "2011-03-31": {
        "Diluted EPS": 0.45,
        "Total Revenue": 265,
        "Gross Profit": 265,
        "Operating Income": 85,
        "EBIT": 106,
        "Net Income": 38
    },
    "2010-12-31": {
        "Diluted EPS": 0.76,
        "Total Revenue": 276,
        "Gross Profit": 276,
        "Operating Income": 96,
        "EBIT": 123,
        "Net Income": 66
    },
    "2010-09-30": {
        "Diluted EPS": 0.38,
        "Total Revenue": 244,
        "Gross Profit": 244,
        "Operating Income": 57,
        "EBIT": 84,
        "Net Income": 33
    },
    "2010-06-30": {
        "Diluted EPS": 0.36,
        "Total Revenue": 249,
        "Gross Profit": 249,
        "Operating Income": 61,
        "EBIT": 89,
        "Net Income": 30
    },
    "2010-03-31": {
        "Diluted EPS": 0.36,
        "Total Revenue": 247,
        "Gross Profit": 247,
        "Operating Income": 67,
        "EBIT": 93,
        "Net Income": 31
    },
    "2009-12-31": {
        "Diluted EPS": 1.1,
        "Total Revenue": 251,
        "Gross Profit": 251,
        "Operating Income": 76,
        "EBIT": 98,
        "Net Income": 37
    },
    "2009-09-30": {
        "Diluted EPS": 0.11,
        "Total Revenue": 228,
        "Gross Profit": 228,
        "Operating Income": 30,
        "EBIT": 54,
        "Net Income": 8
    },
    "2009-06-30": {
        "Diluted EPS": 0.21,
        "Total Revenue": 200,
        "Gross Profit": 200,
        "Operating Income": 47,
        "EBIT": 65,
        "Net Income": 16
    },
    "2009-03-31": {
        "Diluted EPS": -11.06,
        "Total Revenue": 170,
        "Gross Profit": 170,
        "Operating Income": -830,
        "EBIT": 46,
        "Net Income": -818
    },
    "2023-09-30": {
        "Tax Effect Of Unusual Items": -678629.032258,
        "Tax Rate For Calcs": 0.133065,
        "Normalized EBITDA": 113300000.0,
        "Total Unusual Items": -5100000.0,
        "Total Unusual Items Excluding Goodwill": -5100000.0,
        "Net Income From Continuing Operation Net Minority Interest": 93500000.0,
        "Reconciled Depreciation": 5800000.0,
        "Reconciled Cost Of Revenue": 149200000.0,
        "EBITDA": 108200000.0,
        "EBIT": 102400000.0,
        "Net Interest Income": -3200000.0,
        "Interest Expense": 3200000.0,
        "Normalized Income": 97921370.967742,
        "Net Income From Continuing And Discontinued Operation": 93500000.0,
        "Total Expenses": 399300000.0,
        "Total Operating Income As Reported": 121700000.0,
        "Diluted Average Shares": 160900000.0,
        "Basic Average Shares": 160800000.0,
        "Diluted EPS": 0.56,
        "Basic EPS": 0.56,
        "Diluted NI Availto Com Stockholders": 90700000.0,
        "Net Income Common Stockholders": 90700000.0,
        "Otherunder Preferred Stock Dividend": 2800000.0,
        "Net Income": 93500000.0,
        "Minority Interests": 7500000.0,
        "Net Income Including Noncontrolling Interests": 86000000.0,
        "Net Income Continuous Operations": 86000000.0,
        "Tax Provision": 13200000.0,
        "Pretax Income": 99200000.0,
        "Other Income Expense": -19300000.0,
        "Other Non Operating Income Expenses": -13400000.0,
        "Special Income Charges": NaN,
        "Impairment Of Capital Assets": NaN,
        "Earnings From Equity Interest": -800000.0,
        "Gain On Sale Of Security": -5100000.0,
        "Net Non Operating Interest Income Expense": -3200000.0,
        "Interest Expense Non Operating": 3200000.0,
        "Operating Income": 121700000.0,
        "Operating Expense": 250100000.0,
        "Other Operating Expenses": 32600000.0,
        "Depreciation Amortization Depletion Income Statement": 5800000.0,
        "Depreciation And Amortization In Income Statement": 5800000.0,
        "Selling General And Administration": 211700000.0,
        "Selling And Marketing Expense": 125600000.0,
        "General And Administrative Expense": 86100000.0,
        "Other Gand A": 86100000.0,
        "Salaries And Wages": NaN,
        "Gross Profit": 371800000.0,
        "Cost Of Revenue": 149200000.0,
        "Total Revenue": 521000000.0,
        "Operating Revenue": 474000000.0
    }
}