{
    "2023-03-31": {
        "Tax Effect Of Unusual Items": -19500000.0,
        "Tax Rate For Calcs": 0.345133,
        "Normalized EBITDA": 239800000.0,
        "Total Unusual Items": -56500000.0,
        "Total Unusual Items Excluding Goodwill": -56500000.0,
        "Net Income From Continuing Operation Net Minority Interest": 81400000.0,
        "Reconciled Depreciation": 46000000.0,
        "Reconciled Cost Of Revenue": 587800000.0,
        "EBITDA": 183300000.0,
        "EBIT": 137300000.0,
        "Net Interest Income": -6700000.0,
        "Interest Expense": 13000000.0,
        "Normalized Income": 118400000.0,
        "Net Income From Continuing And Discontinued Operation": 81400000.0,
        "Total Expenses": 730700000.0,
        "Total Operating Income As Reported": 130600000.0,
        "Diluted Average Shares": NaN,
        "Basic Average Shares": NaN,
        "Diluted EPS": NaN,
        "Basic EPS": NaN,
        "Diluted NI Availto Com Stockholders": 81400000.0,
        "Net Income Common Stockholders": 81400000.0,
        "Net Income": 81400000.0,
        "Net Income Including Noncontrolling Interests": 81400000.0,
        "Net Income Continuous Operations": 81400000.0,
        "Tax Provision": 42900000.0,
        "Pretax Income": 124300000.0,
        "Other Income Expense": -56100000.0,
        "Other Non Operating Income Expenses": 400000.0,
        "Special Income Charges": -57000000.0,
        "Other Special Charges": 57000000.0,
        "Impairment Of Capital Assets": NaN,
        "Gain On Sale Of Security": 500000.0,
        "Net Non Operating Interest Income Expense": -6700000.0,
        "Interest Expense Non Operating": 13000000.0,
        "Operating Income": 187100000.0,
        "Operating Expense": 142900000.0,
        "Research And Development": 10200000.0,
        "Selling General And Administration": 132700000.0,
        "Gross Profit": 330000000.0,
        "Cost Of Revenue": 587800000.0,
        "Total Revenue": 917800000.0,
        "Operating Revenue": 917800000.0
    },
    "2022-12-31": {
        "Tax Effect Of Unusual Items": NaN,
        "Tax Rate For Calcs": NaN,
        "Normalized EBITDA": NaN,
        "Total Unusual Items": NaN,
        "Total Unusual Items Excluding Goodwill": NaN,
        "Net Income From Continuing Operation Net Minority Interest": NaN,
        "Reconciled Depreciation": NaN,
        "Reconciled Cost Of Revenue": NaN,
        "EBITDA": NaN,
        "EBIT": NaN,
        "Net Interest Income": NaN,
        "Interest Expense": NaN,
        "Normalized Income": NaN,
        "Net Income From Continuing And Discontinued Operation": NaN,
        "Total Expenses": NaN,
        "Total Operating Income As Reported": NaN,
        "Diluted Average Shares": 445900000.0,
        "Basic Average Shares": 445400000.0,
        "Diluted EPS": 0.22,
        "Basic EPS": 0.22,
        "Diluted NI Availto Com Stockholders": NaN,
        "Net Income Common Stockholders": NaN,
        "Net Income": NaN,
        "Net Income Including Noncontrolling Interests": NaN,
        "Net Income Continuous Operations": NaN,
        "Tax Provision": NaN,
        "Pretax Income": NaN,
        "Other Income Expense": NaN,
        "Other Non Operating Income Expenses": NaN,
        "Special Income Charges": NaN,
        "Other Special Charges": NaN,
        "Impairment Of Capital Assets": 0.0,
        "Gain On Sale Of Security": -3000000.0,
        "Net Non Operating Interest Income Expense": NaN,
        "Interest Expense Non Operating": NaN,
        "Operating Income": NaN,
        "Operating Expense": NaN,
        "Research And Development": NaN,
        "Selling General And Administration": NaN,
        "Gross Profit": NaN,
        "Cost Of Revenue": NaN,
        "Total Revenue": NaN,
        "Operating Revenue": NaN
    },
    "2022-09-30": {
        "Tax Effect Of Unusual Items": NaN,
        "Tax Rate For Calcs": NaN,
        "Normalized EBITDA": NaN,
        "Total Unusual Items": NaN,
        "Total Unusual Items Excluding Goodwill": NaN,
        "Net Income From Continuing Operation Net Minority Interest": NaN,
        "Reconciled Depreciation": NaN,
        "Reconciled Cost Of Revenue": NaN,
        "EBITDA": NaN,
        "EBIT": NaN,
        "Net Interest Income": NaN,
        "Interest Expense": NaN,
        "Normalized Income": NaN,
        "Net Income From Continuing And Discontinued Operation": NaN,
        "Total Expenses": NaN,
        "Total Operating Income As Reported": NaN,
        "Diluted Average Shares": 446100000.0,
        "Basic Average Shares": 445500000.0,
        "Diluted EPS": 0.38,
        "Basic EPS": 0.38,
        "Diluted NI Availto Com Stockholders": NaN,
        "Net Income Common Stockholders": NaN,
        "Net Income": NaN,
        "Net Income Including Noncontrolling Interests": NaN,
        "Net Income Continuous Operations": NaN,
        "Tax Provision": NaN,
        "Pretax Income": NaN,
        "Other Income Expense": NaN,
        "Other Non Operating Income Expenses": NaN,
        "Special Income Charges": NaN,
        "Other Special Charges": NaN,
        "Impairment Of Capital Assets": 0.0,
        "Gain On Sale Of Security": NaN,
        "Net Non Operating Interest Income Expense": NaN,
        "Interest Expense Non Operating": NaN,
        "Operating Income": NaN,
        "Operating Expense": NaN,
        "Research And Development": NaN,
        "Selling General And Administration": NaN,
        "Gross Profit": NaN,
        "Cost Of Revenue": NaN,
        "Total Revenue": NaN,
        "Operating Revenue": NaN
    },
    "2022-06-30": {
        "Tax Effect Of Unusual Items": 3059067.357513,
        "Tax Rate For Calcs": 0.231748,
        "Normalized EBITDA": 248400000.0,
        "Total Unusual Items": 13200000.0,
        "Total Unusual Items Excluding Goodwill": 13200000.0,
        "Net Income From Continuing Operation Net Minority Interest": 163100000.0,
        "Reconciled Depreciation": 40500000.0,
        "Reconciled Cost Of Revenue": 661800000.0,
        "EBITDA": 261600000.0,
        "EBIT": 221100000.0,
        "Net Interest Income": -8800000.0,
        "Interest Expense": 8800000.0,
        "Normalized Income": 152959067.357513,
        "Net Income From Continuing And Discontinued Operation": 163100000.0,
        "Total Expenses": 792800000.0,
        "Total Operating Income As Reported": 221300000.0,
        "Diluted Average Shares": 445900000.0,
        "Basic Average Shares": 445400000.0,
        "Diluted EPS": 0.37,
        "Basic EPS": 0.37,
        "Diluted NI Availto Com Stockholders": 163100000.0,
        "Net Income Common Stockholders": 163100000.0,
        "Net Income": 163100000.0,
        "Net Income Including Noncontrolling Interests": 163100000.0,
        "Net Income Continuous Operations": 163100000.0,
        "Tax Provision": 49200000.0,
        "Pretax Income": 212300000.0,
        "Other Income Expense": 13000000.0,
        "Other Non Operating Income Expenses": -200000.0,
        "Special Income Charges": -400000.0,
        "Other Special Charges": 400000.0,
        "Gain On Sale Of Security": 13600000.0,
        "Net Non Operating Interest Income Expense": -8800000.0,
        "Interest Expense Non Operating": 8800000.0,
        "Operating Income": 208100000.0,
        "Operating Expense": 131000000.0,
        "Research And Development": 9400000.0,
        "Selling General And Administration": 121600000.0,
        "Gross Profit": 339100000.0,
        "Cost Of Revenue": 661800000.0,
        "Total Revenue": 1000900000.0,
        "Operating Revenue": 1000900000.0
    },
    "2022-03-31": {
        "Diluted EPS": 0.12,
        "Total Revenue": 968,
        "Gross Profit": 354,
        "Operating Income": 82,
        "EBIT": 82,
        "Net Income": 52
    },
    "2021-12-31": {
        "Diluted EPS": 0.3,
        "Total Revenue": 900,
        "Gross Profit": 323,
        "Operating Income": 202,
        "EBIT": 243,
        "Net Income": 135
    },
    "2021-09-30": {
        "Diluted EPS": 0.34,
        "Total Revenue": 903,
        "Gross Profit": 329,
        "Operating Income": 215,
        "EBIT": 255,
        "Net Income": 150
    },
    "2021-06-30": {
        "Diluted EPS": 0.27,
        "Total Revenue": 843,
        "Gross Profit": 308,
        "Operating Income": 183,
        "EBIT": 221,
        "Net Income": 121
    },
    "2021-03-31": {
        "Diluted EPS": 0.22,
        "Total Revenue": 807,
        "Gross Profit": 291,
        "Operating Income": 145,
        "EBIT": 183,
        "Net Income": 98
    },
    "2020-12-31": {
        "Diluted EPS": 0.15,
        "Total Revenue": 739,
        "Gross Profit": 272,
        "Operating Income": 132,
        "EBIT": 166,
        "Net Income": 69
    },
    "2020-09-30": {
        "Diluted EPS": 0.2,
        "Total Revenue": 737,
        "Gross Profit": 269,
        "Operating Income": 147,
        "EBIT": 178,
        "Net Income": 87
    },
    "2020-06-30": {
        "Diluted EPS": 0.02,
        "Total Revenue": 626,
        "Gross Profit": 220,
        "Operating Income": 50,
        "EBIT": 81,
        "Net Income": 9
    },
    "2020-03-31": {
        "Diluted EPS": 0.01,
        "Total Revenue": 673,
        "Gross Profit": 240,
        "Operating Income": -31,
        "EBIT": 7,
        "Net Income": 6
    },
    "2019-12-31": {
        "Diluted EPS": 0.1,
        "Total Revenue": 617,
        "Gross Profit": 221,
        "Operating Income": 88,
        "EBIT": 118,
        "Net Income": 46
    },
    "2019-09-30": {
        "Diluted EPS": 0.23,
        "Total Revenue": 660,
        "Gross Profit": 240,
        "Operating Income": 153,
        "EBIT": 185,
        "Net Income": 103
    },
    "2019-06-30": {
        "Diluted EPS": 0.2,
        "Total Revenue": 657,
        "Gross Profit": 233,
        "Operating Income": 133,
        "EBIT": 164,
        "Net Income": 87
    },
    "2019-03-31": {
        "Diluted EPS": 0.01,
        "Total Revenue": 625,
        "Gross Profit": 211,
        "Operating Income": 23,
        "EBIT": 53,
        "Net Income": 1
    },
    "2018-12-31": {
        "Diluted EPS": 0.15,
        "Total Revenue": 586,
        "Gross Profit": 192,
        "Operating Income": 98,
        "EBIT": 127,
        "Net Income": 68
    },
    "2018-09-30": {
        "Diluted EPS": 0.16,
        "Total Revenue": 645,
        "Gross Profit": 207,
        "Operating Income": 100,
        "EBIT": 130,
        "Net Income": 70
    },
    "2018-06-30": {
        "Diluted EPS": 0.2,
        "Total Revenue": 651,
        "Gross Profit": 221,
        "Operating Income": 132,
        "EBIT": 160,
        "Net Income": 91
    },
    "2018-03-31": {
        "Diluted EPS": -0.13,
        "Total Revenue": 526,
        "Gross Profit": 191,
        "Operating Income": -96,
        "EBIT": -72,
        "Net Income": -58
    },
    "2017-12-31": {
        "Diluted EPS": 0.18,
        "Total Revenue": 495,
        "Gross Profit": 183,
        "Operating Income": 144,
        "EBIT": 167,
        "Net Income": 80
    },
    "2017-09-30": {
        "Diluted EPS": 0.15,
        "Total Revenue": 526,
        "Gross Profit": 187,
        "Operating Income": 97,
        "EBIT": 121,
        "Net Income": 66
    },
    "2017-06-30": {
        "Diluted EPS": 0.13,
        "Total Revenue": 508,
        "Gross Profit": 169,
        "Operating Income": 84,
        "EBIT": 106,
        "Net Income": 57
    },
    "2017-03-31": {
        "Diluted EPS": 0.1,
        "Total Revenue": 494,
        "Gross Profit": 161,
        "Operating Income": 78,
        "EBIT": 99,
        "Net Income": 45
    },
    "2016-12-31": {
        "Diluted EPS": 0.2,
        "Total Revenue": 454,
        "Gross Profit": 155,
        "Operating Income": 109,
        "EBIT": 131,
        "Net Income": 88
    },
    "2016-09-30": {
        "Diluted EPS": 0.13,
        "Total Revenue": 496,
        "Gross Profit": 182,
        "Operating Income": 89,
        "EBIT": 109,
        "Net Income": 57
    },
    "2016-06-30": {
        "Diluted EPS": 0.19,
        "Total Revenue": 478,
        "Gross Profit": 177,
        "Operating Income": 118,
        "EBIT": 137,
        "Net Income": 87
    },
    "2016-03-31": {
        "Diluted EPS": 0.07,
        "Total Revenue": 436,
        "Gross Profit": 160,
        "Operating Income": 56,
        "EBIT": 81,
        "Net Income": 29
    },
    "2015-12-31": {
        "Diluted EPS": 0.06,
        "Total Revenue": 414,
        "Gross Profit": 150,
        "Operating Income": 52,
        "EBIT": 71,
        "Net Income": 25
    },
    "2015-09-30": {
        "Diluted EPS": 0.29,
        "Total Revenue": 450,
        "Gross Profit": 165,
        "Operating Income": 161,
        "EBIT": 179,
        "Net Income": 130
    },
    "2015-06-30": {
        "Diluted EPS": 0.13,
        "Total Revenue": 428,
        "Gross Profit": 158,
        "Operating Income": 85,
        "EBIT": 103,
        "Net Income": 60
    },
    "2015-03-31": {
        "Diluted EPS": 0.06,
        "Total Revenue": 411,
        "Gross Profit": 153,
        "Operating Income": 46,
        "EBIT": 65,
        "Net Income": 28
    },
    "2014-12-31": {
        "Diluted EPS": 0.24,
        "Total Revenue": 388,
        "Gross Profit": 135,
        "Operating Income": 72,
        "EBIT": 89,
        "Net Income": 108
    },
    "2014-09-30": {
        "Diluted EPS": 0.29,
        "Total Revenue": 440,
        "Gross Profit": 151,
        "Operating Income": 146,
        "EBIT": 163,
        "Net Income": 127
    },
    "2014-06-30": {
        "Diluted EPS": 0.06,
        "Total Revenue": 417,
        "Gross Profit": 140,
        "Operating Income": 72,
        "EBIT": 89,
        "Net Income": 29
    },
    "2014-03-31": {
        "Diluted EPS": -0.42,
        "Total Revenue": 376,
        "Gross Profit": 126,
        "Operating Income": -140,
        "EBIT": -125,
        "Net Income": -187
    },
    "2013-12-31": {
        "Diluted EPS": 0.21,
        "Total Revenue": 353,
        "Gross Profit": 122,
        "Operating Income": 59,
        "EBIT": 75,
        "Net Income": 92
    },
    "2013-09-30": {
        "Diluted EPS": 0.12,
        "Total Revenue": 392,
        "Gross Profit": 133,
        "Operating Income": 72,
        "EBIT": 87,
        "Net Income": 52
    },
    "2013-06-30": {
        "Diluted EPS": 0.32,
        "Total Revenue": 372,
        "Gross Profit": 126,
        "Operating Income": 62,
        "EBIT": 78,
        "Net Income": 142
    },
    "2013-03-31": {
        "Diluted EPS": -0.16,
        "Total Revenue": 327,
        "Gross Profit": 102,
        "Operating Income": -125,
        "EBIT": -112,
        "Net Income": -70
    },
    "2012-12-31": {
        "Diluted EPS": 0.07,
        "Total Revenue": 320,
        "Gross Profit": 96,
        "Operating Income": 27,
        "EBIT": 45,
        "Net Income": 32
    },
    "2012-09-30": {
        "Diluted EPS": 0.03,
        "Total Revenue": 334,
        "Gross Profit": 111,
        "Operating Income": 45,
        "EBIT": 60,
        "Net Income": 15
    },
    "2012-06-30": {
        "Diluted EPS": 0.16,
        "Total Revenue": 340,
        "Gross Profit": 110,
        "Operating Income": 83,
        "EBIT": 98,
        "Net Income": 69
    },
    "2012-03-31": {
        "Diluted EPS": 1.1,
        "Total Revenue": 309,
        "Gross Profit": 96,
        "Operating Income": 38,
        "EBIT": 55,
        "Net Income": 481
    },
    "2011-12-31": {
        "Diluted EPS": -0.01,
        "Total Revenue": 283,
        "Gross Profit": 91,
        "Operating Income": 35,
        "EBIT": 52,
        "Net Income": -5
    },
    "2011-09-30": {
        "Diluted EPS": 0.29,
        "Total Revenue": 332,
        "Gross Profit": 113,
        "Operating Income": 57,
        "EBIT": 71,
        "Net Income": 127
    },
    "2011-06-30": {
        "Diluted EPS": 0.0,
        "Total Revenue": 314,
        "Gross Profit": 108,
        "Operating Income": 56,
        "EBIT": 72,
        "Net Income": 1
    },
    "2011-03-31": {
        "Diluted EPS": -0.0,
        "Total Revenue": 288,
        "Gross Profit": 97,
        "Operating Income": 46,
        "EBIT": 62,
        "Net Income": -2
    },
    "2010-12-31": {
        "Diluted EPS": -0.06,
        "Total Revenue": 273,
        "Gross Profit": 85,
        "Operating Income": 30,
        "EBIT": 45,
        "Net Income": -26
    },
    "2010-09-30": {
        "Diluted EPS": -0.97,
        "Total Revenue": 288,
        "Gross Profit": 93,
        "Operating Income": 52,
        "EBIT": 67,
        "Net Income": -424
    },
    "2010-06-30": {
        "Diluted EPS": 0.24,
        "Total Revenue": 318,
        "Gross Profit": 117,
        "Operating Income": 64,
        "EBIT": 79,
        "Net Income": 105
    },
    "2010-03-31": {
        "Diluted EPS": -0.01,
        "Total Revenue": 275,
        "Gross Profit": 91,
        "Operating Income": 173,
        "EBIT": 189,
        "Net Income": -2
    },
    "2009-12-31": {
        "Diluted EPS": 0.03,
        "Total Revenue": 261,
        "Gross Profit": 97,
        "Operating Income": 25,
        "EBIT": 41,
        "Net Income": 15
    },
    "2009-09-30": {
        "Diluted EPS": -0.05,
        "Total Revenue": 304,
        "Gross Profit": 118,
        "Operating Income": 62,
        "EBIT": 77,
        "Net Income": -20
    },
    "2009-06-30": {
        "Diluted EPS": -0.18,
        "Total Revenue": 285,
        "Gross Profit": 110,
        "Operating Income": -57,
        "EBIT": -42,
        "Net Income": -78
    },
    "2009-03-31": {
        "Diluted EPS": -0.3,
        "Total Revenue": 241,
        "Gross Profit": 69,
        "Operating Income": 16,
        "EBIT": 31,
        "Net Income": -130
    },
    "2023-06-30": {
        "Tax Effect Of Unusual Items": -30910.683012,
        "Tax Rate For Calcs": 0.309107,
        "Normalized EBITDA": 279200000.0,
        "Total Unusual Items": -100000.0,
        "Total Unusual Items Excluding Goodwill": -100000.0,
        "Net Income From Continuing Operation Net Minority Interest": 157800000.0,
        "Reconciled Depreciation": 44900000.0,
        "Reconciled Cost Of Revenue": 580900000.0,
        "EBITDA": 279100000.0,
        "EBIT": 234200000.0,
        "Net Interest Income": -5800000.0,
        "Interest Expense": 5800000.0,
        "Normalized Income": 157869089.316988,
        "Net Income From Continuing And Discontinued Operation": 157800000.0,
        "Total Expenses": 720500000.0,
        "Total Operating Income As Reported": 233900000.0,
        "Diluted Average Shares": 442800000.0,
        "Basic Average Shares": 441800000.0,
        "Diluted EPS": 0.36,
        "Basic EPS": 0.36,
        "Diluted NI Availto Com Stockholders": 157800000.0,
        "Net Income Common Stockholders": 157800000.0,
        "Net Income": 157800000.0,
        "Net Income Including Noncontrolling Interests": 157800000.0,
        "Net Income Continuous Operations": 157800000.0,
        "Tax Provision": 70600000.0,
        "Pretax Income": 228400000.0,
        "Other Income Expense": -400000.0,
        "Other Non Operating Income Expenses": -300000.0,
        "Special Income Charges": -100000.0,
        "Other Special Charges": 100000.0,
        "Impairment Of Capital Assets": NaN,
        "Gain On Sale Of Security": NaN,
        "Net Non Operating Interest Income Expense": -5800000.0,
        "Interest Expense Non Operating": 5800000.0,
        "Operating Income": 233800000.0,
        "Operating Expense": 139600000.0,
        "Research And Development": 10700000.0,
        "Selling General And Administration": 128900000.0,
        "Gross Profit": 373400000.0,
        "Cost Of Revenue": 580900000.0,
        "Total Revenue": 954300000.0,
        "Operating Revenue": 954300000.0
    },
    "2023-09-30": {
        "Tax Effect Of Unusual Items": -5101900.0,
        "Tax Rate For Calcs": 0.313,
        "Normalized EBITDA": 287100000.0,
        "Total Unusual Items": -16300000.0,
        "Total Unusual Items Excluding Goodwill": -16300000.0,
        "Net Income From Continuing Operation Net Minority Interest": 151700000.0,
        "Reconciled Depreciation": 45500000.0,
        "Reconciled Cost Of Revenue": 595200000.0,
        "EBITDA": 270800000.0,
        "EBIT": 225300000.0,
        "Net Interest Income": -4500000.0,
        "Interest Expense": 4500000.0,
        "Normalized Income": 162898100.0,
        "Net Income From Continuing And Discontinued Operation": 151700000.0,
        "Total Expenses": 759100000.0,
        "Total Operating Income As Reported": 223400000.0,
        "Diluted Average Shares": 440800000.0,
        "Basic Average Shares": 439600000.0,
        "Diluted EPS": 0.34,
        "Basic EPS": 0.35,
        "Diluted NI Availto Com Stockholders": 151700000.0,
        "Net Income Common Stockholders": 151700000.0,
        "Net Income": 151700000.0,
        "Net Income Including Noncontrolling Interests": 151700000.0,
        "Net Income Continuous Operations": 151700000.0,
        "Tax Provision": 69100000.0,
        "Pretax Income": 220800000.0,
        "Other Income Expense": -14400000.0,
        "Other Non Operating Income Expenses": 1900000.0,
        "Special Income Charges": -20300000.0,
        "Other Special Charges": 200000.0,
        "Impairment Of Capital Assets": 20100000.0,
        "Gain On Sale Of Security": 4000000.0,
        "Net Non Operating Interest Income Expense": -4500000.0,
        "Interest Expense Non Operating": 4500000.0,
        "Operating Income": 239700000.0,
        "Operating Expense": 163900000.0,
        "Research And Development": 11100000.0,
        "Selling General And Administration": 152800000.0,
        "Gross Profit": 403600000.0,
        "Cost Of Revenue": 595200000.0,
        "Total Revenue": 998800000.0,
        "Operating Revenue": 998800000.0
    },
    "2023-12-31": {
        "Tax Effect Of Unusual Items": -2667600.0,
        "Tax Rate For Calcs": 0.351,
        "Normalized EBITDA": 280600000.0,
        "Total Unusual Items": -7600000.0,
        "Total Unusual Items Excluding Goodwill": -7600000.0,
        "Net Income From Continuing Operation Net Minority Interest": 145100000.0,
        "Reconciled Depreciation": 46300000.0,
        "Reconciled Cost Of Revenue": 577600000.0,
        "EBITDA": 273000000.0,
        "EBIT": 226700000.0,
        "Net Interest Income": -3100000.0,
        "Interest Expense": 3100000.0,
        "Normalized Income": 150032400.0,
        "Net Income From Continuing And Discontinued Operation": 145100000.0,
        "Total Expenses": 744600000.0,
        "Total Operating Income As Reported": 226100000.0,
        "Diluted Average Shares": 438300000.0,
        "Basic Average Shares": 437000000.0,
        "Diluted EPS": 0.33,
        "Basic EPS": 0.33,
        "Diluted NI Availto Com Stockholders": 145100000.0,
        "Net Income Common Stockholders": 145100000.0,
        "Net Income": 145100000.0,
        "Net Income Including Noncontrolling Interests": 145100000.0,
        "Net Income Continuous Operations": 145100000.0,
        "Tax Provision": 78500000.0,
        "Pretax Income": 223600000.0,
        "Other Income Expense": -7000000.0,
        "Other Non Operating Income Expenses": 600000.0,
        "Special Income Charges": 900000.0,
        "Other Special Charges": -900000.0,
        "Impairment Of Capital Assets": 0.0,
        "Gain On Sale Of Security": -8500000.0,
        "Net Non Operating Interest Income Expense": -3100000.0,
        "Interest Expense Non Operating": 3100000.0,
        "Operating Income": 233700000.0,
        "Operating Expense": 167000000.0,
        "Research And Development": 10700000.0,
        "Selling General And Administration": 156300000.0,
        "Gross Profit": 400700000.0,
        "Cost Of Revenue": 577600000.0,
        "Total Revenue": 978300000.0,
        "Operating Revenue": 978300000.0
    },
    "2024-03-31": {
        "Tax Effect Of Unusual Items": -47648780.487805,
        "Tax Rate For Calcs": 0.321951,
        "Normalized EBITDA": 301300000.0,
        "Total Unusual Items": -148000000.0,
        "Total Unusual Items Excluding Goodwill": -148000000.0,
        "Net Income From Continuing Operation Net Minority Interest": 55600000.0,
        "Reconciled Depreciation": 48300000.0,
        "Reconciled Cost Of Revenue": 594200000.0,
        "EBITDA": 153300000.0,
        "EBIT": 105000000.0,
        "Net Interest Income": -1900000.0,
        "Interest Expense": 23000000.0,
        "Normalized Income": 155951219.512195,
        "Net Income From Continuing And Discontinued Operation": 55600000.0,
        "Total Expenses": 772900000.0,
        "Total Operating Income As Reported": 84000000.0,
        "Diluted Average Shares": NaN,
        "Basic Average Shares": NaN,
        "Diluted EPS": NaN,
        "Basic EPS": NaN,
        "Diluted NI Availto Com Stockholders": 55600000.0,
        "Net Income Common Stockholders": 55600000.0,
        "Net Income": 55600000.0,
        "Net Income Including Noncontrolling Interests": 55600000.0,
        "Net Income Continuous Operations": 55600000.0,
        "Tax Provision": 26400000.0,
        "Pretax Income": 82000000.0,
        "Other Income Expense": -148100000.0,
        "Other Non Operating Income Expenses": -100000.0,
        "Special Income Charges": -154200000.0,
        "Other Special Charges": 154200000.0,
        "Impairment Of Capital Assets": 0.0,
        "Gain On Sale Of Security": 6200000.0,
        "Net Non Operating Interest Income Expense": -1900000.0,
        "Interest Expense Non Operating": 23000000.0,
        "Operating Income": 232000000.0,
        "Operating Expense": 178700000.0,
        "Research And Development": 14500000.0,
        "Selling General And Administration": 164200000.0,
        "Gross Profit": 410700000.0,
        "Cost Of Revenue": 594200000.0,
        "Total Revenue": 1004900000.0,
        "Operating Revenue": 1004900000.0
    }
}