{
    "2023-06-30": {
        "Tax Effect Of Unusual Items": 167745.0,
        "Tax Rate For Calcs": 0.265,
        "Normalized EBITDA": 64057000.0,
        "Total Unusual Items": 633000.0,
        "Total Unusual Items Excluding Goodwill": 633000.0,
        "Net Income From Continuing Operation Net Minority Interest": 34981000.0,
        "Reconciled Depreciation": 15763000.0,
        "Reconciled Cost Of Revenue": 282887000.0,
        "EBITDA": 64690000.0,
        "EBIT": 48927000.0,
        "Net Interest Income": -1314000.0,
        "Interest Expense": 1314000.0,
        "Normalized Income": 34515745.0,
        "Net Income From Continuing And Discontinued Operation": 34981000.0,
        "Total Expenses": 377475000.0,
        "Rent Expense Supplemental": 4327000.0,
        "Total Operating Income As Reported": 48294000.0,
        "Diluted Average Shares": 19327000.0,
        "Basic Average Shares": 19257000.0,
        "Diluted EPS": 1.81,
        "Basic EPS": 1.82,
        "Diluted NI Availto Com Stockholders": 34981000.0,
        "Net Income Common Stockholders": 34981000.0,
        "Net Income": 34981000.0,
        "Net Income Including Noncontrolling Interests": 34981000.0,
        "Net Income Continuous Operations": 34981000.0,
        "Tax Provision": 12632000.0,
        "Pretax Income": 47613000.0,
        "Other Income Expense": 633000.0,
        "Gain On Sale Of Security": 633000.0,
        "Net Non Operating Interest Income Expense": -1314000.0,
        "Interest Expense Non Operating": 1314000.0,
        "Operating Income": 48294000.0,
        "Operating Expense": 94588000.0,
        "Other Operating Expenses": NaN,
        "Selling General And Administration": 94588000.0,
        "Selling And Marketing Expense": 75793000.0,
        "General And Administrative Expense": 18795000.0,
        "Other Gand A": 18795000.0,
        "Gross Profit": 142882000.0,
        "Cost Of Revenue": 282887000.0,
        "Total Revenue": 425769000.0,
        "Operating Revenue": 425769000.0
    },
    "2023-03-31": {
        "Tax Effect Of Unusual Items": 103458.0,
        "Tax Rate For Calcs": 0.258,
        "Normalized EBITDA": 25633000.0,
        "Total Unusual Items": 401000.0,
        "Total Unusual Items Excluding Goodwill": 401000.0,
        "Net Income From Continuing Operation Net Minority Interest": 6871000.0,
        "Reconciled Depreciation": 15440000.0,
        "Reconciled Cost Of Revenue": 247470000.0,
        "EBITDA": 26034000.0,
        "EBIT": 10594000.0,
        "Net Interest Income": -1334000.0,
        "Interest Expense": 1334000.0,
        "Normalized Income": 6573458.0,
        "Net Income From Continuing And Discontinued Operation": 6871000.0,
        "Total Expenses": 327661000.0,
        "Rent Expense Supplemental": NaN,
        "Total Operating Income As Reported": 10193000.0,
        "Diluted Average Shares": 19295000.0,
        "Basic Average Shares": 19238000.0,
        "Diluted EPS": 0.36,
        "Basic EPS": 0.36,
        "Diluted NI Availto Com Stockholders": 6871000.0,
        "Net Income Common Stockholders": 6871000.0,
        "Net Income": 6871000.0,
        "Net Income Including Noncontrolling Interests": 6871000.0,
        "Net Income Continuous Operations": 6871000.0,
        "Tax Provision": 2389000.0,
        "Pretax Income": 9260000.0,
        "Other Income Expense": 401000.0,
        "Gain On Sale Of Security": 401000.0,
        "Net Non Operating Interest Income Expense": -1334000.0,
        "Interest Expense Non Operating": 1334000.0,
        "Operating Income": 10193000.0,
        "Operating Expense": 80191000.0,
        "Other Operating Expenses": NaN,
        "Selling General And Administration": 80191000.0,
        "Selling And Marketing Expense": 62205000.0,
        "General And Administrative Expense": 17986000.0,
        "Other Gand A": 17986000.0,
        "Gross Profit": 90384000.0,
        "Cost Of Revenue": 247470000.0,
        "Total Revenue": 337854000.0,
        "Operating Revenue": 337854000.0
    },
    "2022-12-31": {
        "Tax Effect Of Unusual Items": 178100.0,
        "Tax Rate For Calcs": 0.26,
        "Normalized EBITDA": 24509000.0,
        "Total Unusual Items": 685000.0,
        "Total Unusual Items Excluding Goodwill": 685000.0,
        "Net Income From Continuing Operation Net Minority Interest": 6633000.0,
        "Reconciled Depreciation": 15181000.0,
        "Reconciled Cost Of Revenue": 260488000.0,
        "EBITDA": 25194000.0,
        "EBIT": 10013000.0,
        "Net Interest Income": -1049000.0,
        "Interest Expense": 1049000.0,
        "Normalized Income": 6126100.0,
        "Net Income From Continuing And Discontinued Operation": 6633000.0,
        "Total Expenses": 342015000.0,
        "Rent Expense Supplemental": NaN,
        "Total Operating Income As Reported": 9328000.0,
        "Diluted Average Shares": 19274000.0,
        "Basic Average Shares": 19222000.0,
        "Diluted EPS": 0.34,
        "Basic EPS": 0.35,
        "Diluted NI Availto Com Stockholders": 6633000.0,
        "Net Income Common Stockholders": 6633000.0,
        "Net Income": 6633000.0,
        "Net Income Including Noncontrolling Interests": 6633000.0,
        "Net Income Continuous Operations": 6633000.0,
        "Tax Provision": 2331000.0,
        "Pretax Income": 8964000.0,
        "Other Income Expense": 685000.0,
        "Gain On Sale Of Security": 685000.0,
        "Net Non Operating Interest Income Expense": -1049000.0,
        "Interest Expense Non Operating": 1049000.0,
        "Operating Income": 9328000.0,
        "Operating Expense": 81527000.0,
        "Other Operating Expenses": -612000.0,
        "Selling General And Administration": 82139000.0,
        "Selling And Marketing Expense": 65748000.0,
        "General And Administrative Expense": 16391000.0,
        "Other Gand A": 16391000.0,
        "Gross Profit": 90855000.0,
        "Cost Of Revenue": 260488000.0,
        "Total Revenue": 351343000.0,
        "Operating Revenue": 351343000.0
    },
    "2022-09-30": {
        "Tax Effect Of Unusual Items": -107730.0,
        "Tax Rate For Calcs": 0.19,
        "Normalized EBITDA": 37672000.0,
        "Total Unusual Items": -567000.0,
        "Total Unusual Items Excluding Goodwill": -567000.0,
        "Net Income From Continuing Operation Net Minority Interest": 17310000.0,
        "Reconciled Depreciation": 15056000.0,
        "Reconciled Cost Of Revenue": 284583000.0,
        "EBITDA": 37105000.0,
        "EBIT": 22049000.0,
        "Net Interest Income": -794000.0,
        "Interest Expense": 794000.0,
        "Normalized Income": 17769270.0,
        "Net Income From Continuing And Discontinued Operation": 17310000.0,
        "Total Expenses": 377810000.0,
        "Rent Expense Supplemental": NaN,
        "Total Operating Income As Reported": 21606000.0,
        "Diluted Average Shares": 19261000.0,
        "Basic Average Shares": 19199000.0,
        "Diluted EPS": 0.9,
        "Basic EPS": 0.9,
        "Diluted NI Availto Com Stockholders": 17310000.0,
        "Net Income Common Stockholders": 17310000.0,
        "Net Income": 17310000.0,
        "Net Income Including Noncontrolling Interests": 17310000.0,
        "Net Income Continuous Operations": 17310000.0,
        "Tax Provision": 3945000.0,
        "Pretax Income": 21255000.0,
        "Other Income Expense": -567000.0,
        "Special Income Charges": -1010000.0,
        "Impairment Of Capital Assets": 1010000.0,
        "Gain On Sale Of Security": 443000.0,
        "Net Non Operating Interest Income Expense": -794000.0,
        "Interest Expense Non Operating": 794000.0,
        "Operating Income": 22616000.0,
        "Operating Expense": 93227000.0,
        "Other Operating Expenses": NaN,
        "Selling General And Administration": 93227000.0,
        "Selling And Marketing Expense": 75507000.0,
        "General And Administrative Expense": 17720000.0,
        "Other Gand A": 17720000.0,
        "Gross Profit": 115843000.0,
        "Cost Of Revenue": 284583000.0,
        "Total Revenue": 400426000.0,
        "Operating Revenue": 400426000.0
    },
    "2022-06-30": {
        "Tax Effect Of Unusual Items": 27878.0,
        "Tax Rate For Calcs": 0.263,
        "Normalized EBITDA": 34276000.0,
        "Total Unusual Items": 106000.0,
        "Total Unusual Items Excluding Goodwill": 106000.0,
        "Net Income From Continuing Operation Net Minority Interest": 15563000.0,
        "Reconciled Depreciation": 13016000.0,
        "Reconciled Cost Of Revenue": 271151000.0,
        "EBITDA": 34382000.0,
        "EBIT": 21366000.0,
        "Net Interest Income": -156000.0,
        "Interest Expense": 156000.0,
        "Normalized Income": 15484878.0,
        "Net Income From Continuing And Discontinued Operation": 15563000.0,
        "Total Expenses": 358967000.0,
        "Rent Expense Supplemental": NaN,
        "Total Operating Income As Reported": 21260000.0,
        "Diluted Average Shares": 19234000.0,
        "Basic Average Shares": 19174000.0,
        "Diluted EPS": 0.81,
        "Basic EPS": 0.81,
        "Diluted NI Availto Com Stockholders": 15563000.0,
        "Net Income Common Stockholders": 15563000.0,
        "Net Income": 15563000.0,
        "Net Income Including Noncontrolling Interests": 15563000.0,
        "Net Income Continuous Operations": 15563000.0,
        "Tax Provision": 5647000.0,
        "Pretax Income": 21210000.0,
        "Other Income Expense": 106000.0,
        "Special Income Charges": NaN,
        "Impairment Of Capital Assets": NaN,
        "Gain On Sale Of Security": 106000.0,
        "Net Non Operating Interest Income Expense": -156000.0,
        "Interest Expense Non Operating": 156000.0,
        "Operating Income": 21260000.0,
        "Operating Expense": 87816000.0,
        "Other Operating Expenses": NaN,
        "Selling General And Administration": 87816000.0,
        "Selling And Marketing Expense": 72159000.0,
        "General And Administrative Expense": 15657000.0,
        "Other Gand A": 15657000.0,
        "Gross Profit": 109076000.0,
        "Cost Of Revenue": 271151000.0,
        "Total Revenue": 380227000.0,
        "Operating Revenue": 380227000.0
    },
    "2022-03-31": {
        "Diluted EPS": 0.17,
        "Total Revenue": 282,
        "Gross Profit": 65,
        "Operating Income": 4,
        "EBIT": 17,
        "Net Income": 3
    },
    "2021-12-31": {
        "Diluted EPS": 0.58,
        "Total Revenue": 318,
        "Gross Profit": 79,
        "Operating Income": 15,
        "EBIT": 27,
        "Net Income": 11
    },
    "2021-09-30": {
        "Diluted EPS": 0.99,
        "Total Revenue": 323,
        "Gross Profit": 92,
        "Operating Income": 25,
        "EBIT": 36,
        "Net Income": 19
    },
    "2021-06-30": {
        "Diluted EPS": 1.51,
        "Total Revenue": 324,
        "Gross Profit": 96,
        "Operating Income": 38,
        "EBIT": 51,
        "Net Income": 29
    },
    "2021-03-31": {
        "Diluted EPS": 0.32,
        "Total Revenue": 256,
        "Gross Profit": 61,
        "Operating Income": 7,
        "EBIT": 20,
        "Net Income": 6
    },
    "2020-12-31": {
        "Diluted EPS": 0.09,
        "Total Revenue": 241,
        "Gross Profit": 50,
        "Operating Income": 1,
        "EBIT": 14,
        "Net Income": 2
    },
    "2020-09-30": {
        "Diluted EPS": 0.36,
        "Total Revenue": 253,
        "Gross Profit": 54,
        "Operating Income": 4,
        "EBIT": 17,
        "Net Income": 7
    },
    "2020-06-30": {
        "Diluted EPS": -0.67,
        "Total Revenue": 215,
        "Gross Profit": 37,
        "Operating Income": -19,
        "EBIT": -6,
        "Net Income": -13
    },
    "2020-03-31": {
        "Diluted EPS": 0.38,
        "Total Revenue": 272,
        "Gross Profit": 69,
        "Operating Income": 11,
        "EBIT": 25,
        "Net Income": 7
    },
    "2019-12-31": {
        "Diluted EPS": 0.89,
        "Total Revenue": 283,
        "Gross Profit": 78,
        "Operating Income": 22,
        "EBIT": 34,
        "Net Income": 17
    },
    "2019-09-30": {
        "Diluted EPS": 1.36,
        "Total Revenue": 312,
        "Gross Profit": 93,
        "Operating Income": 31,
        "EBIT": 44,
        "Net Income": 26
    },
    "2019-06-30": {
        "Diluted EPS": 1.63,
        "Total Revenue": 327,
        "Gross Profit": 101,
        "Operating Income": 39,
        "EBIT": 51,
        "Net Income": 31
    },
    "2019-03-31": {
        "Diluted EPS": 1.08,
        "Total Revenue": 276,
        "Gross Profit": 79,
        "Operating Income": 25,
        "EBIT": 37,
        "Net Income": 20
    },
    "2018-12-31": {
        "Diluted EPS": 0.93,
        "Total Revenue": 272,
        "Gross Profit": 77,
        "Operating Income": 22,
        "EBIT": 34,
        "Net Income": 18
    },
    "2018-09-30": {
        "Diluted EPS": 1.24,
        "Total Revenue": 301,
        "Gross Profit": 91,
        "Operating Income": 31,
        "EBIT": 44,
        "Net Income": 23
    },
    "2018-06-30": {
        "Diluted EPS": 1.39,
        "Total Revenue": 306,
        "Gross Profit": 94,
        "Operating Income": 35,
        "EBIT": 46,
        "Net Income": 26
    },
    "2018-03-31": {
        "Diluted EPS": 0.95,
        "Total Revenue": 266,
        "Gross Profit": 77,
        "Operating Income": 24,
        "EBIT": 35,
        "Net Income": 18
    },
    "2017-12-31": {
        "Diluted EPS": 1.93,
        "Total Revenue": 265,
        "Gross Profit": 73,
        "Operating Income": 21,
        "EBIT": 33,
        "Net Income": 36
    },
    "2017-09-30": {
        "Diluted EPS": 1.3,
        "Total Revenue": 317,
        "Gross Profit": 98,
        "Operating Income": 37,
        "EBIT": 49,
        "Net Income": 24
    },
    "2017-06-30": {
        "Diluted EPS": 1.34,
        "Total Revenue": 295,
        "Gross Profit": 95,
        "Operating Income": 38,
        "EBIT": 48,
        "Net Income": 25
    },
    "2017-03-31": {
        "Diluted EPS": 0.85,
        "Total Revenue": 247,
        "Gross Profit": 73,
        "Operating Income": 24,
        "EBIT": 35,
        "Net Income": 16
    },
    "2016-12-31": {
        "Diluted EPS": 0.72,
        "Total Revenue": 226,
        "Gross Profit": 66,
        "Operating Income": 19,
        "EBIT": 29,
        "Net Income": 14
    },
    "2016-09-30": {
        "Diluted EPS": 1.1,
        "Total Revenue": 262,
        "Gross Profit": 80,
        "Operating Income": 31,
        "EBIT": 42,
        "Net Income": 21
    },
    "2016-06-30": {
        "Diluted EPS": 1.43,
        "Total Revenue": 278,
        "Gross Profit": 92,
        "Operating Income": 40,
        "EBIT": 51,
        "Net Income": 27
    },
    "2016-03-31": {
        "Diluted EPS": 0.83,
        "Total Revenue": 230,
        "Gross Profit": 69,
        "Operating Income": 23,
        "EBIT": 33,
        "Net Income": 16
    },
    "2015-12-31": {
        "Diluted EPS": 0.69,
        "Total Revenue": 223,
        "Gross Profit": 64,
        "Operating Income": 18,
        "EBIT": 28,
        "Net Income": 13
    },
    "2015-09-30": {
        "Diluted EPS": 1.05,
        "Total Revenue": 260,
        "Gross Profit": 82,
        "Operating Income": 34,
        "EBIT": 44,
        "Net Income": 20
    },
    "2015-06-30": {
        "Diluted EPS": 1.3,
        "Total Revenue": 279,
        "Gross Profit": 90,
        "Operating Income": 39,
        "EBIT": 48,
        "Net Income": 24
    },
    "2015-03-31": {
        "Diluted EPS": 0.78,
        "Total Revenue": 225,
        "Gross Profit": 67,
        "Operating Income": 22,
        "EBIT": 31,
        "Net Income": 15
    },
    "2014-12-31": {
        "Diluted EPS": 0.6,
        "Total Revenue": 213,
        "Gross Profit": 61,
        "Operating Income": 17,
        "EBIT": 26,
        "Net Income": 11
    },
    "2014-09-30": {
        "Diluted EPS": 1.18,
        "Total Revenue": 253,
        "Gross Profit": 82,
        "Operating Income": 33,
        "EBIT": 42,
        "Net Income": 22
    },
    "2014-06-30": {
        "Diluted EPS": 1.26,
        "Total Revenue": 257,
        "Gross Profit": 84,
        "Operating Income": 36,
        "EBIT": 45,
        "Net Income": 24
    },
    "2014-03-31": {
        "Diluted EPS": 0.72,
        "Total Revenue": 205,
        "Gross Profit": 61,
        "Operating Income": 20,
        "EBIT": 29,
        "Net Income": 14
    },
    "2013-12-31": {
        "Diluted EPS": 0.66,
        "Total Revenue": 204,
        "Gross Profit": 60,
        "Operating Income": 18,
        "EBIT": 27,
        "Net Income": 12
    },
    "2013-09-30": {
        "Diluted EPS": 1.08,
        "Total Revenue": 238,
        "Gross Profit": 76,
        "Operating Income": 31,
        "EBIT": 39,
        "Net Income": 20
    },
    "2013-06-30": {
        "Diluted EPS": 1.12,
        "Total Revenue": 237,
        "Gross Profit": 75,
        "Operating Income": 32,
        "EBIT": 41,
        "Net Income": 21
    },
    "2013-03-31": {
        "Diluted EPS": 0.67,
        "Total Revenue": 201,
        "Gross Profit": 58,
        "Operating Income": 19,
        "EBIT": 27,
        "Net Income": 13
    },
    "2012-12-31": {
        "Diluted EPS": 0.54,
        "Total Revenue": 191,
        "Gross Profit": 54,
        "Operating Income": 15,
        "EBIT": 23,
        "Net Income": 10
    },
    "2012-09-30": {
        "Diluted EPS": 1.03,
        "Total Revenue": 242,
        "Gross Profit": 77,
        "Operating Income": 30,
        "EBIT": 38,
        "Net Income": 20
    },
    "2012-06-30": {
        "Diluted EPS": 0.99,
        "Total Revenue": 226,
        "Gross Profit": 73,
        "Operating Income": 30,
        "EBIT": 38,
        "Net Income": 19
    },
    "2012-03-31": {
        "Diluted EPS": 0.55,
        "Total Revenue": 190,
        "Gross Profit": 54,
        "Operating Income": 16,
        "EBIT": 24,
        "Net Income": 10
    },
    "2011-12-31": {
        "Diluted EPS": 0.29,
        "Total Revenue": 173,
        "Gross Profit": 46,
        "Operating Income": 8,
        "EBIT": 16,
        "Net Income": 5
    },
    "2011-09-30": {
        "Diluted EPS": 0.85,
        "Total Revenue": 219,
        "Gross Profit": 67,
        "Operating Income": 25,
        "EBIT": 32,
        "Net Income": 16
    },
    "2011-06-30": {
        "Diluted EPS": 1.24,
        "Total Revenue": 206,
        "Gross Profit": 68,
        "Operating Income": 27,
        "EBIT": 35,
        "Net Income": 23
    },
    "2011-03-31": {
        "Diluted EPS": 0.46,
        "Total Revenue": 163,
        "Gross Profit": 49,
        "Operating Income": 14,
        "EBIT": 21,
        "Net Income": 9
    },
    "2010-12-31": {
        "Diluted EPS": 0.38,
        "Total Revenue": 156,
        "Gross Profit": 46,
        "Operating Income": 11,
        "EBIT": 19,
        "Net Income": 7
    },
    "2010-09-30": {
        "Diluted EPS": 0.88,
        "Total Revenue": 201,
        "Gross Profit": 67,
        "Operating Income": 25,
        "EBIT": 33,
        "Net Income": 16
    },
    "2010-06-30": {
        "Diluted EPS": 0.85,
        "Total Revenue": 190,
        "Gross Profit": 65,
        "Operating Income": 26,
        "EBIT": 34,
        "Net Income": 16
    },
    "2010-03-31": {
        "Diluted EPS": 0.48,
        "Total Revenue": 157,
        "Gross Profit": 50,
        "Operating Income": 15,
        "EBIT": 22,
        "Net Income": 9
    },
    "2009-12-31": {
        "Diluted EPS": 0.38,
        "Total Revenue": 149,
        "Gross Profit": 46,
        "Operating Income": 11,
        "EBIT": 19,
        "Net Income": 7
    },
    "2009-09-30": {
        "Diluted EPS": 0.79,
        "Total Revenue": 183,
        "Gross Profit": 62,
        "Operating Income": 24,
        "EBIT": 31,
        "Net Income": 15
    },
    "2009-06-30": {
        "Diluted EPS": 0.8,
        "Total Revenue": 180,
        "Gross Profit": 61,
        "Operating Income": 24,
        "EBIT": 31,
        "Net Income": 15
    },
    "2009-03-31": {
        "Diluted EPS": 0.39,
        "Total Revenue": 149,
        "Gross Profit": 45,
        "Operating Income": 12,
        "EBIT": 19,
        "Net Income": 7
    },
    "2023-09-30": {
        "Tax Effect Of Unusual Items": -176630.371668,
        "Tax Rate For Calcs": 0.270077,
        "Normalized EBITDA": 60138000.0,
        "Total Unusual Items": -654000.0,
        "Total Unusual Items Excluding Goodwill": -654000.0,
        "Net Income From Continuing Operation Net Minority Interest": 30421000.0,
        "Reconciled Depreciation": 16757000.0,
        "Reconciled Cost Of Revenue": 298119000.0,
        "EBITDA": 59484000.0,
        "EBIT": 42727000.0,
        "Net Interest Income": -1050000.0,
        "Interest Expense": 1050000.0,
        "Normalized Income": 30898369.628332,
        "Net Income From Continuing And Discontinued Operation": 30421000.0,
        "Total Expenses": 400482000.0,
        "Rent Expense Supplemental": NaN,
        "Total Operating Income As Reported": 41703000.0,
        "Diluted Average Shares": 19398000.0,
        "Basic Average Shares": 19306000.0,
        "Diluted EPS": 1.57,
        "Basic EPS": 1.58,
        "Diluted NI Availto Com Stockholders": 30421000.0,
        "Net Income Common Stockholders": 30421000.0,
        "Net Income": 30421000.0,
        "Net Income Including Noncontrolling Interests": 30421000.0,
        "Net Income Continuous Operations": 30421000.0,
        "Tax Provision": 11256000.0,
        "Pretax Income": 41677000.0,
        "Other Income Expense": -654000.0,
        "Gain On Sale Of Security": 1024000.0,
        "Net Non Operating Interest Income Expense": -1050000.0,
        "Interest Expense Non Operating": 1050000.0,
        "Operating Income": 43381000.0,
        "Operating Expense": 102363000.0,
        "Other Operating Expenses": NaN,
        "Selling General And Administration": 102181000.0,
        "Selling And Marketing Expense": 79316000.0,
        "General And Administrative Expense": 22865000.0,
        "Other Gand A": 22865000.0,
        "Gross Profit": 145744000.0,
        "Cost Of Revenue": 298119000.0,
        "Total Revenue": 443863000.0,
        "Operating Revenue": 443863000.0
    },
    "2023-12-31": {
        "Tax Effect Of Unusual Items": 212268.0,
        "Tax Rate For Calcs": 0.266,
        "Normalized EBITDA": 26475000.0,
        "Total Unusual Items": 798000.0,
        "Total Unusual Items Excluding Goodwill": 798000.0,
        "Net Income From Continuing Operation Net Minority Interest": 7282000.0,
        "Reconciled Depreciation": 16792000.0,
        "Reconciled Cost Of Revenue": 253723000.0,
        "EBITDA": 27273000.0,
        "EBIT": 10481000.0,
        "Net Interest Income": -560000.0,
        "Interest Expense": 560000.0,
        "Normalized Income": 6696268.0,
        "Net Income From Continuing And Discontinued Operation": 7282000.0,
        "Total Expenses": 338625000.0,
        "Rent Expense Supplemental": NaN,
        "Total Operating Income As Reported": 9683000.0,
        "Diluted Average Shares": 19423000.0,
        "Basic Average Shares": 19344000.0,
        "Diluted EPS": 0.37,
        "Basic EPS": 0.38,
        "Diluted NI Availto Com Stockholders": 7282000.0,
        "Net Income Common Stockholders": 7282000.0,
        "Net Income": 7282000.0,
        "Net Income Including Noncontrolling Interests": 7282000.0,
        "Net Income Continuous Operations": 7282000.0,
        "Tax Provision": 2639000.0,
        "Pretax Income": 9921000.0,
        "Other Income Expense": 798000.0,
        "Gain On Sale Of Security": 798000.0,
        "Net Non Operating Interest Income Expense": -560000.0,
        "Interest Expense Non Operating": 560000.0,
        "Operating Income": 9683000.0,
        "Operating Expense": 84902000.0,
        "Other Operating Expenses": -1072000.0,
        "Selling General And Administration": 85974000.0,
        "Selling And Marketing Expense": 67775000.0,
        "General And Administrative Expense": 18199000.0,
        "Other Gand A": 18199000.0,
        "Gross Profit": 94585000.0,
        "Cost Of Revenue": 253723000.0,
        "Total Revenue": 348308000.0,
        "Operating Revenue": 348308000.0
    }
}