{
    "2023-03-31": {
        "Tax Effect Of Unusual Items": 0.0,
        "Tax Rate For Calcs": 0.232,
        "Normalized EBITDA": 159418000.0,
        "Net Income From Continuing Operation Net Minority Interest": 81549000.0,
        "Reconciled Depreciation": 48637000.0,
        "Reconciled Cost Of Revenue": 307345000.0,
        "EBITDA": 159418000.0,
        "EBIT": 110781000.0,
        "Net Interest Income": -2275000.0,
        "Interest Expense": 4666000.0,
        "Interest Income": 2391000.0,
        "Normalized Income": 81549000.0,
        "Net Income From Continuing And Discontinued Operation": 81549000.0,
        "Total Expenses": 400162000.0,
        "Total Operating Income As Reported": 108390000.0,
        "Diluted Average Shares": 73074000.0,
        "Basic Average Shares": 72935000.0,
        "Diluted EPS": 1.12,
        "Basic EPS": 1.12,
        "Diluted NI Availto Com Stockholders": 81549000.0,
        "Net Income Common Stockholders": 81549000.0,
        "Net Income": 81549000.0,
        "Net Income Including Noncontrolling Interests": 81549000.0,
        "Net Income Continuous Operations": 81549000.0,
        "Tax Provision": 24566000.0,
        "Pretax Income": 106115000.0,
        "Net Non Operating Interest Income Expense": -2275000.0,
        "Interest Expense Non Operating": 4666000.0,
        "Interest Income Non Operating": 2391000.0,
        "Operating Income": 108390000.0,
        "Operating Expense": 92817000.0,
        "Research And Development": 34625000.0,
        "Selling General And Administration": 58192000.0,
        "Gross Profit": 201207000.0,
        "Cost Of Revenue": 307345000.0,
        "Total Revenue": 508552000.0,
        "Operating Revenue": 508552000.0
    },
    "2022-12-31": {
        "Tax Effect Of Unusual Items": 0.0,
        "Tax Rate For Calcs": 0.232,
        "Normalized EBITDA": 156718000.0,
        "Net Income From Continuing Operation Net Minority Interest": 80775000.0,
        "Reconciled Depreciation": 48102000.0,
        "Reconciled Cost Of Revenue": 304589000.0,
        "EBITDA": 156718000.0,
        "EBIT": 108616000.0,
        "Net Interest Income": -2166000.0,
        "Interest Expense": 3406000.0,
        "Interest Income": 1240000.0,
        "Normalized Income": 80775000.0,
        "Net Income From Continuing And Discontinued Operation": 80775000.0,
        "Total Expenses": 397938000.0,
        "Total Operating Income As Reported": 107376000.0,
        "Diluted Average Shares": 73144000.0,
        "Basic Average Shares": 72984105.0,
        "Diluted EPS": 1.1,
        "Basic EPS": 1.106748,
        "Diluted NI Availto Com Stockholders": 80775000.0,
        "Net Income Common Stockholders": 80775000.0,
        "Net Income": 80775000.0,
        "Net Income Including Noncontrolling Interests": 80775000.0,
        "Net Income Continuous Operations": 80775000.0,
        "Tax Provision": 24435000.0,
        "Pretax Income": 105210000.0,
        "Net Non Operating Interest Income Expense": -2166000.0,
        "Interest Expense Non Operating": 3406000.0,
        "Interest Income Non Operating": 1240000.0,
        "Operating Income": 107376000.0,
        "Operating Expense": 93349000.0,
        "Research And Development": 36561000.0,
        "Selling General And Administration": 56788000.0,
        "Gross Profit": 200725000.0,
        "Cost Of Revenue": 304589000.0,
        "Total Revenue": 505314000.0,
        "Operating Revenue": 505314000.0
    },
    "2022-09-30": {
        "Tax Effect Of Unusual Items": 0.0,
        "Tax Rate For Calcs": 0.235,
        "Normalized EBITDA": 186485000.0,
        "Net Income From Continuing Operation Net Minority Interest": 106549000.0,
        "Reconciled Depreciation": 45610000.0,
        "Reconciled Cost Of Revenue": 298261000.0,
        "EBITDA": 186485000.0,
        "EBIT": 140875000.0,
        "Net Interest Income": -152000.0,
        "Interest Expense": 1576000.0,
        "Interest Income": 1424000.0,
        "Normalized Income": 106549000.0,
        "Net Income From Continuing And Discontinued Operation": 106549000.0,
        "Total Expenses": 388479000.0,
        "Total Operating Income As Reported": 140723000.0,
        "Diluted Average Shares": 73138000.0,
        "Basic Average Shares": 72910225.0,
        "Diluted EPS": 1.46,
        "Basic EPS": 1.461373,
        "Diluted NI Availto Com Stockholders": 106549000.0,
        "Net Income Common Stockholders": 106549000.0,
        "Net Income": 106549000.0,
        "Net Income Including Noncontrolling Interests": 106549000.0,
        "Net Income Continuous Operations": 106549000.0,
        "Tax Provision": 32750000.0,
        "Pretax Income": 139299000.0,
        "Net Non Operating Interest Income Expense": -152000.0,
        "Interest Expense Non Operating": 1576000.0,
        "Interest Income Non Operating": 1424000.0,
        "Operating Income": 140723000.0,
        "Operating Expense": 90218000.0,
        "Research And Development": 32993000.0,
        "Selling General And Administration": 57225000.0,
        "Gross Profit": 230941000.0,
        "Cost Of Revenue": 298261000.0,
        "Total Revenue": 529202000.0,
        "Operating Revenue": 529202000.0
    },
    "2022-06-30": {
        "Tax Effect Of Unusual Items": 0.0,
        "Tax Rate For Calcs": 0.218,
        "Normalized EBITDA": 103789000.0,
        "Net Income From Continuing Operation Net Minority Interest": 80426000.0,
        "Reconciled Depreciation": 44722000.0,
        "Reconciled Cost Of Revenue": 286815000.0,
        "EBITDA": 103789000.0,
        "EBIT": 103789000.0,
        "Net Interest Income": -980000.0,
        "Interest Expense": 997000.0,
        "Interest Income": 17000.0,
        "Normalized Income": 80426000.0,
        "Net Income From Continuing And Discontinued Operation": 80426000.0,
        "Total Expenses": 378900000.0,
        "Total Operating Income As Reported": 103772000.0,
        "Diluted Average Shares": 73086000.0,
        "Basic Average Shares": 72878821.0,
        "Diluted EPS": 1.1,
        "Basic EPS": 1.103558,
        "Diluted NI Availto Com Stockholders": 80426000.0,
        "Net Income Common Stockholders": 80426000.0,
        "Net Income": 80426000.0,
        "Net Income Including Noncontrolling Interests": 80426000.0,
        "Net Income Continuous Operations": 80426000.0,
        "Tax Provision": 22366000.0,
        "Pretax Income": 102792000.0,
        "Net Non Operating Interest Income Expense": -980000.0,
        "Interest Expense Non Operating": 997000.0,
        "Interest Income Non Operating": 17000.0,
        "Operating Income": 103772000.0,
        "Operating Expense": 92085000.0,
        "Research And Development": 33961000.0,
        "Selling General And Administration": 58124000.0,
        "Gross Profit": 195857000.0,
        "Cost Of Revenue": 286815000.0,
        "Total Revenue": 482672000.0,
        "Operating Revenue": 482672000.0
    },
    "2022-03-31": {
        "Diluted EPS": 1.16,
        "Total Revenue": 478,
        "Gross Profit": 196,
        "Operating Income": 112,
        "EBIT": 156,
        "Net Income": 85
    },
    "2021-12-31": {
        "Diluted EPS": 1.3,
        "Total Revenue": 494,
        "Gross Profit": 211,
        "Operating Income": 126,
        "EBIT": 170,
        "Net Income": 96
    },
    "2021-09-30": {
        "Diluted EPS": 1.38,
        "Total Revenue": 488,
        "Gross Profit": 211,
        "Operating Income": 134,
        "EBIT": 178,
        "Net Income": 102
    },
    "2021-06-30": {
        "Diluted EPS": 1.04,
        "Total Revenue": 450,
        "Gross Profit": 175,
        "Operating Income": 96,
        "EBIT": 140,
        "Net Income": 77
    },
    "2021-03-31": {
        "Diluted EPS": 0.95,
        "Total Revenue": 434,
        "Gross Profit": 166,
        "Operating Income": 91,
        "EBIT": 135,
        "Net Income": 71
    },
    "2020-12-31": {
        "Diluted EPS": 0.94,
        "Total Revenue": 422,
        "Gross Profit": 165,
        "Operating Income": 94,
        "EBIT": 138,
        "Net Income": 72
    },
    "2020-09-30": {
        "Diluted EPS": 1.19,
        "Total Revenue": 452,
        "Gross Profit": 189,
        "Operating Income": 118,
        "EBIT": 161,
        "Net Income": 91
    },
    "2020-06-30": {
        "Diluted EPS": 0.8,
        "Total Revenue": 411,
        "Gross Profit": 156,
        "Operating Income": 77,
        "EBIT": 121,
        "Net Income": 61
    },
    "2020-03-31": {
        "Diluted EPS": 0.96,
        "Total Revenue": 429,
        "Gross Profit": 171,
        "Operating Income": 92,
        "EBIT": 136,
        "Net Income": 74
    },
    "2019-12-31": {
        "Diluted EPS": 0.94,
        "Total Revenue": 419,
        "Gross Profit": 170,
        "Operating Income": 94,
        "EBIT": 136,
        "Net Income": 72
    },
    "2019-09-30": {
        "Diluted EPS": 1.16,
        "Total Revenue": 438,
        "Gross Profit": 192,
        "Operating Income": 118,
        "EBIT": 160,
        "Net Income": 89
    },
    "2019-06-30": {
        "Diluted EPS": 1.13,
        "Total Revenue": 538,
        "Gross Profit": 212,
        "Operating Income": 113,
        "EBIT": 165,
        "Net Income": 86
    },
    "2019-03-31": {
        "Diluted EPS": 0.77,
        "Total Revenue": 380,
        "Gross Profit": 145,
        "Operating Income": 76,
        "EBIT": 117,
        "Net Income": 59
    },
    "2018-12-31": {
        "Diluted EPS": 0.88,
        "Total Revenue": 386,
        "Gross Profit": 159,
        "Operating Income": 88,
        "EBIT": 128,
        "Net Income": 68
    },
    "2018-09-30": {
        "Diluted EPS": 1.08,
        "Total Revenue": 393,
        "Gross Profit": 172,
        "Operating Income": 103,
        "EBIT": 142,
        "Net Income": 84
    },
    "2018-06-30": {
        "Diluted EPS": 0.87,
        "Total Revenue": 378,
        "Gross Profit": 155,
        "Operating Income": 85,
        "EBIT": 125,
        "Net Income": 68
    },
    "2018-03-31": {
        "Diluted EPS": 0.89,
        "Total Revenue": 374,
        "Gross Profit": 156,
        "Operating Income": 91,
        "EBIT": 130,
        "Net Income": 69
    },
    "2017-12-31": {
        "Diluted EPS": 2.08,
        "Total Revenue": 357,
        "Gross Profit": 150,
        "Operating Income": 85,
        "EBIT": 122,
        "Net Income": 161
    },
    "2017-09-30": {
        "Diluted EPS": 0.86,
        "Total Revenue": 361,
        "Gross Profit": 157,
        "Operating Income": 97,
        "EBIT": 133,
        "Net Income": 67
    },
    "2017-06-30": {
        "Diluted EPS": 0.62,
        "Total Revenue": 341,
        "Gross Profit": 135,
        "Operating Income": 73,
        "EBIT": 108,
        "Net Income": 48
    },
    "2017-03-31": {
        "Diluted EPS": 0.77,
        "Total Revenue": 354,
        "Gross Profit": 147,
        "Operating Income": 89,
        "EBIT": 124,
        "Net Income": 60
    },
    "2016-12-31": {
        "Diluted EPS": 0.75,
        "Total Revenue": 349,
        "Gross Profit": 150,
        "Operating Income": 89,
        "EBIT": 124,
        "Net Income": 59
    },
    "2016-09-30": {
        "Diluted EPS": 0.79,
        "Total Revenue": 345,
        "Gross Profit": 150,
        "Operating Income": 91,
        "EBIT": 126,
        "Net Income": 62
    },
    "2016-06-30": {
        "Diluted EPS": 1.06,
        "Total Revenue": 367,
        "Gross Profit": 162,
        "Operating Income": 117,
        "EBIT": 151,
        "Net Income": 84
    },
    "2016-03-31": {
        "Diluted EPS": 0.68,
        "Total Revenue": 333,
        "Gross Profit": 139,
        "Operating Income": 80,
        "EBIT": 112,
        "Net Income": 54
    },
    "2015-12-31": {
        "Diluted EPS": 0.74,
        "Total Revenue": 333,
        "Gross Profit": 142,
        "Operating Income": 85,
        "EBIT": 117,
        "Net Income": 59
    },
    "2015-09-30": {
        "Diluted EPS": 0.64,
        "Total Revenue": 322,
        "Gross Profit": 138,
        "Operating Income": 81,
        "EBIT": 112,
        "Net Income": 51
    },
    "2015-06-30": {
        "Diluted EPS": 0.74,
        "Total Revenue": 334,
        "Gross Profit": 146,
        "Operating Income": 89,
        "EBIT": 119,
        "Net Income": 61
    },
    "2015-03-31": {
        "Diluted EPS": 0.63,
        "Total Revenue": 310,
        "Gross Profit": 132,
        "Operating Income": 77,
        "EBIT": 107,
        "Net Income": 51
    },
    "2014-12-31": {
        "Diluted EPS": 0.66,
        "Total Revenue": 311,
        "Gross Profit": 131,
        "Operating Income": 80,
        "EBIT": 110,
        "Net Income": 54
    },
    "2014-09-30": {
        "Diluted EPS": 0.56,
        "Total Revenue": 301,
        "Gross Profit": 127,
        "Operating Income": 72,
        "EBIT": 101,
        "Net Income": 46
    },
    "2014-06-30": {
        "Diluted EPS": 0.63,
        "Total Revenue": 315,
        "Gross Profit": 136,
        "Operating Income": 83,
        "EBIT": 111,
        "Net Income": 53
    },
    "2014-03-31": {
        "Diluted EPS": 0.5,
        "Total Revenue": 291,
        "Gross Profit": 117,
        "Operating Income": 65,
        "EBIT": 92,
        "Net Income": 43
    },
    "2013-12-31": {
        "Diluted EPS": 0.56,
        "Total Revenue": 289,
        "Gross Profit": 123,
        "Operating Income": 74,
        "EBIT": 101,
        "Net Income": 48
    },
    "2013-09-30": {
        "Diluted EPS": 0.5,
        "Total Revenue": 278,
        "Gross Profit": 117,
        "Operating Income": 67,
        "EBIT": 92,
        "Net Income": 43
    },
    "2013-06-30": {
        "Diluted EPS": 0.45,
        "Total Revenue": 276,
        "Gross Profit": 109,
        "Operating Income": 58,
        "EBIT": 84,
        "Net Income": 39
    },
    "2013-03-31": {
        "Diluted EPS": 0.53,
        "Total Revenue": 282,
        "Gross Profit": 115,
        "Operating Income": 66,
        "EBIT": 92,
        "Net Income": 46
    },
    "2012-12-31": {
        "Diluted EPS": 0.47,
        "Total Revenue": 279,
        "Gross Profit": 122,
        "Operating Income": 59,
        "EBIT": 84,
        "Net Income": 41
    },
    "2012-09-30": {
        "Diluted EPS": 0.49,
        "Total Revenue": 271,
        "Gross Profit": 116,
        "Operating Income": 68,
        "EBIT": 92,
        "Net Income": 42
    },
    "2012-06-30": {
        "Diluted EPS": 0.46,
        "Total Revenue": 257,
        "Gross Profit": 104,
        "Operating Income": 57,
        "EBIT": 81,
        "Net Income": 40
    },
    "2012-03-31": {
        "Diluted EPS": 0.42,
        "Total Revenue": 256,
        "Gross Profit": 103,
        "Operating Income": 56,
        "EBIT": 80,
        "Net Income": 37
    },
    "2011-12-31": {
        "Diluted EPS": 0.44,
        "Total Revenue": 256,
        "Gross Profit": 107,
        "Operating Income": 61,
        "EBIT": 85,
        "Net Income": 39
    },
    "2011-09-30": {
        "Diluted EPS": 0.42,
        "Total Revenue": 248,
        "Gross Profit": 104,
        "Operating Income": 58,
        "EBIT": 81,
        "Net Income": 36
    },
    "2011-06-30": {
        "Diluted EPS": 0.42,
        "Total Revenue": 249,
        "Gross Profit": 104,
        "Operating Income": 58,
        "EBIT": 81,
        "Net Income": 37
    },
    "2011-03-31": {
        "Diluted EPS": 0.38,
        "Total Revenue": 240,
        "Gross Profit": 95,
        "Operating Income": 51,
        "EBIT": 73,
        "Net Income": 33
    },
    "2010-12-31": {
        "Diluted EPS": 0.42,
        "Total Revenue": 243,
        "Gross Profit": 103,
        "Operating Income": 55,
        "EBIT": 78,
        "Net Income": 36
    },
    "2010-09-30": {
        "Diluted EPS": 0.37,
        "Total Revenue": 235,
        "Gross Profit": 97,
        "Operating Income": 53,
        "EBIT": 75,
        "Net Income": 32
    },
    "2010-06-30": {
        "Diluted EPS": 0.35,
        "Total Revenue": 228,
        "Gross Profit": 95,
        "Operating Income": 49,
        "EBIT": 69,
        "Net Income": 30
    },
    "2010-03-31": {
        "Diluted EPS": 0.37,
        "Total Revenue": 216,
        "Gross Profit": 87,
        "Operating Income": 44,
        "EBIT": 62,
        "Net Income": 32
    },
    "2009-12-31": {
        "Diluted EPS": 0.35,
        "Total Revenue": 211,
        "Gross Profit": 89,
        "Operating Income": 47,
        "EBIT": 65,
        "Net Income": 30
    },
    "2009-09-30": {
        "Diluted EPS": 0.31,
        "Total Revenue": 182,
        "Gross Profit": 74,
        "Operating Income": 42,
        "EBIT": 58,
        "Net Income": 26
    },
    "2009-06-30": {
        "Diluted EPS": 0.33,
        "Total Revenue": 192,
        "Gross Profit": 79,
        "Operating Income": 44,
        "EBIT": 59,
        "Net Income": 28
    },
    "2009-03-31": {
        "Diluted EPS": 0.3,
        "Total Revenue": 180,
        "Gross Profit": 70,
        "Operating Income": 37,
        "EBIT": 53,
        "Net Income": 25
    },
    "2023-06-30": {
        "Tax Effect Of Unusual Items": 0.0,
        "Tax Rate For Calcs": 0.21119,
        "Normalized EBITDA": 177751000.0,
        "Net Income From Continuing Operation Net Minority Interest": 97773000.0,
        "Reconciled Depreciation": 48377000.0,
        "Reconciled Cost Of Revenue": 308867000.0,
        "EBITDA": 177751000.0,
        "EBIT": 129374000.0,
        "Net Interest Income": -248000.0,
        "Interest Expense": 5424000.0,
        "Interest Income": 5176000.0,
        "Normalized Income": 97773000.0,
        "Net Income From Continuing And Discontinued Operation": 97773000.0,
        "Total Expenses": 410435000.0,
        "Total Operating Income As Reported": 124198000.0,
        "Diluted Average Shares": 73027000.0,
        "Basic Average Shares": 72894433.0,
        "Diluted EPS": 1.34,
        "Basic EPS": 1.341296,
        "Diluted NI Availto Com Stockholders": 97773000.0,
        "Net Income Common Stockholders": 97773000.0,
        "Net Income": 97773000.0,
        "Net Income Including Noncontrolling Interests": 97773000.0,
        "Net Income Continuous Operations": 97773000.0,
        "Tax Provision": 26177000.0,
        "Pretax Income": 123950000.0,
        "Net Non Operating Interest Income Expense": -248000.0,
        "Interest Expense Non Operating": 5424000.0,
        "Interest Income Non Operating": 5176000.0,
        "Operating Income": 124198000.0,
        "Operating Expense": 101568000.0,
        "Research And Development": 38499000.0,
        "Selling General And Administration": 63069000.0,
        "Gross Profit": 225766000.0,
        "Cost Of Revenue": 308867000.0,
        "Total Revenue": 534633000.0,
        "Operating Revenue": 534633000.0
    },
    "2023-09-30": {
        "Tax Effect Of Unusual Items": 0.0,
        "Tax Rate For Calcs": 0.236919,
        "Normalized EBITDA": 186680000.0,
        "Net Income From Continuing Operation Net Minority Interest": 101679000.0,
        "Reconciled Depreciation": 49235000.0,
        "Reconciled Cost Of Revenue": 323002000.0,
        "EBITDA": 186680000.0,
        "EBIT": 137445000.0,
        "Net Interest Income": 548000.0,
        "Interest Expense": 4197000.0,
        "Interest Income": 4745000.0,
        "Normalized Income": 101679000.0,
        "Net Income From Continuing And Discontinued Operation": 101679000.0,
        "Total Expenses": 438668000.0,
        "Total Operating Income As Reported": 132700000.0,
        "Diluted Average Shares": 73014000.0,
        "Basic Average Shares": 72821430.0,
        "Diluted EPS": 1.39,
        "Basic EPS": 1.396279,
        "Diluted NI Availto Com Stockholders": 101679000.0,
        "Net Income Common Stockholders": 101679000.0,
        "Net Income": 101679000.0,
        "Net Income Including Noncontrolling Interests": 101679000.0,
        "Net Income Continuous Operations": 101679000.0,
        "Tax Provision": 31569000.0,
        "Pretax Income": 133248000.0,
        "Net Non Operating Interest Income Expense": 548000.0,
        "Interest Expense Non Operating": 4197000.0,
        "Interest Income Non Operating": 4745000.0,
        "Operating Income": 132700000.0,
        "Operating Expense": 115666000.0,
        "Research And Development": 36892000.0,
        "Selling General And Administration": 78774000.0,
        "Gross Profit": 248366000.0,
        "Cost Of Revenue": 323002000.0,
        "Total Revenue": 571368000.0,
        "Operating Revenue": 571368000.0
    },
    "2023-12-31": {
        "Tax Effect Of Unusual Items": 0.0,
        "Tax Rate For Calcs": 0.235,
        "Normalized EBITDA": 173984000.0,
        "Net Income From Continuing Operation Net Minority Interest": 91965000.0,
        "Reconciled Depreciation": 49896000.0,
        "Reconciled Cost Of Revenue": 320979000.0,
        "EBITDA": 173984000.0,
        "EBIT": 124088000.0,
        "Net Interest Income": 1256000.0,
        "Interest Expense": 3865000.0,
        "Interest Income": 5121000.0,
        "Normalized Income": 91965000.0,
        "Net Income From Continuing And Discontinued Operation": 91965000.0,
        "Total Expenses": 426734000.0,
        "Total Operating Income As Reported": 118967000.0,
        "Diluted Average Shares": 72984000.0,
        "Basic Average Shares": 72857941.0,
        "Diluted EPS": 1.26,
        "Basic EPS": 1.262251,
        "Diluted NI Availto Com Stockholders": 91965000.0,
        "Net Income Common Stockholders": 91965000.0,
        "Net Income": 91965000.0,
        "Net Income Including Noncontrolling Interests": 91965000.0,
        "Net Income Continuous Operations": 91965000.0,
        "Tax Provision": 28258000.0,
        "Pretax Income": 120223000.0,
        "Net Non Operating Interest Income Expense": 1256000.0,
        "Interest Expense Non Operating": 3865000.0,
        "Interest Income Non Operating": 5121000.0,
        "Operating Income": 118967000.0,
        "Operating Expense": 105755000.0,
        "Research And Development": 35478000.0,
        "Selling General And Administration": 70277000.0,
        "Gross Profit": 224722000.0,
        "Cost Of Revenue": 320979000.0,
        "Total Revenue": 545701000.0,
        "Operating Revenue": 545701000.0
    },
    "2024-03-31": {
        "Tax Effect Of Unusual Items": 0.0,
        "Tax Rate For Calcs": 0.237,
        "Normalized EBITDA": 168680000.0,
        "Net Income From Continuing Operation Net Minority Interest": 87099000.0,
        "Reconciled Depreciation": 50082000.0,
        "Reconciled Cost Of Revenue": 328224000.0,
        "EBITDA": 168680000.0,
        "EBIT": 118598000.0,
        "Net Interest Income": 2066000.0,
        "Interest Expense": 4433000.0,
        "Interest Income": 6499000.0,
        "Normalized Income": 87099000.0,
        "Net Income From Continuing And Discontinued Operation": 87099000.0,
        "Total Expenses": 426463000.0,
        "Total Operating Income As Reported": 112099000.0,
        "Diluted Average Shares": 73031000.0,
        "Basic Average Shares": 72899613.0,
        "Diluted EPS": 1.19,
        "Basic EPS": 1.19478,
        "Diluted NI Availto Com Stockholders": 87099000.0,
        "Net Income Common Stockholders": 87099000.0,
        "Net Income": 87099000.0,
        "Net Income Including Noncontrolling Interests": 87099000.0,
        "Net Income Continuous Operations": 87099000.0,
        "Tax Provision": 27066000.0,
        "Pretax Income": 114165000.0,
        "Net Non Operating Interest Income Expense": 2066000.0,
        "Interest Expense Non Operating": 4433000.0,
        "Interest Income Non Operating": 6499000.0,
        "Operating Income": 112099000.0,
        "Operating Expense": 98239000.0,
        "Research And Development": 35993000.0,
        "Selling General And Administration": 62246000.0,
        "Gross Profit": 210338000.0,
        "Cost Of Revenue": 328224000.0,
        "Total Revenue": 538562000.0,
        "Operating Revenue": 538562000.0
    },
    "2024-06-30": {
        "Tax Effect Of Unusual Items": 0.0,
        "Tax Rate For Calcs": 0.224805,
        "Normalized EBITDA": 184964000.0,
        "Net Income From Continuing Operation Net Minority Interest": 101073000.0,
        "Reconciled Depreciation": 50691000.0,
        "Reconciled Cost Of Revenue": 327272000.0,
        "EBITDA": 184964000.0,
        "EBIT": 134273000.0,
        "Net Interest Income": 4758000.0,
        "Interest Expense": 3889000.0,
        "Interest Income": 8647000.0,
        "Normalized Income": 101073000.0,
        "Net Income From Continuing And Discontinued Operation": 101073000.0,
        "Total Expenses": 434286000.0,
        "Total Operating Income As Reported": 125626000.0,
        "Diluted Average Shares": 73069000.0,
        "Basic Average Shares": 72872130.0,
        "Diluted EPS": 1.38,
        "Basic EPS": 1.386991,
        "Diluted NI Availto Com Stockholders": 101073000.0,
        "Net Income Common Stockholders": 101073000.0,
        "Net Income": 101073000.0,
        "Net Income Including Noncontrolling Interests": 101073000.0,
        "Net Income Continuous Operations": 101073000.0,
        "Tax Provision": 29311000.0,
        "Pretax Income": 130384000.0,
        "Net Non Operating Interest Income Expense": 4758000.0,
        "Interest Expense Non Operating": 3889000.0,
        "Interest Income Non Operating": 8647000.0,
        "Operating Income": 125626000.0,
        "Operating Expense": 107014000.0,
        "Research And Development": 39893000.0,
        "Selling General And Administration": 67121000.0,
        "Gross Profit": 232640000.0,
        "Cost Of Revenue": 327272000.0,
        "Total Revenue": 559912000.0,
        "Operating Revenue": 559912000.0
    },
    "2024-09-30": {
        "Tax Effect Of Unusual Items": 0.0,
        "Tax Rate For Calcs": 0.239844,
        "Normalized EBITDA": 210117000.0,
        "Net Income From Continuing Operation Net Minority Interest": 119191000.0,
        "Reconciled Depreciation": 50494000.0,
        "Reconciled Cost Of Revenue": 343432000.0,
        "EBITDA": 210117000.0,
        "EBIT": 159623000.0,
        "Net Interest Income": 5522000.0,
        "Interest Expense": 2825000.0,
        "Interest Income": 8347000.0,
        "Normalized Income": 119191000.0,
        "Net Income From Continuing And Discontinued Operation": 119191000.0,
        "Total Expenses": 449706000.0,
        "Total Operating Income As Reported": 151276000.0,
        "Diluted Average Shares": 73078000.0,
        "Basic Average Shares": 72959064.0,
        "Diluted EPS": 1.63,
        "Basic EPS": 1.63367,
        "Diluted NI Availto Com Stockholders": 119191000.0,
        "Net Income Common Stockholders": 119191000.0,
        "Net Income": 119191000.0,
        "Net Income Including Noncontrolling Interests": 119191000.0,
        "Net Income Continuous Operations": 119191000.0,
        "Tax Provision": 37607000.0,
        "Pretax Income": 156798000.0,
        "Net Non Operating Interest Income Expense": 5522000.0,
        "Interest Expense Non Operating": 2825000.0,
        "Interest Income Non Operating": 8347000.0,
        "Operating Income": 151276000.0,
        "Operating Expense": 106274000.0,
        "Research And Development": 39686000.0,
        "Selling General And Administration": 66588000.0,
        "Gross Profit": 257550000.0,
        "Cost Of Revenue": 343432000.0,
        "Total Revenue": 600982000.0,
        "Operating Revenue": 600982000.0
    }
}