{
    "2023-03-31": {
        "Tax Effect Of Unusual Items": 21692498.014791,
        "Tax Rate For Calcs": 0.206046,
        "Normalized EBITDA": 1478918000.0,
        "Total Unusual Items": 105280000.0,
        "Total Unusual Items Excluding Goodwill": 105280000.0,
        "Net Income From Continuing Operation Net Minority Interest": 788650000.0,
        "Reconciled Cost Of Revenue": 19288045000.0,
        "EBITDA": 1584198000.0,
        "EBIT": 1584198000.0,
        "Net Interest Income": -55392000.0,
        "Interest Expense": 55392000.0,
        "Normalized Income": 705062498.014791,
        "Net Income From Continuing And Discontinued Operation": 788650000.0,
        "Total Expenses": 21853268000.0,
        "Total Operating Income As Reported": 1211752000.0,
        "Diluted NI Availto Com Stockholders": 788650000.0,
        "Net Income Common Stockholders": 788650000.0,
        "Net Income": 788650000.0,
        "Minority Interests": -605107000.0,
        "Net Income Including Noncontrolling Interests": 1393757000.0,
        "Net Income Continuous Operations": 1393757000.0,
        "Earnings From Equity Interest Net Of Tax": 179955000.0,
        "Tax Provision": 315004000.0,
        "Pretax Income": 1528806000.0,
        "Other Income Expense": 108404000.0,
        "Other Non Operating Income Expenses": 3124000.0,
        "Special Income Charges": 0.0,
        "Impairment Of Capital Assets": 0.0,
        "Gain On Sale Of Security": 105280000.0,
        "Net Non Operating Interest Income Expense": -55392000.0,
        "Interest Expense Non Operating": 55392000.0,
        "Operating Income": 1475794000.0,
        "Operating Expense": 2565223000.0,
        "Other Operating Expenses": -264042000.0,
        "Research And Development": 188556000.0,
        "Selling General And Administration": 2640709000.0,
        "Selling And Marketing Expense": 1556301000.0,
        "General And Administrative Expense": 1084408000.0,
        "Other Gand A": 1084408000.0,
        "Gross Profit": 4041017000.0,
        "Cost Of Revenue": 19288045000.0,
        "Total Revenue": 23329062000.0,
        "Operating Revenue": 23329062000.0
    },
    "2022-12-31": {
        "Tax Effect Of Unusual Items": 80000862.228274,
        "Tax Rate For Calcs": 0.23556,
        "Normalized EBITDA": 1487441000.0,
        "Total Unusual Items": 339620000.0,
        "Total Unusual Items Excluding Goodwill": 339620000.0,
        "Net Income From Continuing Operation Net Minority Interest": 665022000.0,
        "Reconciled Cost Of Revenue": 25793794000.0,
        "EBITDA": 1827061000.0,
        "EBIT": 1827061000.0,
        "Net Interest Income": -111716000.0,
        "Interest Expense": 700422000.0,
        "Normalized Income": 405402862.228274,
        "Net Income From Continuing And Discontinued Operation": 665022000.0,
        "Total Expenses": 29079115000.0,
        "Total Operating Income As Reported": 614418000.0,
        "Diluted NI Availto Com Stockholders": 665022000.0,
        "Net Income Common Stockholders": 665022000.0,
        "Net Income": 665022000.0,
        "Minority Interests": -344701000.0,
        "Net Income Including Noncontrolling Interests": 1009723000.0,
        "Net Income Continuous Operations": 1009723000.0,
        "Earnings From Equity Interest Net Of Tax": 148475000.0,
        "Tax Provision": 265391000.0,
        "Pretax Income": 1126639000.0,
        "Other Income Expense": 315415000.0,
        "Other Non Operating Income Expenses": -24205000.0,
        "Special Income Charges": -200241000.0,
        "Impairment Of Capital Assets": 214473000.0,
        "Gain On Sale Of Security": 539861000.0,
        "Net Non Operating Interest Income Expense": -111716000.0,
        "Interest Expense Non Operating": 700422000.0,
        "Operating Income": 922940000.0,
        "Operating Expense": 3285321000.0,
        "Other Operating Expenses": -94049000.0,
        "Research And Development": 228399000.0,
        "Selling General And Administration": 3150971000.0,
        "Selling And Marketing Expense": 2254369000.0,
        "General And Administrative Expense": 896602000.0,
        "Other Gand A": 896602000.0,
        "Gross Profit": 4208261000.0,
        "Cost Of Revenue": 25793794000.0,
        "Total Revenue": 30002055000.0,
        "Operating Revenue": 30002055000.0
    },
    "2022-09-30": {
        "Tax Effect Of Unusual Items": 85384194.956812,
        "Tax Rate For Calcs": 0.165777,
        "Normalized EBITDA": 523199000.0,
        "Total Unusual Items": 515054000.0,
        "Total Unusual Items Excluding Goodwill": 515054000.0,
        "Net Income From Continuing Operation Net Minority Interest": 549822000.0,
        "Reconciled Cost Of Revenue": 16447649000.0,
        "EBITDA": 1038253000.0,
        "EBIT": 1038253000.0,
        "Net Interest Income": -128749000.0,
        "Interest Expense": 128749000.0,
        "Normalized Income": 120152194.956812,
        "Net Income From Continuing And Discontinued Operation": 549822000.0,
        "Total Expenses": 19228190000.0,
        "Total Operating Income As Reported": 63128000.0,
        "Diluted Average Shares": 54759711.0,
        "Basic Average Shares": 50123508.0,
        "Diluted EPS": 6.4,
        "Basic EPS": 10.96,
        "Diluted NI Availto Com Stockholders": 549822000.0,
        "Net Income Common Stockholders": 549822000.0,
        "Net Income": 549822000.0,
        "Minority Interests": -247811000.0,
        "Net Income Including Noncontrolling Interests": 797633000.0,
        "Net Income Continuous Operations": 797633000.0,
        "Earnings From Equity Interest Net Of Tax": 38904000.0,
        "Tax Provision": 150775000.0,
        "Pretax Income": 909504000.0,
        "Other Income Expense": 747127000.0,
        "Other Non Operating Income Expenses": 232073000.0,
        "Special Income Charges": -2662000.0,
        "Impairment Of Capital Assets": 2662000.0,
        "Gain On Sale Of Security": 517716000.0,
        "Net Non Operating Interest Income Expense": -128749000.0,
        "Interest Expense Non Operating": 128749000.0,
        "Operating Income": 291126000.0,
        "Operating Expense": 2780541000.0,
        "Other Operating Expenses": -225336000.0,
        "Research And Development": 201690000.0,
        "Selling General And Administration": 2804187000.0,
        "Selling And Marketing Expense": 1980508000.0,
        "General And Administrative Expense": 823679000.0,
        "Other Gand A": 823679000.0,
        "Gross Profit": 3071667000.0,
        "Cost Of Revenue": 16447649000.0,
        "Total Revenue": 19519316000.0,
        "Operating Revenue": 19519316000.0
    },
    "2022-06-30": {
        "Tax Effect Of Unusual Items": 25979200.0,
        "Tax Rate For Calcs": 0.4,
        "Normalized EBITDA": -205185000.0,
        "Total Unusual Items": 64948000.0,
        "Total Unusual Items Excluding Goodwill": 64948000.0,
        "Net Income From Continuing Operation Net Minority Interest": -623269000.0,
        "Reconciled Cost Of Revenue": 16069363000.0,
        "EBITDA": -140237000.0,
        "EBIT": -140237000.0,
        "Net Interest Income": -88041000.0,
        "Interest Expense": 88041000.0,
        "Normalized Income": -662237800.0,
        "Net Income From Continuing And Discontinued Operation": -623269000.0,
        "Total Expenses": 18508838000.0,
        "Total Operating Income As Reported": -289050000.0,
        "Diluted Average Shares": 49473575.0,
        "Basic Average Shares": 49473575.0,
        "Diluted EPS": -12.6,
        "Basic EPS": -12.6,
        "Diluted NI Availto Com Stockholders": -623269000.0,
        "Net Income Common Stockholders": -623269000.0,
        "Net Income": -623269000.0,
        "Minority Interests": -276785000.0,
        "Net Income Including Noncontrolling Interests": -346484000.0,
        "Net Income Continuous Operations": -346484000.0,
        "Earnings From Equity Interest Net Of Tax": -117000.0,
        "Tax Provision": 118089000.0,
        "Pretax Income": -228278000.0,
        "Other Income Expense": -472541000.0,
        "Other Non Operating Income Expenses": -537489000.0,
        "Special Income Charges": -156598000.0,
        "Impairment Of Capital Assets": 156598000.0,
        "Gain On Sale Of Security": 221546000.0,
        "Net Non Operating Interest Income Expense": -88041000.0,
        "Interest Expense Non Operating": 88041000.0,
        "Operating Income": 332304000.0,
        "Operating Expense": 2439475000.0,
        "Other Operating Expenses": -464756000.0,
        "Research And Development": 149703000.0,
        "Selling General And Administration": 2754528000.0,
        "Selling And Marketing Expense": 1622544000.0,
        "General And Administrative Expense": 1131984000.0,
        "Other Gand A": 1131984000.0,
        "Gross Profit": 2771779000.0,
        "Cost Of Revenue": 16069363000.0,
        "Total Revenue": 18841142000.0,
        "Operating Revenue": 18841142000.0
    },
    "2022-03-31": {
        "Diluted EPS": 0.1,
        "Total Revenue": NaN,
        "Gross Profit": 351,
        "Operating Income": 6,
        "EBIT": 6,
        "Net Income": 5
    },
    "2021-12-31": {
        "Diluted EPS": 1.68,
        "Total Revenue": NaN,
        "Gross Profit": 426,
        "Operating Income": 78,
        "EBIT": 78,
        "Net Income": 39
    },
    "2021-09-30": {
        "Diluted EPS": -0.08,
        "Total Revenue": NaN,
        "Gross Profit": 201,
        "Operating Income": 17,
        "EBIT": 17,
        "Net Income": 30
    },
    "2021-06-30": {
        "Diluted EPS": 0.21,
        "Total Revenue": NaN,
        "Gross Profit": 211,
        "Operating Income": 55,
        "EBIT": 55,
        "Net Income": 10
    },
    "2021-03-31": {
        "Diluted EPS": -0.55,
        "Total Revenue": NaN,
        "Gross Profit": 207,
        "Operating Income": 23,
        "EBIT": 23,
        "Net Income": 34
    },
    "2020-12-31": {
        "Diluted EPS": -1.39,
        "Total Revenue": NaN,
        "Gross Profit": 278,
        "Operating Income": 28,
        "EBIT": 89,
        "Net Income": -51
    },
    "2020-09-30": {
        "Diluted EPS": 0.91,
        "Total Revenue": NaN,
        "Gross Profit": 220,
        "Operating Income": 80,
        "EBIT": 80,
        "Net Income": 1
    },
    "2020-06-30": {
        "Diluted EPS": 0.93,
        "Total Revenue": NaN,
        "Gross Profit": 214,
        "Operating Income": 62,
        "EBIT": 62,
        "Net Income": 45
    },
    "2020-03-31": {
        "Diluted EPS": 0.38,
        "Total Revenue": NaN,
        "Gross Profit": 234,
        "Operating Income": 103,
        "EBIT": 103,
        "Net Income": 40
    },
    "2019-12-31": {
        "Diluted EPS": 1.8,
        "Total Revenue": NaN,
        "Gross Profit": 247,
        "Operating Income": 86,
        "EBIT": 86,
        "Net Income": 54
    },
    "2019-09-30": {
        "Diluted EPS": 0.65,
        "Total Revenue": NaN,
        "Gross Profit": 223,
        "Operating Income": 89,
        "EBIT": 89,
        "Net Income": 51
    },
    "2019-06-30": {
        "Diluted EPS": 0.18,
        "Total Revenue": NaN,
        "Gross Profit": 167,
        "Operating Income": 38,
        "EBIT": 38,
        "Net Income": 18
    },
    "2019-03-31": {
        "Diluted EPS": 0.15,
        "Total Revenue": 868,
        "Gross Profit": 144,
        "Operating Income": 35,
        "EBIT": 35,
        "Net Income": 6
    },
    "2018-12-31": {
        "Diluted EPS": 0.4,
        "Total Revenue": NaN,
        "Gross Profit": 151,
        "Operating Income": 32,
        "EBIT": 32,
        "Net Income": 16
    },
    "2018-09-30": {
        "Diluted EPS": 0.72,
        "Total Revenue": 975,
        "Gross Profit": 145,
        "Operating Income": 27,
        "EBIT": 27,
        "Net Income": 28
    },
    "2018-06-30": {
        "Diluted EPS": 0.38,
        "Total Revenue": 916,
        "Gross Profit": 110,
        "Operating Income": 14,
        "EBIT": 14,
        "Net Income": 15
    },
    "2018-03-31": {
        "Diluted EPS": 0.02,
        "Total Revenue": 728,
        "Gross Profit": 105,
        "Operating Income": 20,
        "EBIT": 20,
        "Net Income": 1
    },
    "2017-12-31": {
        "Diluted EPS": 0.15,
        "Total Revenue": NaN,
        "Gross Profit": 126,
        "Operating Income": 15,
        "EBIT": 15,
        "Net Income": 4
    },
    "2017-09-30": {
        "Diluted EPS": 0.04,
        "Total Revenue": 965,
        "Gross Profit": 116,
        "Operating Income": 14,
        "EBIT": 14,
        "Net Income": 2
    },
    "2017-06-30": {
        "Diluted EPS": 0.22,
        "Total Revenue": NaN,
        "Gross Profit": 123,
        "Operating Income": 13,
        "EBIT": 13,
        "Net Income": 7
    },
    "2017-03-31": {
        "Diluted EPS": 0.28,
        "Total Revenue": 839,
        "Gross Profit": 94,
        "Operating Income": 8,
        "EBIT": 8,
        "Net Income": 9
    },
    "2016-12-31": {
        "Diluted EPS": 4.42,
        "Total Revenue": 483,
        "Gross Profit": 5,
        "Operating Income": -52,
        "EBIT": -52,
        "Net Income": 137
    },
    "2016-09-30": {
        "Diluted EPS": 0.92,
        "Total Revenue": 855,
        "Gross Profit": 189,
        "Operating Income": 90,
        "EBIT": 90,
        "Net Income": 35
    },
    "2016-06-30": {
        "Diluted EPS": 1.28,
        "Total Revenue": 896,
        "Gross Profit": 182,
        "Operating Income": 67,
        "EBIT": 67,
        "Net Income": 42
    },
    "2016-03-31": {
        "Diluted EPS": 1.44,
        "Total Revenue": 848,
        "Gross Profit": 181,
        "Operating Income": 89,
        "EBIT": 89,
        "Net Income": 49
    },
    "2015-12-31": {
        "Diluted EPS": 2.2,
        "Total Revenue": 884,
        "Gross Profit": 172,
        "Operating Income": 68,
        "EBIT": 68,
        "Net Income": 54
    },
    "2015-09-30": {
        "Diluted EPS": 0.48,
        "Total Revenue": 638,
        "Gross Profit": 136,
        "Operating Income": 60,
        "EBIT": 60,
        "Net Income": 31
    },
    "2015-06-30": {
        "Diluted EPS": 0.38,
        "Total Revenue": 516,
        "Gross Profit": 107,
        "Operating Income": 38,
        "EBIT": 38,
        "Net Income": 12
    },
    "2015-03-31": {
        "Diluted EPS": 0.26,
        "Total Revenue": 443,
        "Gross Profit": 90,
        "Operating Income": 37,
        "EBIT": 37,
        "Net Income": 8
    },
    "2014-12-31": {
        "Diluted EPS": 0.52,
        "Total Revenue": 479,
        "Gross Profit": 112,
        "Operating Income": 43,
        "EBIT": 43,
        "Net Income": 39
    },
    "2014-09-30": {
        "Diluted EPS": 1.32,
        "Total Revenue": 417,
        "Gross Profit": 86,
        "Operating Income": 39,
        "EBIT": 39,
        "Net Income": 46
    },
    "2014-06-30": {
        "Diluted EPS": 0.64,
        "Total Revenue": 392,
        "Gross Profit": 89,
        "Operating Income": 41,
        "EBIT": 41,
        "Net Income": 22
    },
    "2014-03-31": {
        "Diluted EPS": -0.2,
        "Total Revenue": 324,
        "Gross Profit": 78,
        "Operating Income": 33,
        "EBIT": 33,
        "Net Income": 2
    },
    "2013-12-31": {
        "Diluted EPS": 0.96,
        "Total Revenue": 361,
        "Gross Profit": 79,
        "Operating Income": 32,
        "EBIT": 48,
        "Net Income": 27
    },
    "2013-09-30": {
        "Diluted EPS": 0.72,
        "Total Revenue": 321,
        "Gross Profit": 72,
        "Operating Income": 40,
        "EBIT": 40,
        "Net Income": 17
    },
    "2013-06-30": {
        "Diluted EPS": 0.36,
        "Total Revenue": 288,
        "Gross Profit": 51,
        "Operating Income": 25,
        "EBIT": 25,
        "Net Income": 8
    },
    "2013-03-31": {
        "Diluted EPS": -0.92,
        "Total Revenue": 187,
        "Gross Profit": 24,
        "Operating Income": -3,
        "EBIT": -3,
        "Net Income": -21
    },
    "2012-12-31": {
        "Diluted EPS": -5.51,
        "Total Revenue": 187,
        "Gross Profit": 0,
        "Operating Income": -79,
        "EBIT": -79,
        "Net Income": -122
    },
    "2012-09-30": {
        "Diluted EPS": -0.39,
        "Total Revenue": 221,
        "Gross Profit": 22,
        "Operating Income": -8,
        "EBIT": -8,
        "Net Income": -9
    },
    "2012-06-30": {
        "Diluted EPS": -2.2,
        "Total Revenue": 195,
        "Gross Profit": 16,
        "Operating Income": -13,
        "EBIT": -13,
        "Net Income": -49
    },
    "2012-03-31": {
        "Diluted EPS": -2.55,
        "Total Revenue": 168,
        "Gross Profit": 1,
        "Operating Income": -49,
        "EBIT": -49,
        "Net Income": -57
    },
    "2011-12-31": {
        "Diluted EPS": -2.58,
        "Total Revenue": 190,
        "Gross Profit": -29,
        "Operating Income": -73,
        "EBIT": -73,
        "Net Income": -58
    },
    "2011-09-30": {
        "Diluted EPS": -1.86,
        "Total Revenue": 279,
        "Gross Profit": 10,
        "Operating Income": -31,
        "EBIT": -31,
        "Net Income": 11
    },
    "2011-06-30": {
        "Diluted EPS": 1.38,
        "Total Revenue": 351,
        "Gross Profit": 89,
        "Operating Income": 63,
        "EBIT": 63,
        "Net Income": 36
    },
    "2011-03-31": {
        "Diluted EPS": 2.1,
        "Total Revenue": 327,
        "Gross Profit": 85,
        "Operating Income": 64,
        "EBIT": 64,
        "Net Income": 51
    },
    "2010-12-31": {
        "Diluted EPS": 2.36,
        "Total Revenue": 268,
        "Gross Profit": 268,
        "Operating Income": 268,
        "EBIT": 268,
        "Net Income": 56
    },
    "2010-09-30": {
        "Diluted EPS": 1.75,
        "Total Revenue": 215,
        "Gross Profit": 72,
        "Operating Income": 57,
        "EBIT": 57,
        "Net Income": 39
    },
    "2010-06-30": {
        "Diluted EPS": 1.39,
        "Total Revenue": 133,
        "Gross Profit": 36,
        "Operating Income": 22,
        "EBIT": 22,
        "Net Income": 24
    },
    "2010-03-31": {
        "Diluted EPS": 0.49,
        "Total Revenue": 81,
        "Gross Profit": 81,
        "Operating Income": 81,
        "EBIT": 81,
        "Net Income": 11
    },
    "2009-12-31": {
        "Diluted EPS": 0.62,
        "Total Revenue": 101,
        "Gross Profit": 101,
        "Operating Income": 101,
        "EBIT": 101,
        "Net Income": 12
    },
    "2009-09-30": {
        "Diluted EPS": -0.17,
        "Total Revenue": 58,
        "Gross Profit": 58,
        "Operating Income": 58,
        "EBIT": 58,
        "Net Income": 2
    },
    "2009-06-30": {
        "Diluted EPS": -0.37,
        "Total Revenue": 32,
        "Gross Profit": 32,
        "Operating Income": 32,
        "EBIT": 32,
        "Net Income": 1
    },
    "2009-03-31": {
        "Diluted EPS": -0.51,
        "Total Revenue": 38,
        "Gross Profit": 38,
        "Operating Income": 38,
        "EBIT": 38,
        "Net Income": -2
    },
    "2023-06-30": {
        "Tax Effect Of Unusual Items": 46412108.091547,
        "Tax Rate For Calcs": 0.126843,
        "Normalized EBITDA": 2532049000.0,
        "Total Unusual Items": 365902000.0,
        "Total Unusual Items Excluding Goodwill": 365902000.0,
        "Net Income From Continuing Operation Net Minority Interest": 1306102000.0,
        "Reconciled Cost Of Revenue": 25902426000.0,
        "EBITDA": 2897951000.0,
        "EBIT": 2897951000.0,
        "Net Interest Income": -208453000.0,
        "Interest Expense": 208453000.0,
        "Normalized Income": 986612108.091547,
        "Net Income From Continuing And Discontinued Operation": 1306102000.0,
        "Total Expenses": 28301768000.0,
        "Total Operating Income As Reported": 1538204000.0,
        "Diluted NI Availto Com Stockholders": 1306102000.0,
        "Net Income Common Stockholders": 1306102000.0,
        "Net Income": 1306102000.0,
        "Minority Interests": -1105533000.0,
        "Net Income Including Noncontrolling Interests": 2411635000.0,
        "Net Income Continuous Operations": 2411635000.0,
        "Earnings From Equity Interest Net Of Tax": 63281000.0,
        "Tax Provision": 341144000.0,
        "Pretax Income": 2689498000.0,
        "Other Income Expense": 514620000.0,
        "Other Non Operating Income Expenses": 148718000.0,
        "Special Income Charges": -552751000.0,
        "Impairment Of Capital Assets": 552751000.0,
        "Gain On Sale Of Security": 918653000.0,
        "Net Non Operating Interest Income Expense": -208453000.0,
        "Interest Expense Non Operating": 208453000.0,
        "Operating Income": 2383331000.0,
        "Operating Expense": 2399342000.0,
        "Other Operating Expenses": -292376000.0,
        "Research And Development": 225574000.0,
        "Selling General And Administration": 2466144000.0,
        "Selling And Marketing Expense": 1665996000.0,
        "General And Administrative Expense": 800148000.0,
        "Other Gand A": 800148000.0,
        "Gross Profit": 4782673000.0,
        "Cost Of Revenue": 25902426000.0,
        "Total Revenue": 30685099000.0,
        "Operating Revenue": 30685099000.0
    },
    "2023-09-30": {
        "Tax Effect Of Unusual Items": -23223166.850733,
        "Tax Rate For Calcs": 0.146613,
        "Normalized EBITDA": 3057387000.0,
        "Total Unusual Items": -158398000.0,
        "Total Unusual Items Excluding Goodwill": -158398000.0,
        "Net Income From Continuing Operation Net Minority Interest": 1323373000.0,
        "Reconciled Cost Of Revenue": 25701047000.0,
        "EBITDA": 2898989000.0,
        "EBIT": 2898989000.0,
        "Net Interest Income": -148171000.0,
        "Interest Expense": 148171000.0,
        "Normalized Income": 1458547833.149267,
        "Net Income From Continuing And Discontinued Operation": 1323373000.0,
        "Total Expenses": 28751681000.0,
        "Total Operating Income As Reported": 2990204000.0,
        "Diluted NI Availto Com Stockholders": 1323373000.0,
        "Net Income Common Stockholders": 1323373000.0,
        "Net Income": 1323373000.0,
        "Minority Interests": -1001203000.0,
        "Net Income Including Noncontrolling Interests": 2324576000.0,
        "Net Income Continuous Operations": 2324576000.0,
        "Earnings From Equity Interest Net Of Tax": -22937000.0,
        "Tax Provision": 403305000.0,
        "Pretax Income": 2750818000.0,
        "Other Income Expense": -183588000.0,
        "Other Non Operating Income Expenses": -25190000.0,
        "Special Income Charges": -27912000.0,
        "Impairment Of Capital Assets": 27912000.0,
        "Gain On Sale Of Security": -130486000.0,
        "Net Non Operating Interest Income Expense": -148171000.0,
        "Interest Expense Non Operating": 148171000.0,
        "Operating Income": 3082577000.0,
        "Operating Expense": 3050634000.0,
        "Other Operating Expenses": -64461000.0,
        "Research And Development": 218097000.0,
        "Selling General And Administration": 2896998000.0,
        "Selling And Marketing Expense": 1739184000.0,
        "General And Administrative Expense": 1157814000.0,
        "Other Gand A": 1157814000.0,
        "Gross Profit": 6133211000.0,
        "Cost Of Revenue": 25701047000.0,
        "Total Revenue": 31834258000.0,
        "Operating Revenue": 31834258000.0
    }
}