{
    "2023-03-31": {
        "Tax Effect Of Unusual Items": NaN,
        "Tax Rate For Calcs": NaN,
        "Normalized EBITDA": NaN,
        "Total Unusual Items": 0.0,
        "Total Unusual Items Excluding Goodwill": 0.0,
        "Net Income From Continuing Operation Net Minority Interest": NaN,
        "Reconciled Depreciation": NaN,
        "Reconciled Cost Of Revenue": NaN,
        "EBITDA": NaN,
        "EBIT": NaN,
        "Net Interest Income": NaN,
        "Interest Expense": NaN,
        "Interest Income": NaN,
        "Normalized Income": NaN,
        "Net Income From Continuing And Discontinued Operation": NaN,
        "Total Expenses": NaN,
        "Total Operating Income As Reported": NaN,
        "Diluted Average Shares": 100616280.0,
        "Basic Average Shares": 100616280.0,
        "Diluted EPS": NaN,
        "Basic EPS": NaN,
        "Diluted NI Availto Com Stockholders": NaN,
        "Net Income Common Stockholders": NaN,
        "Net Income": NaN,
        "Minority Interests": NaN,
        "Net Income Including Noncontrolling Interests": NaN,
        "Net Income Discontinuous Operations": -2429000.0,
        "Net Income Continuous Operations": NaN,
        "Tax Provision": NaN,
        "Pretax Income": NaN,
        "Special Income Charges": 0.0,
        "Restructuring And Mergern Acquisition": 0.0,
        "Net Non Operating Interest Income Expense": NaN,
        "Interest Expense Non Operating": NaN,
        "Interest Income Non Operating": NaN,
        "Operating Income": NaN,
        "Operating Expense": NaN,
        "Other Operating Expenses": NaN,
        "Research And Development": NaN,
        "Selling General And Administration": NaN,
        "Selling And Marketing Expense": NaN,
        "General And Administrative Expense": NaN,
        "Other Gand A": NaN,
        "Gross Profit": NaN,
        "Cost Of Revenue": NaN,
        "Total Revenue": NaN,
        "Operating Revenue": NaN
    },
    "2022-12-31": {
        "Tax Effect Of Unusual Items": NaN,
        "Tax Rate For Calcs": NaN,
        "Normalized EBITDA": NaN,
        "Total Unusual Items": NaN,
        "Total Unusual Items Excluding Goodwill": NaN,
        "Net Income From Continuing Operation Net Minority Interest": NaN,
        "Reconciled Depreciation": NaN,
        "Reconciled Cost Of Revenue": NaN,
        "EBITDA": NaN,
        "EBIT": NaN,
        "Net Interest Income": NaN,
        "Interest Expense": NaN,
        "Interest Income": NaN,
        "Normalized Income": NaN,
        "Net Income From Continuing And Discontinued Operation": NaN,
        "Total Expenses": NaN,
        "Total Operating Income As Reported": NaN,
        "Diluted Average Shares": 100616280.0,
        "Basic Average Shares": 100616280.0,
        "Diluted EPS": NaN,
        "Basic EPS": NaN,
        "Diluted NI Availto Com Stockholders": NaN,
        "Net Income Common Stockholders": NaN,
        "Net Income": NaN,
        "Minority Interests": NaN,
        "Net Income Including Noncontrolling Interests": NaN,
        "Net Income Discontinuous Operations": NaN,
        "Net Income Continuous Operations": NaN,
        "Tax Provision": NaN,
        "Pretax Income": NaN,
        "Special Income Charges": NaN,
        "Restructuring And Mergern Acquisition": NaN,
        "Net Non Operating Interest Income Expense": NaN,
        "Interest Expense Non Operating": NaN,
        "Interest Income Non Operating": NaN,
        "Operating Income": NaN,
        "Operating Expense": NaN,
        "Other Operating Expenses": NaN,
        "Research And Development": NaN,
        "Selling General And Administration": NaN,
        "Selling And Marketing Expense": NaN,
        "General And Administrative Expense": NaN,
        "Other Gand A": NaN,
        "Gross Profit": NaN,
        "Cost Of Revenue": NaN,
        "Total Revenue": NaN,
        "Operating Revenue": NaN
    },
    "2022-09-30": {
        "Tax Effect Of Unusual Items": 0.0,
        "Tax Rate For Calcs": 0.4,
        "Normalized EBITDA": -36314000.0,
        "Net Income From Continuing Operation Net Minority Interest": -44562000.0,
        "Reconciled Depreciation": 3156000.0,
        "Reconciled Cost Of Revenue": 17493000.0,
        "EBITDA": -36314000.0,
        "EBIT": -39470000.0,
        "Net Interest Income": -608000.0,
        "Interest Expense": 4292000.0,
        "Interest Income": 3684000.0,
        "Normalized Income": -44562000.0,
        "Net Income From Continuing And Discontinued Operation": -44562000.0,
        "Total Expenses": 93641000.0,
        "Total Operating Income As Reported": -43154000.0,
        "Diluted Average Shares": 100616280.0,
        "Basic Average Shares": 100616280.0,
        "Diluted EPS": -0.446169,
        "Basic EPS": -0.446169,
        "Diluted NI Availto Com Stockholders": -44562000.0,
        "Net Income Common Stockholders": -44562000.0,
        "Net Income": -44562000.0,
        "Minority Interests": -9000.0,
        "Net Income Including Noncontrolling Interests": -44553000.0,
        "Net Income Continuous Operations": -44553000.0,
        "Tax Provision": 791000.0,
        "Pretax Income": -43762000.0,
        "Net Non Operating Interest Income Expense": -608000.0,
        "Interest Expense Non Operating": 4292000.0,
        "Interest Income Non Operating": 3684000.0,
        "Operating Income": -43154000.0,
        "Operating Expense": 76148000.0,
        "Other Operating Expenses": -238000.0,
        "Research And Development": 13597000.0,
        "Selling General And Administration": 62789000.0,
        "Selling And Marketing Expense": 16439000.0,
        "General And Administrative Expense": 46350000.0,
        "Other Gand A": 46350000.0,
        "Gross Profit": 32994000.0,
        "Cost Of Revenue": 17493000.0,
        "Total Revenue": 50487000.0,
        "Operating Revenue": 50487000.0
    },
    "2022-06-30": {
        "Tax Effect Of Unusual Items": 0.0,
        "Tax Rate For Calcs": 0.4,
        "Normalized EBITDA": -61910000.0,
        "Net Income From Continuing Operation Net Minority Interest": -68971000.0,
        "Reconciled Depreciation": 2866000.0,
        "Reconciled Cost Of Revenue": 26919000.0,
        "EBITDA": -61910000.0,
        "EBIT": -64776000.0,
        "Net Interest Income": -966000.0,
        "Interest Expense": 3920000.0,
        "Interest Income": 2954000.0,
        "Normalized Income": -68971000.0,
        "Net Income From Continuing And Discontinued Operation": -68971000.0,
        "Total Expenses": 125054000.0,
        "Total Operating Income As Reported": -67730000.0,
        "Diluted Average Shares": 99877061.0,
        "Basic Average Shares": 99877061.0,
        "Diluted EPS": -0.690559,
        "Basic EPS": -0.690559,
        "Diluted NI Availto Com Stockholders": -68971000.0,
        "Net Income Common Stockholders": -68971000.0,
        "Net Income": -68971000.0,
        "Minority Interests": -7000.0,
        "Net Income Including Noncontrolling Interests": -68964000.0,
        "Net Income Continuous Operations": -68964000.0,
        "Tax Provision": 268000.0,
        "Pretax Income": -68696000.0,
        "Net Non Operating Interest Income Expense": -966000.0,
        "Interest Expense Non Operating": 3920000.0,
        "Interest Income Non Operating": 2954000.0,
        "Operating Income": -67730000.0,
        "Operating Expense": 98135000.0,
        "Other Operating Expenses": -405000.0,
        "Research And Development": 14272000.0,
        "Selling General And Administration": 84268000.0,
        "Selling And Marketing Expense": 22162000.0,
        "General And Administrative Expense": 62106000.0,
        "Other Gand A": 62106000.0,
        "Gross Profit": 30405000.0,
        "Cost Of Revenue": 26919000.0,
        "Total Revenue": 57324000.0,
        "Operating Revenue": 57324000.0
    },
    "2022-03-31": {
        "Diluted EPS": 0.0,
        "Total Revenue": 48,
        "Gross Profit": 27,
        "Operating Income": -66,
        "EBIT": -64,
        "Net Income": -69
    },
    "2021-12-31": {
        "Diluted EPS": 0.0,
        "Total Revenue": 62,
        "Gross Profit": 33,
        "Operating Income": -85,
        "EBIT": -82,
        "Net Income": -85
    },
    "2021-09-30": {
        "Diluted EPS": 0.0,
        "Total Revenue": 43,
        "Gross Profit": 26,
        "Operating Income": -64,
        "EBIT": -62,
        "Net Income": -66
    },
    "2021-06-30": {
        "Diluted EPS": 0.0,
        "Total Revenue": 40,
        "Gross Profit": 27,
        "Operating Income": -52,
        "EBIT": -49,
        "Net Income": -51
    },
    "2021-03-31": {
        "Diluted EPS": 0.0,
        "Total Revenue": 33,
        "Gross Profit": 25,
        "Operating Income": -41,
        "EBIT": -38,
        "Net Income": -25
    },
    "2020-12-31": {
        "Diluted EPS": 0.0,
        "Total Revenue": 49,
        "Gross Profit": 33,
        "Operating Income": -48,
        "EBIT": -45,
        "Net Income": -56
    },
    "2020-09-30": {
        "Diluted EPS": 0.0,
        "Total Revenue": 39,
        "Gross Profit": 27,
        "Operating Income": -33,
        "EBIT": -31,
        "Net Income": -38
    },
    "2020-06-30": {
        "Diluted EPS": 0.0,
        "Total Revenue": 38,
        "Gross Profit": 26,
        "Operating Income": -41,
        "EBIT": -39,
        "Net Income": -43
    },
    "2020-03-31": {
        "Diluted EPS": 0.0,
        "Total Revenue": 32,
        "Gross Profit": 20,
        "Operating Income": -48,
        "EBIT": -46,
        "Net Income": -47
    },
    "2019-12-31": {
        "Diluted EPS": 0.0,
        "Total Revenue": 55,
        "Gross Profit": 28,
        "Operating Income": -68,
        "EBIT": -65,
        "Net Income": -71
    },
    "2019-09-30": {
        "Diluted EPS": 0.0,
        "Total Revenue": 45,
        "Gross Profit": 20,
        "Operating Income": -61,
        "EBIT": -58,
        "Net Income": -55
    },
    "2019-06-30": {
        "Diluted EPS": 0.0,
        "Total Revenue": 44,
        "Gross Profit": 19,
        "Operating Income": -75,
        "EBIT": -73,
        "Net Income": -76
    },
    "2019-03-31": {
        "Diluted EPS": 0.0,
        "Total Revenue": 36,
        "Gross Profit": 18,
        "Operating Income": -52,
        "EBIT": -50,
        "Net Income": -52
    },
    "2018-12-31": {
        "Diluted EPS": 0.0,
        "Total Revenue": NaN,
        "Gross Profit": NaN,
        "Operating Income": NaN,
        "EBIT": NaN,
        "Net Income": NaN
    },
    "2023-06-30": {
        "Tax Effect Of Unusual Items": 0.0,
        "Tax Rate For Calcs": 0.005477,
        "Normalized EBITDA": -16529000.0,
        "Total Unusual Items": NaN,
        "Total Unusual Items Excluding Goodwill": NaN,
        "Net Income From Continuing Operation Net Minority Interest": -30676000.0,
        "Reconciled Depreciation": 2641000.0,
        "Reconciled Cost Of Revenue": 21141000.0,
        "EBITDA": -16529000.0,
        "EBIT": -19170000.0,
        "Net Interest Income": -8794000.0,
        "Interest Expense": 11689000.0,
        "Interest Income": 2895000.0,
        "Normalized Income": -30676000.0,
        "Net Income From Continuing And Discontinued Operation": -31877000.0,
        "Total Expenses": 66097000.0,
        "Total Operating Income As Reported": -22065000.0,
        "Diluted Average Shares": NaN,
        "Basic Average Shares": NaN,
        "Diluted EPS": -0.316818,
        "Basic EPS": -0.316818,
        "Diluted NI Availto Com Stockholders": -31877000.0,
        "Net Income Common Stockholders": -31877000.0,
        "Net Income": -31877000.0,
        "Minority Interests": 14000.0,
        "Net Income Including Noncontrolling Interests": -31891000.0,
        "Net Income Discontinuous Operations": -1201000.0,
        "Net Income Continuous Operations": -30690000.0,
        "Tax Provision": -169000.0,
        "Pretax Income": -30859000.0,
        "Special Income Charges": NaN,
        "Restructuring And Mergern Acquisition": NaN,
        "Net Non Operating Interest Income Expense": -8794000.0,
        "Interest Expense Non Operating": 11689000.0,
        "Interest Income Non Operating": 2895000.0,
        "Operating Income": -22065000.0,
        "Operating Expense": 44956000.0,
        "Other Operating Expenses": 10262000.0,
        "Research And Development": 10695000.0,
        "Selling General And Administration": 23999000.0,
        "Selling And Marketing Expense": 5472000.0,
        "General And Administrative Expense": 18527000.0,
        "Other Gand A": 18527000.0,
        "Gross Profit": 22891000.0,
        "Cost Of Revenue": 21141000.0,
        "Total Revenue": 44032000.0,
        "Operating Revenue": 44032000.0
    },
    "2023-09-30": {
        "Tax Effect Of Unusual Items": 0.0,
        "Tax Rate For Calcs": 0.15,
        "Normalized EBITDA": -14602000.0,
        "Total Unusual Items": NaN,
        "Total Unusual Items Excluding Goodwill": NaN,
        "Net Income From Continuing Operation Net Minority Interest": -22871000.0,
        "Reconciled Depreciation": 2169000.0,
        "Reconciled Cost Of Revenue": 19810000.0,
        "EBITDA": -14602000.0,
        "EBIT": -16771000.0,
        "Net Interest Income": -3032000.0,
        "Interest Expense": 4802000.0,
        "Interest Income": 1770000.0,
        "Normalized Income": -22871000.0,
        "Net Income From Continuing And Discontinued Operation": -22871000.0,
        "Total Expenses": 63434000.0,
        "Total Operating Income As Reported": -18541000.0,
        "Diluted Average Shares": 101138683.0,
        "Basic Average Shares": 101138683.0,
        "Diluted EPS": -0.227309,
        "Basic EPS": -0.227309,
        "Diluted NI Availto Com Stockholders": -22871000.0,
        "Net Income Common Stockholders": -22871000.0,
        "Net Income": -22871000.0,
        "Minority Interests": 4000.0,
        "Net Income Including Noncontrolling Interests": -22875000.0,
        "Net Income Discontinuous Operations": NaN,
        "Net Income Continuous Operations": -22875000.0,
        "Tax Provision": 1302000.0,
        "Pretax Income": -21573000.0,
        "Special Income Charges": NaN,
        "Restructuring And Mergern Acquisition": NaN,
        "Net Non Operating Interest Income Expense": -3032000.0,
        "Interest Expense Non Operating": 4802000.0,
        "Interest Income Non Operating": 1770000.0,
        "Operating Income": -18541000.0,
        "Operating Expense": 43624000.0,
        "Other Operating Expenses": 11914000.0,
        "Research And Development": 10085000.0,
        "Selling General And Administration": 21625000.0,
        "Selling And Marketing Expense": 4343000.0,
        "General And Administrative Expense": 17282000.0,
        "Other Gand A": 17282000.0,
        "Gross Profit": 25083000.0,
        "Cost Of Revenue": 19810000.0,
        "Total Revenue": 44893000.0,
        "Operating Revenue": 44893000.0
    },
    "2023-12-31": {
        "Tax Effect Of Unusual Items": 0.0,
        "Tax Rate For Calcs": 0.043017,
        "Normalized EBITDA": -29388000.0,
        "Total Unusual Items": NaN,
        "Total Unusual Items Excluding Goodwill": NaN,
        "Net Income From Continuing Operation Net Minority Interest": -12729000.0,
        "Reconciled Depreciation": 2161000.0,
        "Reconciled Cost Of Revenue": 19301000.0,
        "EBITDA": -29388000.0,
        "EBIT": -31549000.0,
        "Net Interest Income": 14436000.0,
        "Interest Expense": -18252000.0,
        "Interest Income": -3256000.0,
        "Normalized Income": -12729000.0,
        "Net Income From Continuing And Discontinued Operation": -17646000.0,
        "Total Expenses": 46505000.0,
        "Total Operating Income As Reported": -643000.0,
        "Diluted Average Shares": 101138683.0,
        "Basic Average Shares": 101138683.0,
        "Diluted EPS": -0.174473,
        "Basic EPS": -0.174473,
        "Diluted NI Availto Com Stockholders": -17646000.0,
        "Net Income Common Stockholders": -17646000.0,
        "Net Income": -17646000.0,
        "Minority Interests": -4000.0,
        "Net Income Including Noncontrolling Interests": -17642000.0,
        "Net Income Discontinuous Operations": NaN,
        "Net Income Continuous Operations": -12725000.0,
        "Tax Provision": -572000.0,
        "Pretax Income": -13297000.0,
        "Special Income Charges": NaN,
        "Restructuring And Mergern Acquisition": NaN,
        "Net Non Operating Interest Income Expense": 14436000.0,
        "Interest Expense Non Operating": -18252000.0,
        "Interest Income Non Operating": -3256000.0,
        "Operating Income": 219000.0,
        "Operating Expense": 27204000.0,
        "Other Operating Expenses": -37601000.0,
        "Research And Development": 8578000.0,
        "Selling General And Administration": 54439000.0,
        "Selling And Marketing Expense": 26721000.0,
        "General And Administrative Expense": 27718000.0,
        "Other Gand A": -39576000.0,
        "Gross Profit": 27423000.0,
        "Cost Of Revenue": 19301000.0,
        "Total Revenue": 46724000.0,
        "Operating Revenue": 44548000.0
    },
    "2024-03-31": {
        "Tax Effect Of Unusual Items": 0.0,
        "Tax Rate For Calcs": 0.15,
        "Normalized EBITDA": -5159000.0,
        "Total Unusual Items": 0.0,
        "Total Unusual Items Excluding Goodwill": 0.0,
        "Net Income From Continuing Operation Net Minority Interest": -40650000.0,
        "Reconciled Depreciation": 1881000.0,
        "Reconciled Cost Of Revenue": 17709000.0,
        "EBITDA": -5159000.0,
        "EBIT": -7040000.0,
        "Net Interest Income": -31302000.0,
        "Interest Expense": 32595000.0,
        "Interest Income": 1293000.0,
        "Normalized Income": -40650000.0,
        "Net Income From Continuing And Discontinued Operation": -40650000.0,
        "Total Expenses": 57226000.0,
        "Total Operating Income As Reported": -8333000.0,
        "Diluted Average Shares": 102235089.0,
        "Basic Average Shares": 102235089.0,
        "Diluted EPS": -0.401923,
        "Basic EPS": -0.401923,
        "Diluted NI Availto Com Stockholders": -40650000.0,
        "Net Income Common Stockholders": -40650000.0,
        "Net Income": -40650000.0,
        "Minority Interests": 7000.0,
        "Net Income Including Noncontrolling Interests": -40657000.0,
        "Net Income Discontinuous Operations": 0.0,
        "Net Income Continuous Operations": -40657000.0,
        "Tax Provision": 1022000.0,
        "Pretax Income": -39635000.0,
        "Special Income Charges": 0.0,
        "Restructuring And Mergern Acquisition": 0.0,
        "Net Non Operating Interest Income Expense": -31302000.0,
        "Interest Expense Non Operating": 32595000.0,
        "Interest Income Non Operating": 1293000.0,
        "Operating Income": -8333000.0,
        "Operating Expense": 39517000.0,
        "Other Operating Expenses": 9214000.0,
        "Research And Development": 9109000.0,
        "Selling General And Administration": 21194000.0,
        "Selling And Marketing Expense": 3742000.0,
        "General And Administrative Expense": 17452000.0,
        "Other Gand A": 17452000.0,
        "Gross Profit": 31184000.0,
        "Cost Of Revenue": 17709000.0,
        "Total Revenue": 48893000.0,
        "Operating Revenue": 48893000.0
    },
    "2024-06-30": {
        "Tax Effect Of Unusual Items": 0.0,
        "Tax Rate For Calcs": 0.021167,
        "Normalized EBITDA": -17301000.0,
        "Total Unusual Items": NaN,
        "Total Unusual Items Excluding Goodwill": NaN,
        "Net Income From Continuing Operation Net Minority Interest": -22004000.0,
        "Reconciled Depreciation": 2238000.0,
        "Reconciled Cost Of Revenue": 14895000.0,
        "EBITDA": -17301000.0,
        "EBIT": -19539000.0,
        "Net Interest Income": -2258000.0,
        "Interest Expense": 2949000.0,
        "Interest Income": 691000.0,
        "Normalized Income": -22004000.0,
        "Net Income From Continuing And Discontinued Operation": -22004000.0,
        "Total Expenses": 56704000.0,
        "Total Operating Income As Reported": -20230000.0,
        "Diluted Average Shares": 102235089.0,
        "Basic Average Shares": 102235089.0,
        "Diluted EPS": -0.215229,
        "Basic EPS": -0.215229,
        "Diluted NI Availto Com Stockholders": -22004000.0,
        "Net Income Common Stockholders": -22004000.0,
        "Net Income": -22004000.0,
        "Minority Interests": 8000.0,
        "Net Income Including Noncontrolling Interests": -22012000.0,
        "Net Income Discontinuous Operations": 0.0,
        "Net Income Continuous Operations": -22012000.0,
        "Tax Provision": -476000.0,
        "Pretax Income": -22488000.0,
        "Special Income Charges": NaN,
        "Restructuring And Mergern Acquisition": NaN,
        "Net Non Operating Interest Income Expense": -2258000.0,
        "Interest Expense Non Operating": 2949000.0,
        "Interest Income Non Operating": 691000.0,
        "Operating Income": -20230000.0,
        "Operating Expense": 41809000.0,
        "Other Operating Expenses": 9456000.0,
        "Research And Development": 8722000.0,
        "Selling General And Administration": 23631000.0,
        "Selling And Marketing Expense": 4423000.0,
        "General And Administrative Expense": 19208000.0,
        "Other Gand A": 19208000.0,
        "Gross Profit": 21579000.0,
        "Cost Of Revenue": 14895000.0,
        "Total Revenue": 36474000.0,
        "Operating Revenue": 36474000.0
    }
}