{
    "2023-06-30": {
        "Tax Effect Of Unusual Items": NaN,
        "Tax Rate For Calcs": NaN,
        "Normalized EBITDA": NaN,
        "Total Unusual Items": 1101000.0,
        "Total Unusual Items Excluding Goodwill": 1101000.0,
        "Net Income From Continuing Operation Net Minority Interest": NaN,
        "Reconciled Depreciation": NaN,
        "Reconciled Cost Of Revenue": NaN,
        "EBITDA": NaN,
        "EBIT": NaN,
        "Net Interest Income": NaN,
        "Interest Expense": NaN,
        "Interest Income": NaN,
        "Normalized Income": NaN,
        "Net Income From Continuing And Discontinued Operation": NaN,
        "Total Expenses": NaN,
        "Rent Expense Supplemental": NaN,
        "Total Operating Income As Reported": NaN,
        "Diluted Average Shares": NaN,
        "Basic Average Shares": NaN,
        "Diluted EPS": NaN,
        "Basic EPS": NaN,
        "Diluted NI Availto Com Stockholders": NaN,
        "Net Income Common Stockholders": NaN,
        "Net Income": NaN,
        "Minority Interests": NaN,
        "Net Income Including Noncontrolling Interests": NaN,
        "Net Income Continuous Operations": NaN,
        "Tax Provision": NaN,
        "Pretax Income": NaN,
        "Other Income Expense": NaN,
        "Other Non Operating Income Expenses": NaN,
        "Special Income Charges": 0.0,
        "Earnings From Equity Interest": NaN,
        "Gain On Sale Of Security": 1101000.0,
        "Net Non Operating Interest Income Expense": NaN,
        "Interest Expense Non Operating": NaN,
        "Interest Income Non Operating": NaN,
        "Operating Income": NaN,
        "Operating Expense": NaN,
        "Other Operating Expenses": NaN,
        "Depreciation Amortization Depletion Income Statement": NaN,
        "Selling General And Administration": 3700000.0,
        "Selling And Marketing Expense": 200000.0,
        "General And Administrative Expense": 3500000.0,
        "Other Gand A": 700000.0,
        "Rent And Landing Fees": 100000.0,
        "Salaries And Wages": 2700000.0,
        "Gross Profit": NaN,
        "Cost Of Revenue": NaN,
        "Total Revenue": NaN,
        "Operating Revenue": NaN
    },
    "2023-03-31": {
        "Tax Effect Of Unusual Items": NaN,
        "Tax Rate For Calcs": NaN,
        "Normalized EBITDA": NaN,
        "Total Unusual Items": 394000.0,
        "Total Unusual Items Excluding Goodwill": 394000.0,
        "Net Income From Continuing Operation Net Minority Interest": NaN,
        "Reconciled Depreciation": NaN,
        "Reconciled Cost Of Revenue": NaN,
        "EBITDA": NaN,
        "EBIT": NaN,
        "Net Interest Income": NaN,
        "Interest Expense": NaN,
        "Interest Income": NaN,
        "Normalized Income": NaN,
        "Net Income From Continuing And Discontinued Operation": NaN,
        "Total Expenses": NaN,
        "Rent Expense Supplemental": NaN,
        "Total Operating Income As Reported": NaN,
        "Diluted Average Shares": NaN,
        "Basic Average Shares": NaN,
        "Diluted EPS": NaN,
        "Basic EPS": NaN,
        "Diluted NI Availto Com Stockholders": NaN,
        "Net Income Common Stockholders": NaN,
        "Net Income": NaN,
        "Minority Interests": NaN,
        "Net Income Including Noncontrolling Interests": NaN,
        "Net Income Continuous Operations": NaN,
        "Tax Provision": NaN,
        "Pretax Income": NaN,
        "Other Income Expense": NaN,
        "Other Non Operating Income Expenses": NaN,
        "Special Income Charges": 0.0,
        "Earnings From Equity Interest": NaN,
        "Gain On Sale Of Security": 394000.0,
        "Net Non Operating Interest Income Expense": NaN,
        "Interest Expense Non Operating": NaN,
        "Interest Income Non Operating": NaN,
        "Operating Income": NaN,
        "Operating Expense": NaN,
        "Other Operating Expenses": NaN,
        "Depreciation Amortization Depletion Income Statement": NaN,
        "Selling General And Administration": NaN,
        "Selling And Marketing Expense": NaN,
        "General And Administrative Expense": NaN,
        "Other Gand A": NaN,
        "Rent And Landing Fees": NaN,
        "Salaries And Wages": NaN,
        "Gross Profit": NaN,
        "Cost Of Revenue": NaN,
        "Total Revenue": NaN,
        "Operating Revenue": NaN
    },
    "2022-12-31": {
        "Tax Effect Of Unusual Items": NaN,
        "Tax Rate For Calcs": NaN,
        "Normalized EBITDA": NaN,
        "Total Unusual Items": 5941000.0,
        "Total Unusual Items Excluding Goodwill": 5941000.0,
        "Net Income From Continuing Operation Net Minority Interest": NaN,
        "Reconciled Depreciation": NaN,
        "Reconciled Cost Of Revenue": NaN,
        "EBITDA": NaN,
        "EBIT": NaN,
        "Net Interest Income": NaN,
        "Interest Expense": NaN,
        "Interest Income": NaN,
        "Normalized Income": NaN,
        "Net Income From Continuing And Discontinued Operation": NaN,
        "Total Expenses": NaN,
        "Rent Expense Supplemental": NaN,
        "Total Operating Income As Reported": NaN,
        "Diluted Average Shares": NaN,
        "Basic Average Shares": NaN,
        "Diluted EPS": NaN,
        "Basic EPS": NaN,
        "Diluted NI Availto Com Stockholders": NaN,
        "Net Income Common Stockholders": NaN,
        "Net Income": NaN,
        "Minority Interests": NaN,
        "Net Income Including Noncontrolling Interests": NaN,
        "Net Income Continuous Operations": NaN,
        "Tax Provision": NaN,
        "Pretax Income": NaN,
        "Other Income Expense": NaN,
        "Other Non Operating Income Expenses": NaN,
        "Special Income Charges": 5649000.0,
        "Other Special Charges": -5649000.0,
        "Earnings From Equity Interest": NaN,
        "Gain On Sale Of Security": 292000.0,
        "Net Non Operating Interest Income Expense": NaN,
        "Interest Expense Non Operating": NaN,
        "Interest Income Non Operating": NaN,
        "Operating Income": NaN,
        "Operating Expense": NaN,
        "Other Operating Expenses": NaN,
        "Depreciation Amortization Depletion Income Statement": NaN,
        "Selling General And Administration": NaN,
        "Selling And Marketing Expense": NaN,
        "General And Administrative Expense": NaN,
        "Other Gand A": NaN,
        "Rent And Landing Fees": NaN,
        "Salaries And Wages": NaN,
        "Gross Profit": NaN,
        "Cost Of Revenue": NaN,
        "Total Revenue": NaN,
        "Operating Revenue": NaN
    },
    "2022-09-30": {
        "Tax Effect Of Unusual Items": NaN,
        "Tax Rate For Calcs": NaN,
        "Normalized EBITDA": NaN,
        "Total Unusual Items": NaN,
        "Total Unusual Items Excluding Goodwill": NaN,
        "Net Income From Continuing Operation Net Minority Interest": NaN,
        "Reconciled Depreciation": NaN,
        "Reconciled Cost Of Revenue": NaN,
        "EBITDA": NaN,
        "EBIT": NaN,
        "Net Interest Income": NaN,
        "Interest Expense": NaN,
        "Interest Income": NaN,
        "Normalized Income": NaN,
        "Net Income From Continuing And Discontinued Operation": NaN,
        "Total Expenses": NaN,
        "Rent Expense Supplemental": NaN,
        "Total Operating Income As Reported": NaN,
        "Diluted Average Shares": NaN,
        "Basic Average Shares": NaN,
        "Diluted EPS": NaN,
        "Basic EPS": NaN,
        "Diluted NI Availto Com Stockholders": NaN,
        "Net Income Common Stockholders": NaN,
        "Net Income": NaN,
        "Minority Interests": NaN,
        "Net Income Including Noncontrolling Interests": NaN,
        "Net Income Continuous Operations": NaN,
        "Earnings From Equity Interest Net Of Tax": 2481000.0,
        "Tax Provision": NaN,
        "Pretax Income": NaN,
        "Other Income Expense": NaN,
        "Other Non Operating Income Expenses": NaN,
        "Special Income Charges": NaN,
        "Other Special Charges": -868000.0,
        "Earnings From Equity Interest": NaN,
        "Gain On Sale Of Security": NaN,
        "Net Non Operating Interest Income Expense": NaN,
        "Interest Expense Non Operating": NaN,
        "Interest Income Non Operating": NaN,
        "Operating Income": NaN,
        "Operating Expense": NaN,
        "Other Operating Expenses": NaN,
        "Other Taxes": 1600000.0,
        "Depreciation Amortization Depletion Income Statement": NaN,
        "Selling General And Administration": 3400000.0,
        "Selling And Marketing Expense": 200000.0,
        "General And Administrative Expense": 3200000.0,
        "Other Gand A": 800000.0,
        "Rent And Landing Fees": 100000.0,
        "Salaries And Wages": 2300000.0,
        "Gross Profit": NaN,
        "Cost Of Revenue": NaN,
        "Total Revenue": NaN,
        "Operating Revenue": NaN
    },
    "2022-06-30": {
        "Tax Effect Of Unusual Items": 788137.0,
        "Tax Rate For Calcs": 0.259,
        "Normalized EBITDA": 28098000.0,
        "Total Unusual Items": 3043000.0,
        "Total Unusual Items Excluding Goodwill": 3043000.0,
        "Net Income From Continuing Operation Net Minority Interest": 17039000.0,
        "Reconciled Depreciation": 5466000.0,
        "Reconciled Cost Of Revenue": 38664000.0,
        "EBITDA": 31141000.0,
        "EBIT": 25675000.0,
        "Net Interest Income": -1610000.0,
        "Interest Expense": 4071000.0,
        "Interest Income": 2461000.0,
        "Normalized Income": 14784137.0,
        "Net Income From Continuing And Discontinued Operation": 17039000.0,
        "Total Expenses": 49430000.0,
        "Rent Expense Supplemental": 4198000.0,
        "Total Operating Income As Reported": 18805000.0,
        "Diluted Average Shares": 58887440.0,
        "Basic Average Shares": 58882392.0,
        "Diluted EPS": 0.29,
        "Basic EPS": 0.29,
        "Diluted NI Availto Com Stockholders": 17039000.0,
        "Net Income Common Stockholders": 17039000.0,
        "Net Income": 17039000.0,
        "Minority Interests": -50000.0,
        "Net Income Including Noncontrolling Interests": 17089000.0,
        "Net Income Continuous Operations": 17089000.0,
        "Earnings From Equity Interest Net Of Tax": 1430000.0,
        "Tax Provision": 5945000.0,
        "Pretax Income": 21604000.0,
        "Other Income Expense": 4409000.0,
        "Other Non Operating Income Expenses": 1277000.0,
        "Special Income Charges": 2575000.0,
        "Other Special Charges": -2575000.0,
        "Earnings From Equity Interest": 89000.0,
        "Gain On Sale Of Security": 468000.0,
        "Net Non Operating Interest Income Expense": -1610000.0,
        "Interest Expense Non Operating": 4071000.0,
        "Interest Income Non Operating": 2461000.0,
        "Operating Income": 18820000.0,
        "Operating Expense": 10766000.0,
        "Other Operating Expenses": 400000.0,
        "Other Taxes": 1300000.0,
        "Depreciation Amortization Depletion Income Statement": 5466000.0,
        "Selling General And Administration": 3600000.0,
        "Selling And Marketing Expense": 400000.0,
        "General And Administrative Expense": 3200000.0,
        "Other Gand A": 800000.0,
        "Rent And Landing Fees": 200000.0,
        "Salaries And Wages": 2400000.0,
        "Gross Profit": 29586000.0,
        "Cost Of Revenue": 38664000.0,
        "Total Revenue": 68250000.0,
        "Operating Revenue": 68250000.0
    },
    "2022-03-31": {
        "Diluted EPS": 0.23,
        "Total Revenue": 65,
        "Gross Profit": 31,
        "Operating Income": 20,
        "EBIT": 25,
        "Net Income": 13
    },
    "2021-12-31": {
        "Diluted EPS": 0.55,
        "Total Revenue": 99,
        "Gross Profit": 53,
        "Operating Income": 42,
        "EBIT": 48,
        "Net Income": 32
    },
    "2021-09-30": {
        "Diluted EPS": 0.26,
        "Total Revenue": 54,
        "Gross Profit": 26,
        "Operating Income": 16,
        "EBIT": 21,
        "Net Income": 15
    },
    "2021-06-30": {
        "Diluted EPS": 0.41,
        "Total Revenue": 72,
        "Gross Profit": 40,
        "Operating Income": 31,
        "EBIT": 35,
        "Net Income": 24
    },
    "2021-03-31": {
        "Diluted EPS": 0.05,
        "Total Revenue": 41,
        "Gross Profit": 16,
        "Operating Income": 6,
        "EBIT": 9,
        "Net Income": 3
    },
    "2020-12-31": {
        "Diluted EPS": 0.34,
        "Total Revenue": 64,
        "Gross Profit": 36,
        "Operating Income": 26,
        "EBIT": 30,
        "Net Income": 20
    },
    "2020-09-30": {
        "Diluted EPS": 0.13,
        "Total Revenue": 42,
        "Gross Profit": 19,
        "Operating Income": 11,
        "EBIT": 14,
        "Net Income": 8
    },
    "2020-06-30": {
        "Diluted EPS": 0.33,
        "Total Revenue": 36,
        "Gross Profit": 19,
        "Operating Income": 11,
        "EBIT": 14,
        "Net Income": 19
    },
    "2020-03-31": {
        "Diluted EPS": -0.03,
        "Total Revenue": 19,
        "Gross Profit": 9,
        "Operating Income": -1,
        "EBIT": 2,
        "Net Income": -2
    },
    "2019-12-31": {
        "Diluted EPS": 0.15,
        "Total Revenue": 43,
        "Gross Profit": 24,
        "Operating Income": 15,
        "EBIT": 18,
        "Net Income": 9
    },
    "2019-09-30": {
        "Diluted EPS": 0.1,
        "Total Revenue": 33,
        "Gross Profit": 15,
        "Operating Income": 7,
        "EBIT": 10,
        "Net Income": 6
    },
    "2019-06-30": {
        "Diluted EPS": 0.17,
        "Total Revenue": 36,
        "Gross Profit": 18,
        "Operating Income": 11,
        "EBIT": 13,
        "Net Income": 10
    },
    "2019-03-31": {
        "Diluted EPS": 0.03,
        "Total Revenue": 16,
        "Gross Profit": 6,
        "Operating Income": -2,
        "EBIT": 0,
        "Net Income": 2
    },
    "2018-12-31": {
        "Diluted EPS": 0.01,
        "Total Revenue": 16,
        "Gross Profit": 5,
        "Operating Income": -1,
        "EBIT": 1,
        "Net Income": 0
    },
    "2018-09-30": {
        "Diluted EPS": 0.09,
        "Total Revenue": 24,
        "Gross Profit": 9,
        "Operating Income": 2,
        "EBIT": 4,
        "Net Income": 5
    },
    "2018-06-30": {
        "Diluted EPS": 0.41,
        "Total Revenue": 50,
        "Gross Profit": 37,
        "Operating Income": 29,
        "EBIT": 32,
        "Net Income": 26
    },
    "2018-03-31": {
        "Diluted EPS": 0.01,
        "Total Revenue": 20,
        "Gross Profit": 8,
        "Operating Income": -1,
        "EBIT": 2,
        "Net Income": 1
    },
    "2017-12-31": {
        "Diluted EPS": 0.55,
        "Total Revenue": 22,
        "Gross Profit": 6,
        "Operating Income": -2,
        "EBIT": 1,
        "Net Income": 39
    },
    "2017-09-30": {
        "Diluted EPS": 0.08,
        "Total Revenue": 34,
        "Gross Profit": 12,
        "Operating Income": 5,
        "EBIT": 7,
        "Net Income": 6
    },
    "2017-06-30": {
        "Diluted EPS": 0.15,
        "Total Revenue": 31,
        "Gross Profit": 11,
        "Operating Income": 5,
        "EBIT": 7,
        "Net Income": 11
    },
    "2017-03-31": {
        "Diluted EPS": 0.06,
        "Total Revenue": 14,
        "Gross Profit": 4,
        "Operating Income": -5,
        "EBIT": -3,
        "Net Income": 4
    },
    "2016-12-31": {
        "Diluted EPS": 0.03,
        "Total Revenue": 20,
        "Gross Profit": 8,
        "Operating Income": 0,
        "EBIT": 2,
        "Net Income": 3
    },
    "2016-09-30": {
        "Diluted EPS": 0.04,
        "Total Revenue": 27,
        "Gross Profit": 9,
        "Operating Income": 2,
        "EBIT": 4,
        "Net Income": 3
    },
    "2016-06-30": {
        "Diluted EPS": 0.02,
        "Total Revenue": 30,
        "Gross Profit": 10,
        "Operating Income": 2,
        "EBIT": 4,
        "Net Income": 2
    },
    "2016-03-31": {
        "Diluted EPS": 0.12,
        "Total Revenue": 20,
        "Gross Profit": 8,
        "Operating Income": -1,
        "EBIT": 1,
        "Net Income": 9
    },
    "2015-12-31": {
        "Diluted EPS": -0.03,
        "Total Revenue": 21,
        "Gross Profit": 7,
        "Operating Income": -4,
        "EBIT": -2,
        "Net Income": -3
    },
    "2015-09-30": {
        "Diluted EPS": 0.03,
        "Total Revenue": 28,
        "Gross Profit": 10,
        "Operating Income": -2,
        "EBIT": 0,
        "Net Income": 3
    },
    "2015-06-30": {
        "Diluted EPS": 0.0,
        "Total Revenue": 38,
        "Gross Profit": 16,
        "Operating Income": 6,
        "EBIT": 8,
        "Net Income": 0
    },
    "2015-03-31": {
        "Diluted EPS": -0.02,
        "Total Revenue": 17,
        "Gross Profit": 4,
        "Operating Income": -6,
        "EBIT": -3,
        "Net Income": -2
    },
    "2014-12-31": {
        "Diluted EPS": -0.13,
        "Total Revenue": 16,
        "Gross Profit": 4,
        "Operating Income": -16,
        "EBIT": -14,
        "Net Income": -11
    },
    "2014-09-30": {
        "Diluted EPS": -0.0,
        "Total Revenue": 24,
        "Gross Profit": 7,
        "Operating Income": -1,
        "EBIT": 1,
        "Net Income": 0
    },
    "2014-06-30": {
        "Diluted EPS": 0.16,
        "Total Revenue": 68,
        "Gross Profit": 34,
        "Operating Income": 21,
        "EBIT": 23,
        "Net Income": 15
    },
    "2014-03-31": {
        "Diluted EPS": 4.37,
        "Total Revenue": 594,
        "Gross Profit": 520,
        "Operating Income": 509,
        "EBIT": 512,
        "Net Income": 403
    },
    "2013-12-31": {
        "Diluted EPS": 0.0,
        "Total Revenue": 34,
        "Gross Profit": 14,
        "Operating Income": -2,
        "EBIT": 0,
        "Net Income": 1
    },
    "2013-09-30": {
        "Diluted EPS": 0.05,
        "Total Revenue": 37,
        "Gross Profit": 13,
        "Operating Income": 3,
        "EBIT": 6,
        "Net Income": 4
    },
    "2013-06-30": {
        "Diluted EPS": 0.03,
        "Total Revenue": 34,
        "Gross Profit": 12,
        "Operating Income": 2,
        "EBIT": 4,
        "Net Income": 3
    },
    "2013-03-31": {
        "Diluted EPS": -0.03,
        "Total Revenue": 27,
        "Gross Profit": 7,
        "Operating Income": -2,
        "EBIT": 0,
        "Net Income": -2
    },
    "2012-12-31": {
        "Diluted EPS": -0.09,
        "Total Revenue": 23,
        "Gross Profit": 5,
        "Operating Income": -9,
        "EBIT": -6,
        "Net Income": -9
    },
    "2012-09-30": {
        "Diluted EPS": 0.17,
        "Total Revenue": 56,
        "Gross Profit": 24,
        "Operating Income": 15,
        "EBIT": 18,
        "Net Income": 15
    },
    "2012-06-30": {
        "Diluted EPS": 0.0,
        "Total Revenue": 30,
        "Gross Profit": 9,
        "Operating Income": -2,
        "EBIT": 0,
        "Net Income": 0
    },
    "2012-03-31": {
        "Diluted EPS": -0.01,
        "Total Revenue": 31,
        "Gross Profit": 9,
        "Operating Income": -2,
        "EBIT": 1,
        "Net Income": -1
    },
    "2011-12-31": {
        "Diluted EPS": -3.56,
        "Total Revenue": 20,
        "Gross Profit": 2,
        "Operating Income": -383,
        "EBIT": -380,
        "Net Income": -329
    },
    "2011-09-30": {
        "Diluted EPS": -0.03,
        "Total Revenue": 27,
        "Gross Profit": 7,
        "Operating Income": -4,
        "EBIT": -1,
        "Net Income": -2
    },
    "2011-06-30": {
        "Diluted EPS": -0.14,
        "Total Revenue": 25,
        "Gross Profit": 5,
        "Operating Income": -21,
        "EBIT": -17,
        "Net Income": -13
    },
    "2011-03-31": {
        "Diluted EPS": 0.15,
        "Total Revenue": 73,
        "Gross Profit": 58,
        "Operating Income": 21,
        "EBIT": 28,
        "Net Income": 14
    },
    "2010-12-31": {
        "Diluted EPS": -0.03,
        "Total Revenue": 37,
        "Gross Profit": 20,
        "Operating Income": -1,
        "EBIT": 2,
        "Net Income": -3
    },
    "2010-09-30": {
        "Diluted EPS": -0.14,
        "Total Revenue": 27,
        "Gross Profit": 9,
        "Operating Income": -18,
        "EBIT": -15,
        "Net Income": -13
    },
    "2010-06-30": {
        "Diluted EPS": -0.09,
        "Total Revenue": 22,
        "Gross Profit": 6,
        "Operating Income": -15,
        "EBIT": -12,
        "Net Income": -9
    },
    "2010-03-31": {
        "Diluted EPS": -0.13,
        "Total Revenue": 13,
        "Gross Profit": 1,
        "Operating Income": -17,
        "EBIT": -14,
        "Net Income": -11
    },
    "2009-12-31": {
        "Diluted EPS": -0.64,
        "Total Revenue": 37,
        "Gross Profit": 4,
        "Operating Income": -87,
        "EBIT": -83,
        "Net Income": -59
    },
    "2009-09-30": {
        "Diluted EPS": -0.16,
        "Total Revenue": 42,
        "Gross Profit": 4,
        "Operating Income": -27,
        "EBIT": -23,
        "Net Income": -14
    },
    "2009-06-30": {
        "Diluted EPS": -0.49,
        "Total Revenue": 39,
        "Gross Profit": 12,
        "Operating Income": -75,
        "EBIT": -71,
        "Net Income": -45
    },
    "2009-03-31": {
        "Diluted EPS": -0.13,
        "Total Revenue": 20,
        "Gross Profit": 5,
        "Operating Income": -20,
        "EBIT": -16,
        "Net Income": -12
    },
    "2023-09-30": {
        "Tax Effect Of Unusual Items": 0.0,
        "Tax Rate For Calcs": 0.258,
        "Normalized EBITDA": 44589000.0,
        "Total Unusual Items": 1099000.0,
        "Total Unusual Items Excluding Goodwill": 1099000.0,
        "Net Income From Continuing Operation Net Minority Interest": 19409000.0,
        "Reconciled Depreciation": 10713000.0,
        "Reconciled Cost Of Revenue": 66014000.0,
        "EBITDA": 44589000.0,
        "EBIT": 33876000.0,
        "Net Interest Income": -3663000.0,
        "Interest Expense": 8411000.0,
        "Interest Income": 4748000.0,
        "Normalized Income": 19409000.0,
        "Net Income From Continuing And Discontinued Operation": 19409000.0,
        "Total Expenses": 81127000.0,
        "Rent Expense Supplemental": 6895000.0,
        "Total Operating Income As Reported": 20293000.0,
        "Diluted Average Shares": 58334828.0,
        "Basic Average Shares": 58314117.0,
        "Diluted EPS": 0.33,
        "Basic EPS": 0.33,
        "Diluted NI Availto Com Stockholders": 19409000.0,
        "Net Income Common Stockholders": 19409000.0,
        "Net Income": 19409000.0,
        "Minority Interests": 708000.0,
        "Net Income Including Noncontrolling Interests": 18701000.0,
        "Net Income Continuous Operations": 18701000.0,
        "Tax Provision": 6764000.0,
        "Pretax Income": 25465000.0,
        "Other Income Expense": 8835000.0,
        "Other Non Operating Income Expenses": 51000.0,
        "Special Income Charges": 0.0,
        "Earnings From Equity Interest": 8784000.0,
        "Gain On Sale Of Security": 1099000.0,
        "Net Non Operating Interest Income Expense": -3663000.0,
        "Interest Expense Non Operating": 8411000.0,
        "Interest Income Non Operating": 4748000.0,
        "Operating Income": 20263000.0,
        "Operating Expense": 15112000.0,
        "Other Operating Expenses": 400000.0,
        "Depreciation Amortization Depletion Income Statement": 10712000.0,
        "Selling General And Administration": 4000000.0,
        "Selling And Marketing Expense": 300000.0,
        "General And Administrative Expense": 3700000.0,
        "Other Gand A": 1100000.0,
        "Rent And Landing Fees": 100000.0,
        "Salaries And Wages": 2500000.0,
        "Gross Profit": 35375000.0,
        "Cost Of Revenue": 66015000.0,
        "Total Revenue": 101390000.0,
        "Operating Revenue": 101390000.0
    },
    "2023-12-31": {
        "Tax Effect Of Unusual Items": 0.0,
        "Tax Rate For Calcs": 0.263255,
        "Normalized EBITDA": 36399000.0,
        "Total Unusual Items": 0.0,
        "Total Unusual Items Excluding Goodwill": 0.0,
        "Net Income From Continuing Operation Net Minority Interest": 13185000.0,
        "Reconciled Depreciation": 11274000.0,
        "Reconciled Cost Of Revenue": 47187000.0,
        "EBITDA": 36399000.0,
        "EBIT": 25125000.0,
        "Net Interest Income": -5262000.0,
        "Interest Expense": 8791000.0,
        "Interest Income": 3529000.0,
        "Normalized Income": 13185000.0,
        "Net Income From Continuing And Discontinued Operation": 13185000.0,
        "Total Expenses": 69458000.0,
        "Rent Expense Supplemental": 6819000.0,
        "Total Operating Income As Reported": 17306000.0,
        "Diluted Average Shares": 58314117.0,
        "Basic Average Shares": 58314117.0,
        "Diluted EPS": 0.23,
        "Basic EPS": 0.23,
        "Diluted NI Availto Com Stockholders": 13185000.0,
        "Net Income Common Stockholders": 13185000.0,
        "Net Income": 13185000.0,
        "Minority Interests": 1151000.0,
        "Net Income Including Noncontrolling Interests": 12034000.0,
        "Net Income Continuous Operations": 12034000.0,
        "Tax Provision": 4300000.0,
        "Pretax Income": 16334000.0,
        "Other Income Expense": 4290000.0,
        "Other Non Operating Income Expenses": -87000.0,
        "Special Income Charges": 0.0,
        "Earnings From Equity Interest": 4377000.0,
        "Gain On Sale Of Security": 0.0,
        "Net Non Operating Interest Income Expense": -5262000.0,
        "Interest Expense Non Operating": 8791000.0,
        "Interest Income Non Operating": 3529000.0,
        "Operating Income": 17280000.0,
        "Operating Expense": 22271000.0,
        "Other Operating Expenses": 22597000.0,
        "Depreciation Amortization Depletion Income Statement": 11274000.0,
        "Selling General And Administration": NaN,
        "Selling And Marketing Expense": NaN,
        "General And Administrative Expense": NaN,
        "Other Gand A": NaN,
        "Rent And Landing Fees": NaN,
        "Salaries And Wages": NaN,
        "Gross Profit": 39551000.0,
        "Cost Of Revenue": 47187000.0,
        "Total Revenue": 86738000.0,
        "Operating Revenue": 86738000.0
    },
    "2024-03-31": {
        "Tax Effect Of Unusual Items": 0.0,
        "Tax Rate For Calcs": 0.25,
        "Normalized EBITDA": 37486000.0,
        "Total Unusual Items": NaN,
        "Total Unusual Items Excluding Goodwill": NaN,
        "Net Income From Continuing Operation Net Minority Interest": 13915000.0,
        "Reconciled Depreciation": 11182000.0,
        "Reconciled Cost Of Revenue": 53551000.0,
        "EBITDA": 37486000.0,
        "EBIT": 26304000.0,
        "Net Interest Income": -5112000.0,
        "Interest Expense": 8553000.0,
        "Interest Income": 3441000.0,
        "Normalized Income": 13915000.0,
        "Net Income From Continuing And Discontinued Operation": 13915000.0,
        "Total Expenses": 71835000.0,
        "Rent Expense Supplemental": 7175000.0,
        "Total Operating Income As Reported": 15952000.0,
        "Diluted Average Shares": 58341335.0,
        "Basic Average Shares": 58320489.0,
        "Diluted EPS": 0.24,
        "Basic EPS": 0.24,
        "Diluted NI Availto Com Stockholders": 13915000.0,
        "Net Income Common Stockholders": 13915000.0,
        "Net Income": 13915000.0,
        "Minority Interests": 813000.0,
        "Net Income Including Noncontrolling Interests": 13102000.0,
        "Net Income Continuous Operations": 13102000.0,
        "Tax Provision": 4649000.0,
        "Pretax Income": 17751000.0,
        "Other Income Expense": 6911000.0,
        "Other Non Operating Income Expenses": -463000.0,
        "Special Income Charges": NaN,
        "Earnings From Equity Interest": 7374000.0,
        "Gain On Sale Of Security": NaN,
        "Net Non Operating Interest Income Expense": -5112000.0,
        "Interest Expense Non Operating": 8553000.0,
        "Interest Income Non Operating": 3441000.0,
        "Operating Income": 15952000.0,
        "Operating Expense": 18284000.0,
        "Other Operating Expenses": 7102000.0,
        "Depreciation Amortization Depletion Income Statement": 11182000.0,
        "Selling General And Administration": NaN,
        "Selling And Marketing Expense": NaN,
        "General And Administrative Expense": NaN,
        "Other Gand A": NaN,
        "Rent And Landing Fees": NaN,
        "Salaries And Wages": NaN,
        "Gross Profit": 34236000.0,
        "Cost Of Revenue": 53551000.0,
        "Total Revenue": 87787000.0,
        "Operating Revenue": 87787000.0
    },
    "2024-06-30": {
        "Tax Effect Of Unusual Items": 0.0,
        "Tax Rate For Calcs": 0.253,
        "Normalized EBITDA": 52639000.0,
        "Total Unusual Items": NaN,
        "Total Unusual Items Excluding Goodwill": NaN,
        "Net Income From Continuing Operation Net Minority Interest": 24518000.0,
        "Reconciled Depreciation": 11295000.0,
        "Reconciled Cost Of Revenue": 63035000.0,
        "EBITDA": 52639000.0,
        "EBIT": 41344000.0,
        "Net Interest Income": -5113000.0,
        "Interest Expense": 8519000.0,
        "Interest Income": 3406000.0,
        "Normalized Income": 24518000.0,
        "Net Income From Continuing And Discontinued Operation": 24518000.0,
        "Total Expenses": 79030000.0,
        "Rent Expense Supplemental": 7417000.0,
        "Total Operating Income As Reported": 32629000.0,
        "Diluted Average Shares": 58346883.0,
        "Basic Average Shares": 58331818.0,
        "Diluted EPS": 0.42,
        "Basic EPS": 0.42,
        "Diluted NI Availto Com Stockholders": 24518000.0,
        "Net Income Common Stockholders": 24518000.0,
        "Net Income": 24518000.0,
        "Minority Interests": -6000.0,
        "Net Income Including Noncontrolling Interests": 24524000.0,
        "Net Income Continuous Operations": 24524000.0,
        "Tax Provision": 8301000.0,
        "Pretax Income": 32825000.0,
        "Other Income Expense": 5309000.0,
        "Other Non Operating Income Expenses": -102000.0,
        "Special Income Charges": NaN,
        "Earnings From Equity Interest": 5411000.0,
        "Gain On Sale Of Security": NaN,
        "Net Non Operating Interest Income Expense": -5113000.0,
        "Interest Expense Non Operating": 8519000.0,
        "Interest Income Non Operating": 3406000.0,
        "Operating Income": 32576000.0,
        "Operating Expense": 15995000.0,
        "Other Operating Expenses": 500000.0,
        "Depreciation Amortization Depletion Income Statement": 11295000.0,
        "Selling General And Administration": 4200000.0,
        "Selling And Marketing Expense": 400000.0,
        "General And Administrative Expense": 3800000.0,
        "Other Gand A": 600000.0,
        "Rent And Landing Fees": 100000.0,
        "Salaries And Wages": 3100000.0,
        "Gross Profit": 48571000.0,
        "Cost Of Revenue": 63035000.0,
        "Total Revenue": 111606000.0,
        "Operating Revenue": 111606000.0
    },
    "2024-09-30": {
        "Tax Effect Of Unusual Items": 0.0,
        "Tax Rate For Calcs": 0.276,
        "Normalized EBITDA": 43225000.0,
        "Total Unusual Items": NaN,
        "Total Unusual Items Excluding Goodwill": NaN,
        "Net Income From Continuing Operation Net Minority Interest": 16835000.0,
        "Reconciled Depreciation": 11783000.0,
        "Reconciled Cost Of Revenue": 61360000.0,
        "EBITDA": 43225000.0,
        "EBIT": 31442000.0,
        "Net Interest Income": -4939000.0,
        "Interest Expense": 8384000.0,
        "Interest Income": 3445000.0,
        "Normalized Income": 16835000.0,
        "Net Income From Continuing And Discontinued Operation": 16835000.0,
        "Total Expenses": 77743000.0,
        "Rent Expense Supplemental": 7952000.0,
        "Total Operating Income As Reported": 21272000.0,
        "Diluted Average Shares": 58331818.0,
        "Basic Average Shares": 58331818.0,
        "Diluted EPS": 0.29,
        "Basic EPS": 0.29,
        "Diluted NI Availto Com Stockholders": 16835000.0,
        "Net Income Common Stockholders": 16835000.0,
        "Net Income": 16835000.0,
        "Minority Interests": 186000.0,
        "Net Income Including Noncontrolling Interests": 16649000.0,
        "Net Income Continuous Operations": 16649000.0,
        "Tax Provision": 6409000.0,
        "Pretax Income": 23058000.0,
        "Other Income Expense": 6725000.0,
        "Other Non Operating Income Expenses": -50000.0,
        "Special Income Charges": NaN,
        "Earnings From Equity Interest": 6775000.0,
        "Gain On Sale Of Security": NaN,
        "Net Non Operating Interest Income Expense": -4939000.0,
        "Interest Expense Non Operating": 8384000.0,
        "Interest Income Non Operating": 3445000.0,
        "Operating Income": 21268000.0,
        "Operating Expense": 16382000.0,
        "Other Operating Expenses": 400000.0,
        "Depreciation Amortization Depletion Income Statement": 11782000.0,
        "Selling General And Administration": 4200000.0,
        "Selling And Marketing Expense": 200000.0,
        "General And Administrative Expense": 4000000.0,
        "Other Gand A": 800000.0,
        "Rent And Landing Fees": 200000.0,
        "Salaries And Wages": 3000000.0,
        "Gross Profit": 37650000.0,
        "Cost Of Revenue": 61361000.0,
        "Total Revenue": 99011000.0,
        "Operating Revenue": 99011000.0
    }
}