{
    "2023-03-31": {
        "Tax Effect Of Unusual Items": 0.0,
        "Tax Rate For Calcs": 0.255,
        "Normalized EBITDA": 24052000.0,
        "Net Income From Continuing Operation Net Minority Interest": 14861000.0,
        "Reconciled Depreciation": 4066000.0,
        "Reconciled Cost Of Revenue": 126780000.0,
        "EBITDA": 24052000.0,
        "EBIT": 19986000.0,
        "Net Interest Income": 697000.0,
        "Interest Expense": 38000.0,
        "Interest Income": 735000.0,
        "Normalized Income": 14861000.0,
        "Net Income From Continuing And Discontinued Operation": 14861000.0,
        "Total Expenses": 190725000.0,
        "Total Operating Income As Reported": 11390000.0,
        "Diluted Average Shares": 10198000.0,
        "Basic Average Shares": 10178000.0,
        "Diluted EPS": 1.45,
        "Basic EPS": 1.47,
        "Diluted NI Availto Com Stockholders": 14861000.0,
        "Net Income Common Stockholders": 14861000.0,
        "Net Income": 14861000.0,
        "Net Income Including Noncontrolling Interests": 14861000.0,
        "Net Income Continuous Operations": 14861000.0,
        "Tax Provision": 5087000.0,
        "Pretax Income": 19948000.0,
        "Other Income Expense": 7861000.0,
        "Other Non Operating Income Expenses": 7861000.0,
        "Net Non Operating Interest Income Expense": 697000.0,
        "Interest Expense Non Operating": 38000.0,
        "Interest Income Non Operating": 735000.0,
        "Operating Income": 11390000.0,
        "Operating Expense": 63945000.0,
        "Research And Development": 8340000.0,
        "Selling General And Administration": 55605000.0,
        "Selling And Marketing Expense": 40583000.0,
        "General And Administrative Expense": 15022000.0,
        "Other Gand A": 15022000.0,
        "Gross Profit": 75335000.0,
        "Cost Of Revenue": 126780000.0,
        "Total Revenue": 202115000.0,
        "Operating Revenue": 202115000.0
    },
    "2022-12-31": {
        "Tax Effect Of Unusual Items": 0.0,
        "Tax Rate For Calcs": 0.280064,
        "Normalized EBITDA": 11966000.0,
        "Net Income From Continuing Operation Net Minority Interest": 5879000.0,
        "Reconciled Depreciation": 3763000.0,
        "Reconciled Cost Of Revenue": 115558000.0,
        "EBITDA": 11966000.0,
        "EBIT": 8203000.0,
        "Net Interest Income": 790000.0,
        "Interest Expense": 37000.0,
        "Interest Income": 827000.0,
        "Normalized Income": 5879000.0,
        "Net Income From Continuing And Discontinued Operation": 5879000.0,
        "Total Expenses": 172865000.0,
        "Total Operating Income As Reported": 5472000.0,
        "Diluted Average Shares": 10168000.0,
        "Basic Average Shares": 10147000.0,
        "Diluted EPS": 0.57,
        "Basic EPS": 0.58,
        "Diluted NI Availto Com Stockholders": 5879000.0,
        "Net Income Common Stockholders": 5879000.0,
        "Net Income": 5879000.0,
        "Net Income Including Noncontrolling Interests": 5879000.0,
        "Net Income Continuous Operations": 5879000.0,
        "Tax Provision": 2287000.0,
        "Pretax Income": 8166000.0,
        "Other Income Expense": 1904000.0,
        "Other Non Operating Income Expenses": 1904000.0,
        "Net Non Operating Interest Income Expense": 790000.0,
        "Interest Expense Non Operating": 37000.0,
        "Interest Income Non Operating": 827000.0,
        "Operating Income": 5472000.0,
        "Operating Expense": 57307000.0,
        "Research And Development": 7525000.0,
        "Selling General And Administration": 49782000.0,
        "Selling And Marketing Expense": 33498000.0,
        "General And Administrative Expense": 16284000.0,
        "Other Gand A": 16284000.0,
        "Gross Profit": 62779000.0,
        "Cost Of Revenue": 115558000.0,
        "Total Revenue": 178337000.0,
        "Operating Revenue": 178337000.0
    },
    "2022-09-30": {
        "Tax Effect Of Unusual Items": 0.0,
        "Tax Rate For Calcs": 0.185057,
        "Normalized EBITDA": 13322000.0,
        "Net Income From Continuing Operation Net Minority Interest": 9653000.0,
        "Reconciled Depreciation": 3800000.0,
        "Reconciled Cost Of Revenue": 127782000.0,
        "EBITDA": 13322000.0,
        "EBIT": 13322000.0,
        "Net Interest Income": 432000.0,
        "Interest Expense": 36000.0,
        "Interest Income": 432000.0,
        "Normalized Income": 9653000.0,
        "Net Income From Continuing And Discontinued Operation": 9653000.0,
        "Total Expenses": 183067000.0,
        "Total Operating Income As Reported": 13322000.0,
        "Diluted Average Shares": 10192051.0,
        "Basic Average Shares": 10192051.0,
        "Diluted EPS": 0.947111,
        "Basic EPS": 0.947111,
        "Diluted NI Availto Com Stockholders": 9653000.0,
        "Net Income Common Stockholders": 9653000.0,
        "Net Income": 9653000.0,
        "Net Income Including Noncontrolling Interests": 9653000.0,
        "Net Income Continuous Operations": 9653000.0,
        "Tax Provision": 2192000.0,
        "Pretax Income": 11845000.0,
        "Other Income Expense": -1909000.0,
        "Other Non Operating Income Expenses": -1909000.0,
        "Net Non Operating Interest Income Expense": 432000.0,
        "Total Other Finance Cost": NaN,
        "Interest Expense Non Operating": 36000.0,
        "Interest Income Non Operating": 432000.0,
        "Operating Income": 13322000.0,
        "Operating Expense": 55285000.0,
        "Research And Development": 7473000.0,
        "Selling General And Administration": 47812000.0,
        "Selling And Marketing Expense": 35145000.0,
        "General And Administrative Expense": 12667000.0,
        "Other Gand A": 12667000.0,
        "Gross Profit": 68607000.0,
        "Cost Of Revenue": 127782000.0,
        "Total Revenue": 196389000.0,
        "Operating Revenue": 196389000.0
    },
    "2022-06-30": {
        "Tax Effect Of Unusual Items": 0.0,
        "Tax Rate For Calcs": 0.268,
        "Normalized EBITDA": 22794000.0,
        "Net Income From Continuing Operation Net Minority Interest": 14082000.0,
        "Reconciled Depreciation": 3520000.0,
        "Reconciled Cost Of Revenue": 130310000.0,
        "EBITDA": 22794000.0,
        "EBIT": 19274000.0,
        "Net Interest Income": 114000.0,
        "Interest Expense": 30000.0,
        "Interest Income": 144000.0,
        "Normalized Income": 14082000.0,
        "Net Income From Continuing And Discontinued Operation": 14082000.0,
        "Total Expenses": 180020000.0,
        "Total Operating Income As Reported": 23799000.0,
        "Diluted Average Shares": 10161000.0,
        "Basic Average Shares": 10132000.0,
        "Diluted EPS": 1.38,
        "Basic EPS": 1.4,
        "Diluted NI Availto Com Stockholders": 14082000.0,
        "Net Income Common Stockholders": 14082000.0,
        "Net Income": 14082000.0,
        "Net Income Including Noncontrolling Interests": 14082000.0,
        "Net Income Continuous Operations": 14082000.0,
        "Tax Provision": 5162000.0,
        "Pretax Income": 19244000.0,
        "Other Income Expense": -4669000.0,
        "Other Non Operating Income Expenses": -4669000.0,
        "Net Non Operating Interest Income Expense": 114000.0,
        "Total Other Finance Cost": NaN,
        "Interest Expense Non Operating": 30000.0,
        "Interest Income Non Operating": 144000.0,
        "Operating Income": 23799000.0,
        "Operating Expense": 49710000.0,
        "Research And Development": 6614000.0,
        "Selling General And Administration": 43096000.0,
        "Selling And Marketing Expense": 34823000.0,
        "General And Administrative Expense": 8273000.0,
        "Other Gand A": 8273000.0,
        "Gross Profit": 73509000.0,
        "Cost Of Revenue": 130310000.0,
        "Total Revenue": 203819000.0,
        "Operating Revenue": 203819000.0
    },
    "2022-03-31": {
        "Diluted EPS": 0.98,
        "Total Revenue": 190,
        "Gross Profit": 69,
        "Operating Income": 15,
        "EBIT": 19,
        "Net Income": 10
    },
    "2021-12-31": {
        "Diluted EPS": 1.07,
        "Total Revenue": 154,
        "Gross Profit": 61,
        "Operating Income": 14,
        "EBIT": 17,
        "Net Income": 11
    },
    "2021-09-30": {
        "Diluted EPS": 0.65,
        "Total Revenue": 166,
        "Gross Profit": 68,
        "Operating Income": 14,
        "EBIT": 17,
        "Net Income": 7
    },
    "2021-06-30": {
        "Diluted EPS": 2.84,
        "Total Revenue": 214,
        "Gross Profit": 98,
        "Operating Income": 38,
        "EBIT": 41,
        "Net Income": 29
    },
    "2021-03-31": {
        "Diluted EPS": 2.75,
        "Total Revenue": 206,
        "Gross Profit": 93,
        "Operating Income": 36,
        "EBIT": 39,
        "Net Income": 28
    },
    "2020-12-31": {
        "Diluted EPS": 1.97,
        "Total Revenue": 166,
        "Gross Profit": 75,
        "Operating Income": 24,
        "EBIT": 27,
        "Net Income": 20
    },
    "2020-09-30": {
        "Diluted EPS": 1.54,
        "Total Revenue": 165,
        "Gross Profit": 74,
        "Operating Income": 20,
        "EBIT": 23,
        "Net Income": 15
    },
    "2020-06-30": {
        "Diluted EPS": 1.28,
        "Total Revenue": 138,
        "Gross Profit": 63,
        "Operating Income": 13,
        "EBIT": 18,
        "Net Income": 13
    },
    "2020-03-31": {
        "Diluted EPS": 2.03,
        "Total Revenue": 163,
        "Gross Profit": 75,
        "Operating Income": 32,
        "EBIT": 35,
        "Net Income": 20
    },
    "2019-12-31": {
        "Diluted EPS": 0.64,
        "Total Revenue": 128,
        "Gross Profit": 54,
        "Operating Income": 7,
        "EBIT": 10,
        "Net Income": 6
    },
    "2019-09-30": {
        "Diluted EPS": 0.37,
        "Total Revenue": 104,
        "Gross Profit": 47,
        "Operating Income": 2,
        "EBIT": 6,
        "Net Income": 4
    },
    "2019-06-30": {
        "Diluted EPS": 2.2,
        "Total Revenue": 176,
        "Gross Profit": 80,
        "Operating Income": 28,
        "EBIT": 32,
        "Net Income": 22
    },
    "2019-03-31": {
        "Diluted EPS": 2.19,
        "Total Revenue": 178,
        "Gross Profit": 79,
        "Operating Income": 28,
        "EBIT": 31,
        "Net Income": 22
    },
    "2018-12-31": {
        "Diluted EPS": 0.35,
        "Total Revenue": 104,
        "Gross Profit": 44,
        "Operating Income": 6,
        "EBIT": 9,
        "Net Income": 4
    },
    "2018-09-30": {
        "Diluted EPS": -0.49,
        "Total Revenue": 91,
        "Gross Profit": 40,
        "Operating Income": -2,
        "EBIT": 2,
        "Net Income": -5
    },
    "2018-06-30": {
        "Diluted EPS": 2.38,
        "Total Revenue": 171,
        "Gross Profit": 79,
        "Operating Income": 32,
        "EBIT": 35,
        "Net Income": 24
    },
    "2018-03-31": {
        "Diluted EPS": 2.16,
        "Total Revenue": 166,
        "Gross Profit": 74,
        "Operating Income": 26,
        "EBIT": 29,
        "Net Income": 22
    },
    "2017-12-31": {
        "Diluted EPS": 0.02,
        "Total Revenue": 117,
        "Gross Profit": 49,
        "Operating Income": 7,
        "EBIT": 10,
        "Net Income": 0
    },
    "2017-09-30": {
        "Diluted EPS": 0.05,
        "Total Revenue": 92,
        "Gross Profit": 39,
        "Operating Income": 0,
        "EBIT": 3,
        "Net Income": 1
    },
    "2017-06-30": {
        "Diluted EPS": 1.67,
        "Total Revenue": 155,
        "Gross Profit": 71,
        "Operating Income": 25,
        "EBIT": 28,
        "Net Income": 17
    },
    "2017-03-31": {
        "Diluted EPS": 1.41,
        "Total Revenue": 150,
        "Gross Profit": 65,
        "Operating Income": 20,
        "EBIT": 24,
        "Net Income": 14
    },
    "2016-12-31": {
        "Diluted EPS": 0.41,
        "Total Revenue": 94,
        "Gross Profit": 37,
        "Operating Income": 0,
        "EBIT": 4,
        "Net Income": 4
    },
    "2016-09-30": {
        "Diluted EPS": -0.22,
        "Total Revenue": 75,
        "Gross Profit": 29,
        "Operating Income": -5,
        "EBIT": -2,
        "Net Income": -2
    },
    "2016-06-30": {
        "Diluted EPS": 0.69,
        "Total Revenue": 139,
        "Gross Profit": 59,
        "Operating Income": 14,
        "EBIT": 17,
        "Net Income": 7
    },
    "2016-03-31": {
        "Diluted EPS": 0.95,
        "Total Revenue": 134,
        "Gross Profit": 55,
        "Operating Income": 15,
        "EBIT": 18,
        "Net Income": 9
    },
    "2015-12-31": {
        "Diluted EPS": -0.05,
        "Total Revenue": 85,
        "Gross Profit": 33,
        "Operating Income": -1,
        "EBIT": 2,
        "Net Income": -1
    },
    "2015-09-30": {
        "Diluted EPS": 0.11,
        "Total Revenue": 86,
        "Gross Profit": 34,
        "Operating Income": 1,
        "EBIT": 4,
        "Net Income": 1
    },
    "2015-06-30": {
        "Diluted EPS": 1.03,
        "Total Revenue": 141,
        "Gross Profit": 59,
        "Operating Income": 16,
        "EBIT": 19,
        "Net Income": 10
    },
    "2015-03-31": {
        "Diluted EPS": 0.37,
        "Total Revenue": 133,
        "Gross Profit": 52,
        "Operating Income": 8,
        "EBIT": 11,
        "Net Income": 4
    },
    "2014-12-31": {
        "Diluted EPS": -0.42,
        "Total Revenue": 71,
        "Gross Profit": 27,
        "Operating Income": -7,
        "EBIT": -4,
        "Net Income": -4
    },
    "2014-09-30": {
        "Diluted EPS": -0.09,
        "Total Revenue": 85,
        "Gross Profit": 34,
        "Operating Income": -1,
        "EBIT": 2,
        "Net Income": -1
    },
    "2014-06-30": {
        "Diluted EPS": 0.49,
        "Total Revenue": 137,
        "Gross Profit": 56,
        "Operating Income": 9,
        "EBIT": 12,
        "Net Income": 5
    },
    "2014-03-31": {
        "Diluted EPS": 0.77,
        "Total Revenue": 124,
        "Gross Profit": 49,
        "Operating Income": 12,
        "EBIT": 14,
        "Net Income": 7
    },
    "2013-12-31": {
        "Diluted EPS": -0.22,
        "Total Revenue": 79,
        "Gross Profit": 30,
        "Operating Income": -3,
        "EBIT": 0,
        "Net Income": -2
    },
    "2013-09-30": {
        "Diluted EPS": -0.37,
        "Total Revenue": 77,
        "Gross Profit": 29,
        "Operating Income": -5,
        "EBIT": -2,
        "Net Income": -4
    },
    "2013-06-30": {
        "Diluted EPS": 1.43,
        "Total Revenue": 130,
        "Gross Profit": 54,
        "Operating Income": 16,
        "EBIT": 19,
        "Net Income": 14
    },
    "2013-03-31": {
        "Diluted EPS": 0.94,
        "Total Revenue": 132,
        "Gross Profit": 54,
        "Operating Income": 13,
        "EBIT": 15,
        "Net Income": 9
    },
    "2012-12-31": {
        "Diluted EPS": 0.03,
        "Total Revenue": 87,
        "Gross Profit": 34,
        "Operating Income": 2,
        "EBIT": 4,
        "Net Income": 0
    },
    "2012-09-30": {
        "Diluted EPS": -0.36,
        "Total Revenue": 75,
        "Gross Profit": 28,
        "Operating Income": -3,
        "EBIT": 0,
        "Net Income": -3
    },
    "2012-06-30": {
        "Diluted EPS": 0.96,
        "Total Revenue": 129,
        "Gross Profit": 54,
        "Operating Income": 14,
        "EBIT": 18,
        "Net Income": 9
    },
    "2012-03-31": {
        "Diluted EPS": 0.78,
        "Total Revenue": 129,
        "Gross Profit": 51,
        "Operating Income": 14,
        "EBIT": 17,
        "Net Income": 7
    },
    "2011-12-31": {
        "Diluted EPS": -0.3,
        "Total Revenue": 80,
        "Gross Profit": 31,
        "Operating Income": -4,
        "EBIT": -1,
        "Net Income": -3
    },
    "2011-09-30": {
        "Diluted EPS": 1.87,
        "Total Revenue": 77,
        "Gross Profit": 29,
        "Operating Income": -4,
        "EBIT": -1,
        "Net Income": 17
    },
    "2011-06-30": {
        "Diluted EPS": 0.87,
        "Total Revenue": 122,
        "Gross Profit": 51,
        "Operating Income": 12,
        "EBIT": 15,
        "Net Income": 8
    },
    "2011-03-31": {
        "Diluted EPS": 0.91,
        "Total Revenue": 129,
        "Gross Profit": 53,
        "Operating Income": 11,
        "EBIT": 14,
        "Net Income": 8
    },
    "2010-12-31": {
        "Diluted EPS": -0.13,
        "Total Revenue": 79,
        "Gross Profit": 31,
        "Operating Income": -1,
        "EBIT": 1,
        "Net Income": -1
    },
    "2010-09-30": {
        "Diluted EPS": -0.63,
        "Total Revenue": 75,
        "Gross Profit": 30,
        "Operating Income": -3,
        "EBIT": 0,
        "Net Income": -6
    },
    "2010-06-30": {
        "Diluted EPS": 1.12,
        "Total Revenue": 124,
        "Gross Profit": 51,
        "Operating Income": 13,
        "EBIT": 16,
        "Net Income": 10
    },
    "2010-03-31": {
        "Diluted EPS": 0.67,
        "Total Revenue": 113,
        "Gross Profit": 45,
        "Operating Income": 8,
        "EBIT": 11,
        "Net Income": 6
    },
    "2009-12-31": {
        "Diluted EPS": -0.45,
        "Total Revenue": 70,
        "Gross Profit": 26,
        "Operating Income": -4,
        "EBIT": 0,
        "Net Income": -4
    },
    "2009-09-30": {
        "Diluted EPS": -1.56,
        "Total Revenue": 65,
        "Gross Profit": 22,
        "Operating Income": -11,
        "EBIT": -5,
        "Net Income": -14
    },
    "2009-06-30": {
        "Diluted EPS": 0.98,
        "Total Revenue": 115,
        "Gross Profit": 46,
        "Operating Income": 11,
        "EBIT": 13,
        "Net Income": 9
    },
    "2009-03-31": {
        "Diluted EPS": 0.27,
        "Total Revenue": 107,
        "Gross Profit": 40,
        "Operating Income": 6,
        "EBIT": 9,
        "Net Income": 2
    },
    "2023-06-30": {
        "Tax Effect Of Unusual Items": 0.0,
        "Tax Rate For Calcs": 0.253,
        "Normalized EBITDA": 23847000.0,
        "Net Income From Continuing Operation Net Minority Interest": 14801000.0,
        "Reconciled Depreciation": 3986000.0,
        "Reconciled Cost Of Revenue": 109460000.0,
        "EBITDA": 23847000.0,
        "EBIT": 19861000.0,
        "Net Interest Income": 1205000.0,
        "Interest Expense": 39000.0,
        "Interest Income": 1244000.0,
        "Normalized Income": 14801000.0,
        "Net Income From Continuing And Discontinued Operation": 14801000.0,
        "Total Expenses": 169604000.0,
        "Total Operating Income As Reported": 17443000.0,
        "Diluted Average Shares": 10210000.0,
        "Basic Average Shares": 10188000.0,
        "Diluted EPS": 1.44,
        "Basic EPS": 1.46,
        "Diluted NI Availto Com Stockholders": 14801000.0,
        "Net Income Common Stockholders": 14801000.0,
        "Net Income": 14801000.0,
        "Net Income Including Noncontrolling Interests": 14801000.0,
        "Net Income Continuous Operations": 14801000.0,
        "Tax Provision": 5021000.0,
        "Pretax Income": 19822000.0,
        "Other Income Expense": 1174000.0,
        "Other Non Operating Income Expenses": 1174000.0,
        "Net Non Operating Interest Income Expense": 1205000.0,
        "Interest Expense Non Operating": 39000.0,
        "Interest Income Non Operating": 1244000.0,
        "Operating Income": 17443000.0,
        "Operating Expense": 60144000.0,
        "Research And Development": 8002000.0,
        "Selling General And Administration": 52142000.0,
        "Selling And Marketing Expense": 39504000.0,
        "General And Administrative Expense": 12638000.0,
        "Other Gand A": 12638000.0,
        "Gross Profit": 77587000.0,
        "Cost Of Revenue": 109460000.0,
        "Total Revenue": 187047000.0,
        "Operating Revenue": 187047000.0
    },
    "2023-09-30": {
        "Tax Effect Of Unusual Items": 0.0,
        "Tax Rate For Calcs": 0.276094,
        "Normalized EBITDA": -17594000.0,
        "Net Income From Continuing Operation Net Minority Interest": -16007000.0,
        "Reconciled Depreciation": 4480000.0,
        "Reconciled Cost Of Revenue": 67959000.0,
        "EBITDA": -17594000.0,
        "EBIT": -22074000.0,
        "Net Interest Income": 1699000.0,
        "Interest Expense": 38000.0,
        "Interest Income": 1737000.0,
        "Normalized Income": -16007000.0,
        "Net Income From Continuing And Discontinued Operation": -16007000.0,
        "Total Expenses": 118910000.0,
        "Total Operating Income As Reported": -22565000.0,
        "Diluted Average Shares": 10250949.0,
        "Basic Average Shares": 10250949.0,
        "Diluted EPS": -1.561514,
        "Basic EPS": -1.561514,
        "Diluted NI Availto Com Stockholders": -16129000.0,
        "Net Income Common Stockholders": -16007000.0,
        "Net Income": -16007000.0,
        "Net Income Including Noncontrolling Interests": -16007000.0,
        "Net Income Continuous Operations": -16007000.0,
        "Tax Provision": -6105000.0,
        "Pretax Income": -22112000.0,
        "Other Income Expense": -1246000.0,
        "Other Non Operating Income Expenses": -1246000.0,
        "Net Non Operating Interest Income Expense": 1699000.0,
        "Interest Expense Non Operating": 38000.0,
        "Interest Income Non Operating": 1737000.0,
        "Operating Income": -22565000.0,
        "Operating Expense": 50951000.0,
        "Research And Development": 7537000.0,
        "Selling General And Administration": 43414000.0,
        "Selling And Marketing Expense": 30861000.0,
        "General And Administrative Expense": 12553000.0,
        "Other Gand A": 12553000.0,
        "Gross Profit": 28386000.0,
        "Cost Of Revenue": 67959000.0,
        "Total Revenue": 96345000.0,
        "Operating Revenue": 96345000.0
    },
    "2023-12-31": {
        "Tax Effect Of Unusual Items": 0.0,
        "Tax Rate For Calcs": 0.329547,
        "Normalized EBITDA": 10964000.0,
        "Net Income From Continuing Operation Net Minority Interest": 3955000.0,
        "Reconciled Depreciation": 5027000.0,
        "Reconciled Cost Of Revenue": 85790000.0,
        "EBITDA": 10964000.0,
        "EBIT": 5937000.0,
        "Net Interest Income": 1160000.0,
        "Interest Expense": 38000.0,
        "Interest Income": 1198000.0,
        "Normalized Income": 3955000.0,
        "Net Income From Continuing And Discontinued Operation": 3955000.0,
        "Total Expenses": 138598000.0,
        "Total Operating Income As Reported": 46000.0,
        "Diluted Average Shares": 10220000.0,
        "Basic Average Shares": 10196000.0,
        "Diluted EPS": 0.38,
        "Basic EPS": 0.39,
        "Diluted NI Availto Com Stockholders": 3955000.0,
        "Net Income Common Stockholders": 3955000.0,
        "Net Income": 3955000.0,
        "Net Income Including Noncontrolling Interests": 3955000.0,
        "Net Income Continuous Operations": 3955000.0,
        "Tax Provision": 1944000.0,
        "Pretax Income": 5899000.0,
        "Other Income Expense": 4693000.0,
        "Other Non Operating Income Expenses": 4693000.0,
        "Net Non Operating Interest Income Expense": 1160000.0,
        "Interest Expense Non Operating": 38000.0,
        "Interest Income Non Operating": 1198000.0,
        "Operating Income": 46000.0,
        "Operating Expense": 52808000.0,
        "Research And Development": 8065000.0,
        "Selling General And Administration": 44743000.0,
        "Selling And Marketing Expense": 30342000.0,
        "General And Administrative Expense": 14401000.0,
        "Other Gand A": 14401000.0,
        "Gross Profit": 52854000.0,
        "Cost Of Revenue": 85790000.0,
        "Total Revenue": 138644000.0,
        "Operating Revenue": 138644000.0
    }
}