{
    "2023-03-31": {
        "Tax Effect Of Unusual Items": NaN,
        "Tax Rate For Calcs": NaN,
        "Normalized EBITDA": NaN,
        "Net Income From Continuing Operation Net Minority Interest": NaN,
        "Reconciled Depreciation": NaN,
        "Reconciled Cost Of Revenue": NaN,
        "EBITDA": NaN,
        "EBIT": NaN,
        "Net Interest Income": NaN,
        "Interest Expense": NaN,
        "Normalized Income": NaN,
        "Net Income From Continuing And Discontinued Operation": NaN,
        "Total Expenses": NaN,
        "Total Operating Income As Reported": NaN,
        "Diluted Average Shares": 12525166.0,
        "Basic Average Shares": 12525166.0,
        "Diluted EPS": -0.16,
        "Basic EPS": -0.16,
        "Diluted NI Availto Com Stockholders": NaN,
        "Net Income Common Stockholders": NaN,
        "Net Income": NaN,
        "Minority Interests": NaN,
        "Net Income Including Noncontrolling Interests": NaN,
        "Net Income Continuous Operations": NaN,
        "Tax Provision": NaN,
        "Pretax Income": NaN,
        "Other Income Expense": NaN,
        "Other Non Operating Income Expenses": NaN,
        "Net Non Operating Interest Income Expense": NaN,
        "Interest Expense Non Operating": NaN,
        "Operating Income": NaN,
        "Operating Expense": NaN,
        "Selling General And Administration": NaN,
        "General And Administrative Expense": NaN,
        "Other Gand A": NaN,
        "Salaries And Wages": NaN,
        "Gross Profit": NaN,
        "Cost Of Revenue": NaN,
        "Total Revenue": NaN,
        "Operating Revenue": NaN
    },
    "2022-12-31": {
        "Tax Effect Of Unusual Items": NaN,
        "Tax Rate For Calcs": NaN,
        "Normalized EBITDA": NaN,
        "Net Income From Continuing Operation Net Minority Interest": NaN,
        "Reconciled Depreciation": NaN,
        "Reconciled Cost Of Revenue": NaN,
        "EBITDA": NaN,
        "EBIT": NaN,
        "Net Interest Income": NaN,
        "Interest Expense": NaN,
        "Normalized Income": NaN,
        "Net Income From Continuing And Discontinued Operation": NaN,
        "Total Expenses": NaN,
        "Total Operating Income As Reported": NaN,
        "Diluted Average Shares": 12412922.0,
        "Basic Average Shares": 12412922.0,
        "Diluted EPS": 0.07,
        "Basic EPS": 0.07,
        "Diluted NI Availto Com Stockholders": NaN,
        "Net Income Common Stockholders": NaN,
        "Net Income": NaN,
        "Minority Interests": 0.0,
        "Net Income Including Noncontrolling Interests": NaN,
        "Net Income Continuous Operations": NaN,
        "Tax Provision": NaN,
        "Pretax Income": NaN,
        "Other Income Expense": NaN,
        "Other Non Operating Income Expenses": NaN,
        "Net Non Operating Interest Income Expense": NaN,
        "Interest Expense Non Operating": NaN,
        "Operating Income": NaN,
        "Operating Expense": NaN,
        "Selling General And Administration": NaN,
        "General And Administrative Expense": NaN,
        "Other Gand A": NaN,
        "Salaries And Wages": NaN,
        "Gross Profit": NaN,
        "Cost Of Revenue": NaN,
        "Total Revenue": NaN,
        "Operating Revenue": NaN
    },
    "2022-09-30": {
        "Tax Effect Of Unusual Items": NaN,
        "Tax Rate For Calcs": NaN,
        "Normalized EBITDA": NaN,
        "Net Income From Continuing Operation Net Minority Interest": NaN,
        "Reconciled Depreciation": NaN,
        "Reconciled Cost Of Revenue": NaN,
        "EBITDA": NaN,
        "EBIT": NaN,
        "Net Interest Income": NaN,
        "Interest Expense": NaN,
        "Normalized Income": NaN,
        "Net Income From Continuing And Discontinued Operation": NaN,
        "Total Expenses": NaN,
        "Total Operating Income As Reported": NaN,
        "Diluted Average Shares": NaN,
        "Basic Average Shares": NaN,
        "Diluted EPS": NaN,
        "Basic EPS": NaN,
        "Diluted NI Availto Com Stockholders": NaN,
        "Net Income Common Stockholders": NaN,
        "Net Income": NaN,
        "Minority Interests": 0.0,
        "Net Income Including Noncontrolling Interests": NaN,
        "Net Income Continuous Operations": NaN,
        "Tax Provision": NaN,
        "Pretax Income": NaN,
        "Other Income Expense": NaN,
        "Other Non Operating Income Expenses": NaN,
        "Net Non Operating Interest Income Expense": NaN,
        "Interest Expense Non Operating": NaN,
        "Operating Income": NaN,
        "Operating Expense": NaN,
        "Selling General And Administration": NaN,
        "General And Administrative Expense": NaN,
        "Other Gand A": NaN,
        "Salaries And Wages": NaN,
        "Gross Profit": NaN,
        "Cost Of Revenue": NaN,
        "Total Revenue": NaN,
        "Operating Revenue": NaN
    },
    "2022-06-30": {
        "Tax Effect Of Unusual Items": 0.0,
        "Tax Rate For Calcs": 0.245421,
        "Normalized EBITDA": 3090762.0,
        "Net Income From Continuing Operation Net Minority Interest": 1721382.0,
        "Reconciled Depreciation": 869757.0,
        "Reconciled Cost Of Revenue": 26814194.0,
        "EBITDA": 3090762.0,
        "EBIT": 2221005.0,
        "Net Interest Income": NaN,
        "Interest Expense": NaN,
        "Normalized Income": 1721382.0,
        "Net Income From Continuing And Discontinued Operation": 1721382.0,
        "Total Expenses": 31215556.0,
        "Total Operating Income As Reported": 2221005.0,
        "Diluted Average Shares": 12502378.0,
        "Basic Average Shares": 12336516.0,
        "Diluted EPS": 0.14,
        "Basic EPS": 0.14,
        "Diluted NI Availto Com Stockholders": 1721382.0,
        "Net Income Common Stockholders": 1721382.0,
        "Net Income": 1721382.0,
        "Minority Interests": NaN,
        "Net Income Including Noncontrolling Interests": 1721382.0,
        "Net Income Continuous Operations": 1721382.0,
        "Tax Provision": 559865.0,
        "Pretax Income": 2281247.0,
        "Other Income Expense": 60242.0,
        "Other Non Operating Income Expenses": 60242.0,
        "Net Non Operating Interest Income Expense": NaN,
        "Interest Expense Non Operating": NaN,
        "Operating Income": 2221005.0,
        "Operating Expense": 4401362.0,
        "Selling General And Administration": 4401362.0,
        "General And Administrative Expense": 4401362.0,
        "Other Gand A": 4106540.0,
        "Salaries And Wages": 294822.0,
        "Gross Profit": 6622367.0,
        "Cost Of Revenue": 26814194.0,
        "Total Revenue": 33436561.0,
        "Operating Revenue": 33436561.0
    },
    "2022-03-31": {
        "Diluted EPS": -0.02,
        "Total Revenue": 31,
        "Gross Profit": 5,
        "Operating Income": 0,
        "EBIT": 1,
        "Net Income": 0
    },
    "2021-12-31": {
        "Diluted EPS": 0.13,
        "Total Revenue": 37,
        "Gross Profit": 7,
        "Operating Income": 2,
        "EBIT": 3,
        "Net Income": 2
    },
    "2021-09-30": {
        "Diluted EPS": 0.39,
        "Total Revenue": 46,
        "Gross Profit": 10,
        "Operating Income": 6,
        "EBIT": 6,
        "Net Income": 4
    },
    "2021-06-30": {
        "Diluted EPS": 0.17,
        "Total Revenue": 30,
        "Gross Profit": 6,
        "Operating Income": 2,
        "EBIT": 3,
        "Net Income": 2
    },
    "2021-03-31": {
        "Diluted EPS": 0.06,
        "Total Revenue": 24,
        "Gross Profit": 5,
        "Operating Income": 1,
        "EBIT": 2,
        "Net Income": 1
    },
    "2020-12-31": {
        "Diluted EPS": 0.01,
        "Total Revenue": 21,
        "Gross Profit": 2,
        "Operating Income": 0,
        "EBIT": 0,
        "Net Income": 0
    },
    "2020-09-30": {
        "Diluted EPS": 0.23,
        "Total Revenue": 27,
        "Gross Profit": 6,
        "Operating Income": 3,
        "EBIT": 3,
        "Net Income": 3
    },
    "2020-06-30": {
        "Diluted EPS": 0.07,
        "Total Revenue": 19,
        "Gross Profit": 3,
        "Operating Income": 1,
        "EBIT": 2,
        "Net Income": 1
    },
    "2020-03-31": {
        "Diluted EPS": -0.06,
        "Total Revenue": 14,
        "Gross Profit": 1,
        "Operating Income": -1,
        "EBIT": 0,
        "Net Income": -1
    },
    "2019-12-31": {
        "Diluted EPS": 0.18,
        "Total Revenue": 25,
        "Gross Profit": 5,
        "Operating Income": 2,
        "EBIT": 3,
        "Net Income": 2
    },
    "2019-09-30": {
        "Diluted EPS": 0.31,
        "Total Revenue": 31,
        "Gross Profit": 7,
        "Operating Income": 4,
        "EBIT": 5,
        "Net Income": 4
    },
    "2019-06-30": {
        "Diluted EPS": 0.14,
        "Total Revenue": 23,
        "Gross Profit": 5,
        "Operating Income": 2,
        "EBIT": 2,
        "Net Income": 2
    },
    "2019-03-31": {
        "Diluted EPS": -0.01,
        "Total Revenue": 14,
        "Gross Profit": 3,
        "Operating Income": 0,
        "EBIT": 0,
        "Net Income": 0
    },
    "2018-12-31": {
        "Diluted EPS": 0.14,
        "Total Revenue": 19,
        "Gross Profit": 3,
        "Operating Income": 1,
        "EBIT": 1,
        "Net Income": 2
    },
    "2018-09-30": {
        "Diluted EPS": 0.4,
        "Total Revenue": 33,
        "Gross Profit": 8,
        "Operating Income": 6,
        "EBIT": 6,
        "Net Income": 5
    },
    "2018-06-30": {
        "Diluted EPS": -0.08,
        "Total Revenue": 18,
        "Gross Profit": 5,
        "Operating Income": -1,
        "EBIT": 0,
        "Net Income": -1
    },
    "2018-03-31": {
        "Diluted EPS": -0.13,
        "Total Revenue": 9,
        "Gross Profit": 2,
        "Operating Income": 0,
        "EBIT": 1,
        "Net Income": -1
    },
    "2017-12-31": {
        "Diluted EPS": 0.23,
        "Total Revenue": 12,
        "Gross Profit": 4,
        "Operating Income": 2,
        "EBIT": 3,
        "Net Income": 2
    },
    "2017-09-30": {
        "Diluted EPS": 0.6,
        "Total Revenue": 28,
        "Gross Profit": 7,
        "Operating Income": 6,
        "EBIT": 6,
        "Net Income": 6
    },
    "2017-06-30": {
        "Diluted EPS": 0.37,
        "Total Revenue": 21,
        "Gross Profit": 5,
        "Operating Income": 3,
        "EBIT": 4,
        "Net Income": 3
    },
    "2017-03-31": {
        "Diluted EPS": 0.0,
        "Total Revenue": NaN,
        "Gross Profit": NaN,
        "Operating Income": NaN,
        "EBIT": NaN,
        "Net Income": NaN
    },
    "2016-12-31": {
        "Diluted EPS": 0.27,
        "Total Revenue": 13,
        "Gross Profit": 4,
        "Operating Income": 2,
        "EBIT": 3,
        "Net Income": 2
    },
    "2016-09-30": {
        "Diluted EPS": 0.31,
        "Total Revenue": 19,
        "Gross Profit": 4,
        "Operating Income": 3,
        "EBIT": 3,
        "Net Income": 3
    },
    "2023-06-30": {
        "Tax Effect Of Unusual Items": 0.0,
        "Tax Rate For Calcs": 0.376,
        "Normalized EBITDA": 1995935.0,
        "Net Income From Continuing Operation Net Minority Interest": 496526.0,
        "Reconciled Depreciation": 813888.0,
        "Reconciled Cost Of Revenue": 29168117.0,
        "EBITDA": 1995935.0,
        "EBIT": 1182047.0,
        "Net Interest Income": -388951.0,
        "Interest Expense": 388951.0,
        "Normalized Income": 496526.0,
        "Net Income From Continuing And Discontinued Operation": 496526.0,
        "Total Expenses": 33643837.0,
        "Total Operating Income As Reported": 1091820.0,
        "Diluted Average Shares": 12294840.0,
        "Basic Average Shares": 12294840.0,
        "Diluted EPS": 0.04,
        "Basic EPS": 0.04,
        "Diluted NI Availto Com Stockholders": 496526.0,
        "Net Income Common Stockholders": 496526.0,
        "Net Income": 496526.0,
        "Minority Interests": 1411.0,
        "Net Income Including Noncontrolling Interests": 495115.0,
        "Net Income Continuous Operations": 495115.0,
        "Tax Provision": 297981.0,
        "Pretax Income": 793096.0,
        "Other Income Expense": 90227.0,
        "Other Non Operating Income Expenses": 90227.0,
        "Net Non Operating Interest Income Expense": -388951.0,
        "Interest Expense Non Operating": 388951.0,
        "Operating Income": 1091820.0,
        "Operating Expense": 4475720.0,
        "Selling General And Administration": 4475720.0,
        "General And Administrative Expense": 4475720.0,
        "Other Gand A": 4234918.0,
        "Salaries And Wages": 240802.0,
        "Gross Profit": 5567540.0,
        "Cost Of Revenue": 29168117.0,
        "Total Revenue": 34735657.0,
        "Operating Revenue": 34735657.0
    },
    "2023-09-30": {
        "Tax Effect Of Unusual Items": 0.0,
        "Tax Rate For Calcs": 0.21,
        "Normalized EBITDA": 1907042.0,
        "Net Income From Continuing Operation Net Minority Interest": 365617.0,
        "Reconciled Depreciation": 826524.0,
        "Reconciled Cost Of Revenue": 27985077.0,
        "EBITDA": 1907042.0,
        "EBIT": 1080518.0,
        "Net Interest Income": -359234.0,
        "Interest Expense": 359234.0,
        "Normalized Income": 365617.0,
        "Net Income From Continuing And Discontinued Operation": 365617.0,
        "Total Expenses": 32469113.0,
        "Total Operating Income As Reported": 887995.0,
        "Diluted Average Shares": 12294840.0,
        "Basic Average Shares": 12294840.0,
        "Diluted EPS": 0.03,
        "Basic EPS": 0.03,
        "Diluted NI Availto Com Stockholders": 365617.0,
        "Net Income Common Stockholders": 365617.0,
        "Net Income": 365617.0,
        "Minority Interests": -3327.0,
        "Net Income Including Noncontrolling Interests": 368944.0,
        "Net Income Continuous Operations": 368944.0,
        "Tax Provision": 352340.0,
        "Pretax Income": 721284.0,
        "Other Income Expense": 192523.0,
        "Other Non Operating Income Expenses": 192523.0,
        "Net Non Operating Interest Income Expense": -359234.0,
        "Interest Expense Non Operating": 359234.0,
        "Operating Income": 887995.0,
        "Operating Expense": 4484036.0,
        "Selling General And Administration": 4484036.0,
        "General And Administrative Expense": 4484036.0,
        "Other Gand A": 4240588.0,
        "Salaries And Wages": 243448.0,
        "Gross Profit": 5372031.0,
        "Cost Of Revenue": 27985077.0,
        "Total Revenue": 33357108.0,
        "Operating Revenue": 33357108.0
    },
    "2023-12-31": {
        "Tax Effect Of Unusual Items": 0.0,
        "Tax Rate For Calcs": 0.142,
        "Normalized EBITDA": 1348844.0,
        "Net Income From Continuing Operation Net Minority Interest": 220713.0,
        "Reconciled Depreciation": 843168.0,
        "Reconciled Cost Of Revenue": 23057845.0,
        "EBITDA": 1348844.0,
        "EBIT": 505676.0,
        "Net Interest Income": -234971.0,
        "Interest Expense": 234971.0,
        "Normalized Income": 220713.0,
        "Net Income From Continuing And Discontinued Operation": 220713.0,
        "Total Expenses": 27144322.0,
        "Total Operating Income As Reported": 375799.0,
        "Diluted Average Shares": 12294840.0,
        "Basic Average Shares": 12294840.0,
        "Diluted EPS": 0.02,
        "Basic EPS": 0.02,
        "Diluted NI Availto Com Stockholders": 220713.0,
        "Net Income Common Stockholders": 220713.0,
        "Net Income": 220713.0,
        "Minority Interests": -11457.0,
        "Net Income Including Noncontrolling Interests": 232170.0,
        "Net Income Continuous Operations": 232170.0,
        "Tax Provision": 38535.0,
        "Pretax Income": 270705.0,
        "Other Income Expense": 129877.0,
        "Other Non Operating Income Expenses": 129877.0,
        "Net Non Operating Interest Income Expense": -234971.0,
        "Interest Expense Non Operating": 234971.0,
        "Operating Income": 375799.0,
        "Operating Expense": 4086477.0,
        "Selling General And Administration": 4086477.0,
        "General And Administrative Expense": 4086477.0,
        "Other Gand A": 3843029.0,
        "Salaries And Wages": 243448.0,
        "Gross Profit": 4462276.0,
        "Cost Of Revenue": 23057845.0,
        "Total Revenue": 27520121.0,
        "Operating Revenue": 27520121.0
    },
    "2024-03-31": {
        "Tax Effect Of Unusual Items": 0.0,
        "Tax Rate For Calcs": 0.005187,
        "Normalized EBITDA": -2118156.0,
        "Net Income From Continuing Operation Net Minority Interest": -3088758.0,
        "Reconciled Depreciation": 815920.0,
        "Reconciled Cost Of Revenue": 20073952.0,
        "EBITDA": -2118156.0,
        "EBIT": -2934076.0,
        "Net Interest Income": -220440.0,
        "Interest Expense": 220440.0,
        "Normalized Income": -3088758.0,
        "Net Income From Continuing And Discontinued Operation": -3088758.0,
        "Total Expenses": 24595023.0,
        "Total Operating Income As Reported": -3020569.0,
        "Diluted Average Shares": NaN,
        "Basic Average Shares": NaN,
        "Diluted EPS": NaN,
        "Basic EPS": NaN,
        "Diluted NI Availto Com Stockholders": -3088758.0,
        "Net Income Common Stockholders": -3088758.0,
        "Net Income": -3088758.0,
        "Minority Interests": 49397.0,
        "Net Income Including Noncontrolling Interests": -3138155.0,
        "Net Income Continuous Operations": -3138155.0,
        "Tax Provision": -16361.0,
        "Pretax Income": -3154516.0,
        "Other Income Expense": 86493.0,
        "Other Non Operating Income Expenses": 86493.0,
        "Net Non Operating Interest Income Expense": -220440.0,
        "Interest Expense Non Operating": 220440.0,
        "Operating Income": -3020569.0,
        "Operating Expense": 4521071.0,
        "Selling General And Administration": 4521071.0,
        "General And Administrative Expense": 4521071.0,
        "Other Gand A": 4262721.0,
        "Salaries And Wages": 258350.0,
        "Gross Profit": 1500502.0,
        "Cost Of Revenue": 20073952.0,
        "Total Revenue": 21574454.0,
        "Operating Revenue": 21574454.0
    },
    "2024-06-30": {
        "Tax Effect Of Unusual Items": 0.0,
        "Tax Rate For Calcs": 0.21,
        "Normalized EBITDA": -12006.0,
        "Net Income From Continuing Operation Net Minority Interest": -1345216.0,
        "Reconciled Depreciation": 762767.0,
        "Reconciled Cost Of Revenue": 36295845.0,
        "EBITDA": -12006.0,
        "EBIT": -774773.0,
        "Net Interest Income": -480203.0,
        "Interest Expense": 480203.0,
        "Normalized Income": -1345216.0,
        "Net Income From Continuing And Discontinued Operation": -1345216.0,
        "Total Expenses": 41764524.0,
        "Total Operating Income As Reported": -828808.0,
        "Diluted Average Shares": 12294840.0,
        "Basic Average Shares": 12294840.0,
        "Diluted EPS": -0.11,
        "Basic EPS": -0.11,
        "Diluted NI Availto Com Stockholders": -1345216.0,
        "Net Income Common Stockholders": -1345216.0,
        "Net Income": -1345216.0,
        "Minority Interests": 21481.0,
        "Net Income Including Noncontrolling Interests": -1366697.0,
        "Net Income Continuous Operations": -1366697.0,
        "Tax Provision": 111721.0,
        "Pretax Income": -1254976.0,
        "Other Income Expense": 54035.0,
        "Other Non Operating Income Expenses": 54035.0,
        "Net Non Operating Interest Income Expense": -480203.0,
        "Interest Expense Non Operating": 480203.0,
        "Operating Income": -828808.0,
        "Operating Expense": 5468679.0,
        "Selling General And Administration": 5468679.0,
        "General And Administrative Expense": 5468679.0,
        "Other Gand A": 4999744.0,
        "Salaries And Wages": 468935.0,
        "Gross Profit": 4639871.0,
        "Cost Of Revenue": 36295845.0,
        "Total Revenue": 40935716.0,
        "Operating Revenue": 40935716.0
    }
}