{
    "2023-04-30": {
        "Tax Effect Of Unusual Items": NaN,
        "Tax Rate For Calcs": NaN,
        "Normalized EBITDA": NaN,
        "Total Unusual Items": NaN,
        "Total Unusual Items Excluding Goodwill": NaN,
        "Net Income From Continuing Operation Net Minority Interest": NaN,
        "Reconciled Depreciation": NaN,
        "Reconciled Cost Of Revenue": NaN,
        "EBITDA": NaN,
        "EBIT": NaN,
        "Net Interest Income": NaN,
        "Interest Expense": NaN,
        "Interest Income": NaN,
        "Normalized Income": NaN,
        "Net Income From Continuing And Discontinued Operation": NaN,
        "Total Expenses": NaN,
        "Total Operating Income As Reported": NaN,
        "Diluted Average Shares": 5708599.0,
        "Basic Average Shares": 5708599.0,
        "Diluted EPS": -0.06,
        "Basic EPS": -0.06,
        "Diluted NI Availto Com Stockholders": NaN,
        "Net Income Common Stockholders": NaN,
        "Net Income": NaN,
        "Minority Interests": 0.0,
        "Net Income Including Noncontrolling Interests": NaN,
        "Net Income Continuous Operations": NaN,
        "Tax Provision": NaN,
        "Pretax Income": NaN,
        "Other Income Expense": NaN,
        "Other Non Operating Income Expenses": NaN,
        "Special Income Charges": NaN,
        "Other Special Charges": NaN,
        "Earnings From Equity Interest": NaN,
        "Net Non Operating Interest Income Expense": NaN,
        "Interest Expense Non Operating": NaN,
        "Interest Income Non Operating": NaN,
        "Operating Income": NaN,
        "Operating Expense": NaN,
        "Selling General And Administration": NaN,
        "General And Administrative Expense": NaN,
        "Other Gand A": NaN,
        "Salaries And Wages": NaN,
        "Gross Profit": NaN,
        "Cost Of Revenue": NaN,
        "Total Revenue": NaN,
        "Operating Revenue": NaN
    },
    "2023-01-31": {
        "Tax Effect Of Unusual Items": NaN,
        "Tax Rate For Calcs": NaN,
        "Normalized EBITDA": NaN,
        "Total Unusual Items": NaN,
        "Total Unusual Items Excluding Goodwill": NaN,
        "Net Income From Continuing Operation Net Minority Interest": NaN,
        "Reconciled Depreciation": NaN,
        "Reconciled Cost Of Revenue": NaN,
        "EBITDA": NaN,
        "EBIT": NaN,
        "Net Interest Income": NaN,
        "Interest Expense": NaN,
        "Interest Income": NaN,
        "Normalized Income": NaN,
        "Net Income From Continuing And Discontinued Operation": NaN,
        "Total Expenses": NaN,
        "Total Operating Income As Reported": NaN,
        "Diluted Average Shares": NaN,
        "Basic Average Shares": NaN,
        "Diluted EPS": NaN,
        "Basic EPS": NaN,
        "Diluted NI Availto Com Stockholders": NaN,
        "Net Income Common Stockholders": NaN,
        "Net Income": NaN,
        "Minority Interests": 0.0,
        "Net Income Including Noncontrolling Interests": NaN,
        "Net Income Continuous Operations": NaN,
        "Tax Provision": NaN,
        "Pretax Income": NaN,
        "Other Income Expense": NaN,
        "Other Non Operating Income Expenses": 234041.0,
        "Special Income Charges": NaN,
        "Other Special Charges": NaN,
        "Earnings From Equity Interest": NaN,
        "Net Non Operating Interest Income Expense": NaN,
        "Interest Expense Non Operating": NaN,
        "Interest Income Non Operating": NaN,
        "Operating Income": NaN,
        "Operating Expense": NaN,
        "Selling General And Administration": NaN,
        "General And Administrative Expense": NaN,
        "Other Gand A": NaN,
        "Salaries And Wages": NaN,
        "Gross Profit": NaN,
        "Cost Of Revenue": NaN,
        "Total Revenue": NaN,
        "Operating Revenue": NaN
    },
    "2022-10-31": {
        "Tax Effect Of Unusual Items": 0.0,
        "Tax Rate For Calcs": 0.1666,
        "Normalized EBITDA": -4184372.0,
        "Net Income From Continuing Operation Net Minority Interest": -3789933.0,
        "Reconciled Depreciation": 578919.0,
        "Reconciled Cost Of Revenue": 13886552.0,
        "EBITDA": -4184372.0,
        "EBIT": -4763291.0,
        "Net Interest Income": -71651.0,
        "Interest Expense": 81650.0,
        "Interest Income": 9999.0,
        "Normalized Income": -3789933.0,
        "Net Income From Continuing And Discontinued Operation": -3789933.0,
        "Total Expenses": 17489654.0,
        "Total Operating Income As Reported": -4768643.0,
        "Diluted Average Shares": NaN,
        "Basic Average Shares": NaN,
        "Diluted EPS": NaN,
        "Basic EPS": NaN,
        "Diluted NI Availto Com Stockholders": -3789933.0,
        "Net Income Common Stockholders": -3789933.0,
        "Net Income": -3789933.0,
        "Minority Interests": 247841.0,
        "Net Income Including Noncontrolling Interests": -4037774.0,
        "Net Income Continuous Operations": -4037774.0,
        "Tax Provision": -807167.0,
        "Pretax Income": -4844941.0,
        "Other Income Expense": -2774199.0,
        "Other Non Operating Income Expenses": NaN,
        "Earnings From Equity Interest": -4647.0,
        "Net Non Operating Interest Income Expense": -71651.0,
        "Interest Expense Non Operating": 81650.0,
        "Interest Income Non Operating": 9999.0,
        "Operating Income": -1999091.0,
        "Operating Expense": 3603102.0,
        "Selling General And Administration": 3603102.0,
        "General And Administrative Expense": 3603102.0,
        "Other Gand A": 3458215.0,
        "Salaries And Wages": 144887.0,
        "Gross Profit": 1604011.0,
        "Cost Of Revenue": 13886552.0,
        "Total Revenue": 15490563.0,
        "Operating Revenue": 15490563.0
    },
    "2022-07-31": {
        "Tax Effect Of Unusual Items": 0.0,
        "Tax Rate For Calcs": 0.260565,
        "Normalized EBITDA": 451276.0,
        "Net Income From Continuing Operation Net Minority Interest": 132381.0,
        "Reconciled Depreciation": 219146.0,
        "Reconciled Cost Of Revenue": 13867710.0,
        "EBITDA": 451276.0,
        "EBIT": 232130.0,
        "Net Interest Income": -53098.0,
        "Interest Expense": 53100.0,
        "Interest Income": 2.0,
        "Normalized Income": 132381.0,
        "Net Income From Continuing And Discontinued Operation": 132381.0,
        "Total Expenses": 16773804.0,
        "Total Operating Income As Reported": 239482.0,
        "Diluted Average Shares": 5708599.0,
        "Basic Average Shares": 5708599.0,
        "Diluted EPS": 0.02,
        "Basic EPS": 0.02,
        "Diluted NI Availto Com Stockholders": 132381.0,
        "Net Income Common Stockholders": 132381.0,
        "Net Income": 132381.0,
        "Minority Interests": 0.0,
        "Net Income Including Noncontrolling Interests": 132381.0,
        "Net Income Continuous Operations": 132381.0,
        "Tax Provision": 46649.0,
        "Pretax Income": 179030.0,
        "Other Income Expense": -7354.0,
        "Other Non Operating Income Expenses": NaN,
        "Earnings From Equity Interest": -7354.0,
        "Net Non Operating Interest Income Expense": -53098.0,
        "Interest Expense Non Operating": 53100.0,
        "Interest Income Non Operating": 2.0,
        "Operating Income": 239482.0,
        "Operating Expense": 2906094.0,
        "Selling General And Administration": 2906094.0,
        "General And Administrative Expense": 2906094.0,
        "Other Gand A": 2758995.0,
        "Salaries And Wages": 147099.0,
        "Gross Profit": 3145576.0,
        "Cost Of Revenue": 13867710.0,
        "Total Revenue": 17013286.0,
        "Operating Revenue": 17013286.0
    },
    "2022-04-30": {
        "Diluted EPS": -0.06,
        "Total Revenue": 16,
        "Gross Profit": 2,
        "Operating Income": -1,
        "EBIT": -1,
        "Net Income": 0
    },
    "2022-01-31": {
        "Diluted EPS": 0.05,
        "Total Revenue": 17,
        "Gross Profit": 4,
        "Operating Income": 1,
        "EBIT": 1,
        "Net Income": 0
    },
    "2021-10-31": {
        "Diluted EPS": 0.06,
        "Total Revenue": 18,
        "Gross Profit": 5,
        "Operating Income": 0,
        "EBIT": 0,
        "Net Income": 0
    },
    "2021-07-31": {
        "Diluted EPS": -0.02,
        "Total Revenue": 14,
        "Gross Profit": 3,
        "Operating Income": 0,
        "EBIT": 0,
        "Net Income": 0
    },
    "2021-04-30": {
        "Diluted EPS": 0.06,
        "Total Revenue": 14,
        "Gross Profit": 4,
        "Operating Income": 0,
        "EBIT": 1,
        "Net Income": 0
    },
    "2021-01-31": {
        "Diluted EPS": 0.12,
        "Total Revenue": 18,
        "Gross Profit": 4,
        "Operating Income": 1,
        "EBIT": 1,
        "Net Income": 1
    },
    "2020-10-31": {
        "Diluted EPS": -0.07,
        "Total Revenue": 9,
        "Gross Profit": 2,
        "Operating Income": -2,
        "EBIT": -1,
        "Net Income": 0
    },
    "2020-07-31": {
        "Diluted EPS": 0.07,
        "Total Revenue": 17,
        "Gross Profit": 4,
        "Operating Income": 1,
        "EBIT": 1,
        "Net Income": 0
    },
    "2020-04-30": {
        "Diluted EPS": 0.09,
        "Total Revenue": 20,
        "Gross Profit": 5,
        "Operating Income": 1,
        "EBIT": 1,
        "Net Income": 0
    },
    "2020-01-31": {
        "Diluted EPS": -0.11,
        "Total Revenue": 19,
        "Gross Profit": 3,
        "Operating Income": -1,
        "EBIT": 0,
        "Net Income": -1
    },
    "2019-10-31": {
        "Diluted EPS": -0.06,
        "Total Revenue": 11,
        "Gross Profit": 4,
        "Operating Income": 0,
        "EBIT": 0,
        "Net Income": 0
    },
    "2019-07-31": {
        "Diluted EPS": 0.02,
        "Total Revenue": 22,
        "Gross Profit": 4,
        "Operating Income": 0,
        "EBIT": 0,
        "Net Income": 0
    },
    "2019-04-30": {
        "Diluted EPS": -0.04,
        "Total Revenue": 21,
        "Gross Profit": 4,
        "Operating Income": 0,
        "EBIT": 0,
        "Net Income": 0
    },
    "2019-01-31": {
        "Diluted EPS": 0.06,
        "Total Revenue": 24,
        "Gross Profit": 5,
        "Operating Income": 1,
        "EBIT": 1,
        "Net Income": 0
    },
    "2018-10-31": {
        "Diluted EPS": 0.03,
        "Total Revenue": 23,
        "Gross Profit": 4,
        "Operating Income": 0,
        "EBIT": 1,
        "Net Income": 0
    },
    "2018-07-31": {
        "Diluted EPS": 0.0,
        "Total Revenue": 23,
        "Gross Profit": 4,
        "Operating Income": 0,
        "EBIT": 0,
        "Net Income": 0
    },
    "2018-04-30": {
        "Diluted EPS": 0.09,
        "Total Revenue": 22,
        "Gross Profit": 4,
        "Operating Income": 1,
        "EBIT": 1,
        "Net Income": 1
    },
    "2018-01-31": {
        "Diluted EPS": 0.07,
        "Total Revenue": 22,
        "Gross Profit": 4,
        "Operating Income": 1,
        "EBIT": 1,
        "Net Income": 0
    },
    "2017-10-31": {
        "Diluted EPS": 0.01,
        "Total Revenue": 22,
        "Gross Profit": 3,
        "Operating Income": 0,
        "EBIT": 1,
        "Net Income": 0
    },
    "2017-07-31": {
        "Diluted EPS": 0.01,
        "Total Revenue": 18,
        "Gross Profit": 3,
        "Operating Income": 0,
        "EBIT": 0,
        "Net Income": 0
    },
    "2017-04-30": {
        "Diluted EPS": 0.0,
        "Total Revenue": 18,
        "Gross Profit": 3,
        "Operating Income": 0,
        "EBIT": 0,
        "Net Income": 0
    },
    "2017-01-31": {
        "Diluted EPS": 0.06,
        "Total Revenue": 20,
        "Gross Profit": 3,
        "Operating Income": 1,
        "EBIT": 1,
        "Net Income": 0
    },
    "2016-10-31": {
        "Diluted EPS": 0.03,
        "Total Revenue": 17,
        "Gross Profit": 3,
        "Operating Income": 0,
        "EBIT": 1,
        "Net Income": 0
    },
    "2016-07-31": {
        "Diluted EPS": 0.12,
        "Total Revenue": 17,
        "Gross Profit": 3,
        "Operating Income": 1,
        "EBIT": 1,
        "Net Income": 1
    },
    "2016-04-30": {
        "Diluted EPS": 0.14,
        "Total Revenue": 21,
        "Gross Profit": 3,
        "Operating Income": 1,
        "EBIT": 2,
        "Net Income": 1
    },
    "2016-01-31": {
        "Diluted EPS": 0.07,
        "Total Revenue": 23,
        "Gross Profit": 3,
        "Operating Income": 1,
        "EBIT": 1,
        "Net Income": 0
    },
    "2015-10-31": {
        "Diluted EPS": 0.07,
        "Total Revenue": 22,
        "Gross Profit": 3,
        "Operating Income": 1,
        "EBIT": 1,
        "Net Income": 0
    },
    "2015-07-31": {
        "Diluted EPS": 0.02,
        "Total Revenue": 27,
        "Gross Profit": 2,
        "Operating Income": 0,
        "EBIT": 0,
        "Net Income": 0
    },
    "2015-04-30": {
        "Diluted EPS": -0.33,
        "Total Revenue": 30,
        "Gross Profit": -1,
        "Operating Income": -3,
        "EBIT": -3,
        "Net Income": -2
    },
    "2015-01-31": {
        "Diluted EPS": 0.01,
        "Total Revenue": 38,
        "Gross Profit": 2,
        "Operating Income": 0,
        "EBIT": 0,
        "Net Income": 0
    },
    "2014-10-31": {
        "Diluted EPS": 0.27,
        "Total Revenue": 29,
        "Gross Profit": 4,
        "Operating Income": 2,
        "EBIT": 3,
        "Net Income": 2
    },
    "2014-07-31": {
        "Diluted EPS": 0.11,
        "Total Revenue": 27,
        "Gross Profit": 3,
        "Operating Income": 1,
        "EBIT": 1,
        "Net Income": 1
    },
    "2014-04-30": {
        "Diluted EPS": 0.19,
        "Total Revenue": 25,
        "Gross Profit": 4,
        "Operating Income": 2,
        "EBIT": 2,
        "Net Income": 1
    },
    "2014-01-31": {
        "Diluted EPS": 0.21,
        "Total Revenue": 27,
        "Gross Profit": 4,
        "Operating Income": 2,
        "EBIT": 2,
        "Net Income": 1
    },
    "2013-10-31": {
        "Diluted EPS": 0.02,
        "Total Revenue": 34,
        "Gross Profit": 2,
        "Operating Income": 0,
        "EBIT": 0,
        "Net Income": 0
    },
    "2013-07-31": {
        "Diluted EPS": -0.33,
        "Total Revenue": 32,
        "Gross Profit": -1,
        "Operating Income": -3,
        "EBIT": -3,
        "Net Income": -2
    },
    "2013-04-30": {
        "Diluted EPS": -0.06,
        "Total Revenue": 37,
        "Gross Profit": 1,
        "Operating Income": -1,
        "EBIT": 0,
        "Net Income": 0
    },
    "2013-01-31": {
        "Diluted EPS": 0.14,
        "Total Revenue": 31,
        "Gross Profit": 4,
        "Operating Income": 2,
        "EBIT": 2,
        "Net Income": 1
    },
    "2012-10-31": {
        "Diluted EPS": 0.0,
        "Total Revenue": 35,
        "Gross Profit": 2,
        "Operating Income": 0,
        "EBIT": 0,
        "Net Income": 0
    },
    "2012-07-31": {
        "Diluted EPS": 0.19,
        "Total Revenue": 44,
        "Gross Profit": 4,
        "Operating Income": 2,
        "EBIT": 2,
        "Net Income": 1
    },
    "2012-04-30": {
        "Diluted EPS": -0.06,
        "Total Revenue": 37,
        "Gross Profit": 1,
        "Operating Income": -1,
        "EBIT": 0,
        "Net Income": 0
    },
    "2012-01-31": {
        "Diluted EPS": 0.24,
        "Total Revenue": 57,
        "Gross Profit": 4,
        "Operating Income": 3,
        "EBIT": 3,
        "Net Income": 2
    },
    "2011-10-31": {
        "Diluted EPS": -0.3,
        "Total Revenue": 48,
        "Gross Profit": 0,
        "Operating Income": -2,
        "EBIT": -2,
        "Net Income": -2
    },
    "2011-07-31": {
        "Diluted EPS": 0.03,
        "Total Revenue": 36,
        "Gross Profit": 2,
        "Operating Income": 0,
        "EBIT": 0,
        "Net Income": 0
    },
    "2011-04-30": {
        "Diluted EPS": 0.22,
        "Total Revenue": 37,
        "Gross Profit": 4,
        "Operating Income": 2,
        "EBIT": 2,
        "Net Income": 1
    },
    "2011-01-31": {
        "Diluted EPS": 0.19,
        "Total Revenue": 26,
        "Gross Profit": 3,
        "Operating Income": 1,
        "EBIT": 2,
        "Net Income": 1
    },
    "2010-10-31": {
        "Diluted EPS": 0.11,
        "Total Revenue": 23,
        "Gross Profit": 3,
        "Operating Income": 1,
        "EBIT": 1,
        "Net Income": 1
    },
    "2010-07-31": {
        "Diluted EPS": 0.08,
        "Total Revenue": 19,
        "Gross Profit": 2,
        "Operating Income": 1,
        "EBIT": 1,
        "Net Income": 0
    },
    "2010-04-30": {
        "Diluted EPS": 0.15,
        "Total Revenue": 20,
        "Gross Profit": 3,
        "Operating Income": 1,
        "EBIT": 1,
        "Net Income": 1
    },
    "2010-01-31": {
        "Diluted EPS": 0.1,
        "Total Revenue": 21,
        "Gross Profit": 3,
        "Operating Income": 1,
        "EBIT": 1,
        "Net Income": 1
    },
    "2009-10-31": {
        "Diluted EPS": 0.31,
        "Total Revenue": 20,
        "Gross Profit": 3,
        "Operating Income": 1,
        "EBIT": 1,
        "Net Income": 2
    },
    "2009-07-31": {
        "Diluted EPS": 0.15,
        "Total Revenue": 17,
        "Gross Profit": 3,
        "Operating Income": 1,
        "EBIT": 2,
        "Net Income": 1
    },
    "2009-04-30": {
        "Diluted EPS": 0.07,
        "Total Revenue": 18,
        "Gross Profit": 2,
        "Operating Income": 1,
        "EBIT": 1,
        "Net Income": 0
    },
    "2009-01-31": {
        "Diluted EPS": 0.07,
        "Total Revenue": 19,
        "Gross Profit": 2,
        "Operating Income": 1,
        "EBIT": 1,
        "Net Income": 0
    },
    "2023-07-31": {
        "Tax Effect Of Unusual Items": 0.0,
        "Tax Rate For Calcs": 0.264575,
        "Normalized EBITDA": 225638.0,
        "Total Unusual Items": 0.0,
        "Total Unusual Items Excluding Goodwill": 0.0,
        "Net Income From Continuing Operation Net Minority Interest": -111881.0,
        "Reconciled Depreciation": 233745.0,
        "Reconciled Cost Of Revenue": 13315602.0,
        "EBITDA": 225638.0,
        "EBIT": -8107.0,
        "Net Interest Income": -144017.0,
        "Interest Expense": 144024.0,
        "Interest Income": 7.0,
        "Normalized Income": -111881.0,
        "Net Income From Continuing And Discontinued Operation": -111881.0,
        "Total Expenses": 16167612.0,
        "Total Operating Income As Reported": -403247.0,
        "Diluted Average Shares": 5708599.0,
        "Basic Average Shares": 5708599.0,
        "Diluted EPS": -0.02,
        "Basic EPS": -0.02,
        "Diluted NI Availto Com Stockholders": -111881.0,
        "Net Income Common Stockholders": -111881.0,
        "Net Income": -111881.0,
        "Minority Interests": 0.0,
        "Net Income Including Noncontrolling Interests": -111881.0,
        "Net Income Continuous Operations": -111881.0,
        "Tax Provision": -40250.0,
        "Pretax Income": -152131.0,
        "Other Income Expense": 395133.0,
        "Other Non Operating Income Expenses": 400140.0,
        "Special Income Charges": 0.0,
        "Other Special Charges": NaN,
        "Earnings From Equity Interest": -5007.0,
        "Net Non Operating Interest Income Expense": -144017.0,
        "Interest Expense Non Operating": 144024.0,
        "Interest Income Non Operating": 7.0,
        "Operating Income": -403247.0,
        "Operating Expense": 2852010.0,
        "Selling General And Administration": 2852010.0,
        "General And Administrative Expense": 2852010.0,
        "Other Gand A": 2709238.0,
        "Salaries And Wages": 142772.0,
        "Gross Profit": 2448763.0,
        "Cost Of Revenue": 13315602.0,
        "Total Revenue": 15764365.0,
        "Operating Revenue": 15764365.0
    },
    "2023-10-31": {
        "Tax Effect Of Unusual Items": 0.0,
        "Tax Rate For Calcs": 0.341567,
        "Normalized EBITDA": 663746.0,
        "Total Unusual Items": NaN,
        "Total Unusual Items Excluding Goodwill": NaN,
        "Net Income From Continuing Operation Net Minority Interest": 168248.0,
        "Reconciled Depreciation": 238457.0,
        "Reconciled Cost Of Revenue": 15404178.0,
        "EBITDA": 663746.0,
        "EBIT": 425289.0,
        "Net Interest Income": -153934.0,
        "Interest Expense": 169761.0,
        "Interest Income": 15827.0,
        "Normalized Income": 168248.0,
        "Net Income From Continuing And Discontinued Operation": 168248.0,
        "Total Expenses": 18505191.0,
        "Total Operating Income As Reported": 257030.0,
        "Diluted Average Shares": NaN,
        "Basic Average Shares": NaN,
        "Diluted EPS": NaN,
        "Basic EPS": NaN,
        "Diluted NI Availto Com Stockholders": 168248.0,
        "Net Income Common Stockholders": 168248.0,
        "Net Income": 168248.0,
        "Minority Interests": 0.0,
        "Net Income Including Noncontrolling Interests": 168248.0,
        "Net Income Continuous Operations": 168248.0,
        "Tax Provision": 87280.0,
        "Pretax Income": 255528.0,
        "Other Income Expense": 152432.0,
        "Other Non Operating Income Expenses": 0.0,
        "Special Income Charges": NaN,
        "Other Special Charges": NaN,
        "Earnings From Equity Interest": -497568.0,
        "Net Non Operating Interest Income Expense": -153934.0,
        "Interest Expense Non Operating": 169761.0,
        "Interest Income Non Operating": 15827.0,
        "Operating Income": 257030.0,
        "Operating Expense": 3101013.0,
        "Selling General And Administration": 3101013.0,
        "General And Administrative Expense": 3101013.0,
        "Other Gand A": 2958626.0,
        "Salaries And Wages": 142387.0,
        "Gross Profit": 3358043.0,
        "Cost Of Revenue": 15404178.0,
        "Total Revenue": 18762221.0,
        "Operating Revenue": 18762221.0
    },
    "2024-01-31": {
        "Tax Effect Of Unusual Items": 0.0,
        "Tax Rate For Calcs": 0.288505,
        "Normalized EBITDA": 847684.0,
        "Total Unusual Items": NaN,
        "Total Unusual Items Excluding Goodwill": NaN,
        "Net Income From Continuing Operation Net Minority Interest": 351024.0,
        "Reconciled Depreciation": 236790.0,
        "Reconciled Cost Of Revenue": 16060103.0,
        "EBITDA": 847684.0,
        "EBIT": 610894.0,
        "Net Interest Income": -117526.0,
        "Interest Expense": 117533.0,
        "Interest Income": 7.0,
        "Normalized Income": 351024.0,
        "Net Income From Continuing And Discontinued Operation": 351024.0,
        "Total Expenses": 18923491.0,
        "Total Operating Income As Reported": 616911.0,
        "Diluted Average Shares": 5708599.0,
        "Basic Average Shares": 5708599.0,
        "Diluted EPS": 0.06,
        "Basic EPS": 0.06,
        "Diluted NI Availto Com Stockholders": 351024.0,
        "Net Income Common Stockholders": 351024.0,
        "Net Income": 351024.0,
        "Minority Interests": 0.0,
        "Net Income Including Noncontrolling Interests": 351024.0,
        "Net Income Continuous Operations": 351024.0,
        "Tax Provision": 142337.0,
        "Pretax Income": 493361.0,
        "Other Income Expense": -6024.0,
        "Other Non Operating Income Expenses": NaN,
        "Special Income Charges": NaN,
        "Other Special Charges": NaN,
        "Earnings From Equity Interest": -6024.0,
        "Net Non Operating Interest Income Expense": -117526.0,
        "Interest Expense Non Operating": 117533.0,
        "Interest Income Non Operating": 7.0,
        "Operating Income": 616911.0,
        "Operating Expense": 2863388.0,
        "Selling General And Administration": 2863388.0,
        "General And Administrative Expense": 2863388.0,
        "Other Gand A": 2690047.0,
        "Salaries And Wages": 173341.0,
        "Gross Profit": 3480299.0,
        "Cost Of Revenue": 16060103.0,
        "Total Revenue": 19540402.0,
        "Operating Revenue": 19540402.0
    },
    "2024-04-30": {
        "Tax Effect Of Unusual Items": 0.0,
        "Tax Rate For Calcs": 0.21,
        "Normalized EBITDA": 167152.0,
        "Total Unusual Items": NaN,
        "Total Unusual Items Excluding Goodwill": NaN,
        "Net Income From Continuing Operation Net Minority Interest": -21841.0,
        "Reconciled Depreciation": 193372.0,
        "Reconciled Cost Of Revenue": 15291933.0,
        "EBITDA": 167152.0,
        "EBIT": -26220.0,
        "Net Interest Income": -38847.0,
        "Interest Expense": 73253.0,
        "Interest Income": 34406.0,
        "Normalized Income": -21841.0,
        "Net Income From Continuing And Discontinued Operation": -21841.0,
        "Total Expenses": 19062563.0,
        "Total Operating Income As Reported": -66650.0,
        "Diluted Average Shares": 5708599.0,
        "Basic Average Shares": 5708599.0,
        "Diluted EPS": -0.003826,
        "Basic EPS": -0.003826,
        "Diluted NI Availto Com Stockholders": -21841.0,
        "Net Income Common Stockholders": -21841.0,
        "Net Income": -21841.0,
        "Minority Interests": NaN,
        "Net Income Including Noncontrolling Interests": -21841.0,
        "Net Income Continuous Operations": -21841.0,
        "Tax Provision": -77632.0,
        "Pretax Income": -99473.0,
        "Other Income Expense": 6024.0,
        "Other Non Operating Income Expenses": NaN,
        "Special Income Charges": NaN,
        "Other Special Charges": NaN,
        "Earnings From Equity Interest": 6024.0,
        "Net Non Operating Interest Income Expense": -38847.0,
        "Interest Expense Non Operating": 73253.0,
        "Interest Income Non Operating": 34406.0,
        "Operating Income": -66650.0,
        "Operating Expense": 3770630.0,
        "Selling General And Administration": 3770630.0,
        "General And Administrative Expense": 3770630.0,
        "Other Gand A": 3629578.0,
        "Salaries And Wages": 141052.0,
        "Gross Profit": 3703980.0,
        "Cost Of Revenue": 15291933.0,
        "Total Revenue": 18995913.0,
        "Operating Revenue": 18995913.0
    },
    "2024-07-31": {
        "Tax Effect Of Unusual Items": 61610.058386,
        "Tax Rate For Calcs": 0.292591,
        "Normalized EBITDA": 951654.0,
        "Total Unusual Items": 210567.0,
        "Total Unusual Items Excluding Goodwill": 210567.0,
        "Net Income From Continuing Operation Net Minority Interest": 626796.0,
        "Reconciled Depreciation": 231535.0,
        "Reconciled Cost Of Revenue": 14887098.0,
        "EBITDA": 1162221.0,
        "EBIT": 930686.0,
        "Net Interest Income": -44385.0,
        "Interest Expense": 44641.0,
        "Interest Income": 256.0,
        "Normalized Income": 477839.058386,
        "Net Income From Continuing And Discontinued Operation": 626796.0,
        "Total Expenses": 18093299.0,
        "Total Operating Income As Reported": 719863.0,
        "Diluted Average Shares": 5708599.0,
        "Basic Average Shares": 5708599.0,
        "Diluted EPS": 0.11,
        "Basic EPS": 0.11,
        "Diluted NI Availto Com Stockholders": 626796.0,
        "Net Income Common Stockholders": 626796.0,
        "Net Income": 626796.0,
        "Minority Interests": NaN,
        "Net Income Including Noncontrolling Interests": 626796.0,
        "Net Income Continuous Operations": 626796.0,
        "Tax Provision": 259249.0,
        "Pretax Income": 886045.0,
        "Other Income Expense": 210567.0,
        "Other Non Operating Income Expenses": NaN,
        "Special Income Charges": 210567.0,
        "Other Special Charges": -210567.0,
        "Earnings From Equity Interest": 0.0,
        "Net Non Operating Interest Income Expense": -44385.0,
        "Interest Expense Non Operating": 44641.0,
        "Interest Income Non Operating": 256.0,
        "Operating Income": 719863.0,
        "Operating Expense": 3206201.0,
        "Selling General And Administration": 3206201.0,
        "General And Administrative Expense": 3206201.0,
        "Other Gand A": 3045611.0,
        "Salaries And Wages": 160590.0,
        "Gross Profit": 3926064.0,
        "Cost Of Revenue": 14887098.0,
        "Total Revenue": 18813162.0,
        "Operating Revenue": 18813162.0
    }
}