{
    "2023-03-31": {
        "Tax Effect Of Unusual Items": 0.0,
        "Tax Rate For Calcs": 0.272,
        "Net Income From Continuing Operation Net Minority Interest": -1497000000.0,
        "EBIT": -2011000000.0,
        "Net Interest Income": -43000000.0,
        "Interest Expense": 43000000.0,
        "Normalized Income": -1497000000.0,
        "Net Income From Continuing And Discontinued Operation": -1497000000.0,
        "Total Expenses": 1352000000.0,
        "Diluted Average Shares": 82646113.0,
        "Basic Average Shares": 82646113.0,
        "Diluted EPS": -18.11,
        "Basic EPS": -18.11,
        "Diluted NI Availto Com Stockholders": -1497000000.0,
        "Net Income Common Stockholders": -1497000000.0,
        "Preferred Stock Dividends": NaN,
        "Net Income": -1497000000.0,
        "Minority Interests": -1000000.0,
        "Net Income Including Noncontrolling Interests": -1496000000.0,
        "Net Income Continuous Operations": -1496000000.0,
        "Tax Provision": -558000000.0,
        "Pretax Income": -2054000000.0,
        "Other Income Expense": 15000000.0,
        "Net Non Operating Interest Income Expense": -43000000.0,
        "Interest Expense Non Operating": 43000000.0,
        "Other Operating Expenses": -50000000.0,
        "Selling General And Administration": 236000000.0,
        "General And Administrative Expense": 236000000.0,
        "Other Gand A": 236000000.0,
        "Total Revenue": -702000000.0,
        "Operating Revenue": -702000000.0
    },
    "2022-12-31": {
        "Tax Effect Of Unusual Items": 0.0,
        "Tax Rate For Calcs": 0.24659,
        "Net Income From Continuing Operation Net Minority Interest": -710000000.0,
        "EBIT": -913000000.0,
        "Net Interest Income": -40000000.0,
        "Interest Expense": 40000000.0,
        "Normalized Income": -710000000.0,
        "Net Income From Continuing And Discontinued Operation": -710000000.0,
        "Total Expenses": 418000000.0,
        "Diluted Average Shares": NaN,
        "Basic Average Shares": NaN,
        "Diluted EPS": NaN,
        "Basic EPS": NaN,
        "Diluted NI Availto Com Stockholders": -710000000.0,
        "Net Income Common Stockholders": -710000000.0,
        "Preferred Stock Dividends": NaN,
        "Net Income": -710000000.0,
        "Minority Interests": 8000000.0,
        "Net Income Including Noncontrolling Interests": -718000000.0,
        "Net Income Continuous Operations": -718000000.0,
        "Tax Provision": -235000000.0,
        "Pretax Income": -953000000.0,
        "Other Income Expense": 25000000.0,
        "Net Non Operating Interest Income Expense": -40000000.0,
        "Interest Expense Non Operating": 40000000.0,
        "Other Operating Expenses": 75000000.0,
        "Selling General And Administration": 261000000.0,
        "General And Administrative Expense": 261000000.0,
        "Other Gand A": 261000000.0,
        "Total Revenue": -535000000.0,
        "Operating Revenue": -535000000.0
    },
    "2022-09-30": {
        "Tax Effect Of Unusual Items": 0.0,
        "Tax Rate For Calcs": 0.275777,
        "Net Income From Continuing Operation Net Minority Interest": 1479000000.0,
        "Reconciled Depreciation": 2000000.0,
        "EBIT": 2056000000.0,
        "Net Interest Income": -29000000.0,
        "Interest Expense": 29000000.0,
        "Normalized Income": 1479000000.0,
        "Net Income From Continuing And Discontinued Operation": 1479000000.0,
        "Total Expenses": 1995000000.0,
        "Diluted Average Shares": 87895919.0,
        "Basic Average Shares": 85098192.0,
        "Diluted EPS": 21.38,
        "Basic EPS": 22.08,
        "Diluted NI Availto Com Stockholders": 1479000000.0,
        "Net Income Common Stockholders": 1479000000.0,
        "Preferred Stock Dividends": NaN,
        "Net Income": 1479000000.0,
        "Minority Interests": 11000000.0,
        "Net Income Including Noncontrolling Interests": 1468000000.0,
        "Net Income Continuous Operations": 1468000000.0,
        "Tax Provision": 559000000.0,
        "Pretax Income": 2027000000.0,
        "Other Income Expense": 19000000.0,
        "Net Non Operating Interest Income Expense": -29000000.0,
        "Interest Expense Non Operating": 29000000.0,
        "Other Operating Expenses": 592000000.0,
        "Depreciation And Amortization In Income Statement": 2000000.0,
        "Depreciation Income Statement": 2000000.0,
        "Selling General And Administration": 220000000.0,
        "General And Administrative Expense": 220000000.0,
        "Other Gand A": 220000000.0,
        "Total Revenue": 4022000000.0,
        "Operating Revenue": 4022000000.0
    },
    "2022-06-30": {
        "Tax Effect Of Unusual Items": 0.0,
        "Tax Rate For Calcs": 0.198,
        "Net Income From Continuing Operation Net Minority Interest": 2903000000.0,
        "Reconciled Depreciation": 3000000.0,
        "EBIT": 3675000000.0,
        "Net Interest Income": -24000000.0,
        "Interest Expense": 24000000.0,
        "Normalized Income": 2903000000.0,
        "Net Income From Continuing And Discontinued Operation": 2903000000.0,
        "Total Expenses": 2880000000.0,
        "Diluted Average Shares": 89168775.0,
        "Basic Average Shares": 85968564.0,
        "Diluted EPS": 36.59,
        "Basic EPS": 37.96,
        "Diluted NI Availto Com Stockholders": 2903000000.0,
        "Net Income Common Stockholders": 2903000000.0,
        "Net Income": 2903000000.0,
        "Minority Interests": -31000000.0,
        "Net Income Including Noncontrolling Interests": 2934000000.0,
        "Net Income Continuous Operations": 2934000000.0,
        "Tax Provision": 717000000.0,
        "Pretax Income": 3651000000.0,
        "Other Income Expense": 21000000.0,
        "Net Non Operating Interest Income Expense": -24000000.0,
        "Interest Expense Non Operating": 24000000.0,
        "Other Operating Expenses": 9000000.0,
        "Depreciation And Amortization In Income Statement": 3000000.0,
        "Depreciation Income Statement": 3000000.0,
        "Selling General And Administration": 208000000.0,
        "General And Administrative Expense": 208000000.0,
        "Other Gand A": 208000000.0,
        "Total Revenue": 6531000000.0,
        "Operating Revenue": 6531000000.0
    },
    "2022-03-31": {
        "Diluted EPS": 24.39,
        "Total Revenue": NaN,
        "Gross Profit": NaN,
        "Operating Income": NaN,
        "EBIT": NaN,
        "Net Income": NaN
    },
    "2021-12-31": {
        "Diluted EPS": 6.2,
        "Total Revenue": NaN,
        "Gross Profit": 733,
        "Operating Income": 747,
        "EBIT": 774,
        "Net Income": 585
    },
    "2021-09-30": {
        "Diluted EPS": 2.18,
        "Total Revenue": NaN,
        "Gross Profit": 262,
        "Operating Income": 252,
        "EBIT": 271,
        "Net Income": 206
    },
    "2021-06-30": {
        "Diluted EPS": -5.72,
        "Total Revenue": 232,
        "Gross Profit": -795,
        "Operating Income": -538,
        "EBIT": -516,
        "Net Income": -540
    },
    "2021-03-31": {
        "Diluted EPS": 31.03,
        "Total Revenue": NaN,
        "Gross Profit": NaN,
        "Operating Income": NaN,
        "EBIT": NaN,
        "Net Income": NaN
    },
    "2020-12-31": {
        "Diluted EPS": 0.0,
        "Total Revenue": NaN,
        "Gross Profit": NaN,
        "Operating Income": NaN,
        "EBIT": NaN,
        "Net Income": NaN
    },
    "2020-09-30": {
        "Diluted EPS": -4.28,
        "Total Revenue": 111,
        "Gross Profit": -923,
        "Operating Income": -532,
        "EBIT": -507,
        "Net Income": -397
    },
    "2020-06-30": {
        "Diluted EPS": -69.98,
        "Total Revenue": NaN,
        "Gross Profit": NaN,
        "Operating Income": NaN,
        "EBIT": NaN,
        "Net Income": NaN
    },
    "2019-12-31": {
        "Diluted EPS": 0.0,
        "Total Revenue": NaN,
        "Gross Profit": NaN,
        "Operating Income": NaN,
        "EBIT": NaN,
        "Net Income": NaN
    },
    "2023-06-30": {
        "Tax Effect Of Unusual Items": 0.0,
        "Tax Rate For Calcs": 0.168,
        "Net Income From Continuing Operation Net Minority Interest": 1217000000.0,
        "EBIT": 1523000000.0,
        "Net Interest Income": -58000000.0,
        "Interest Expense": 58000000.0,
        "Normalized Income": 1217000000.0,
        "Net Income From Continuing And Discontinued Operation": 1217000000.0,
        "Total Expenses": -1042000000.0,
        "Diluted Average Shares": 84754611.0,
        "Basic Average Shares": 82595287.0,
        "Diluted EPS": 14.21,
        "Basic EPS": 14.58,
        "Diluted NI Availto Com Stockholders": 1217000000.0,
        "Net Income Common Stockholders": 1217000000.0,
        "Preferred Stock Dividends": NaN,
        "Net Income": 1217000000.0,
        "Minority Interests": -3000000.0,
        "Net Income Including Noncontrolling Interests": 1220000000.0,
        "Net Income Continuous Operations": 1220000000.0,
        "Tax Provision": 245000000.0,
        "Pretax Income": 1465000000.0,
        "Other Income Expense": 19000000.0,
        "Net Non Operating Interest Income Expense": -58000000.0,
        "Interest Expense Non Operating": 58000000.0,
        "Other Operating Expenses": -2480000000.0,
        "Selling General And Administration": 238000000.0,
        "General And Administrative Expense": 238000000.0,
        "Other Gand A": 238000000.0,
        "Total Revenue": 423000000.0,
        "Operating Revenue": 423000000.0
    },
    "2023-09-30": {
        "Tax Effect Of Unusual Items": 0.0,
        "Tax Rate For Calcs": 0.205,
        "Net Income From Continuing Operation Net Minority Interest": 2773000000.0,
        "EBIT": 3551000000.0,
        "Net Interest Income": -49000000.0,
        "Interest Expense": 49000000.0,
        "Normalized Income": 2773000000.0,
        "Net Income From Continuing And Discontinued Operation": 2773000000.0,
        "Total Expenses": -888000000.0,
        "Diluted Average Shares": 82821818.0,
        "Basic Average Shares": 82061813.0,
        "Diluted EPS": 33.35,
        "Basic EPS": 33.66,
        "Diluted NI Availto Com Stockholders": 2762000000.0,
        "Net Income Common Stockholders": 2762000000.0,
        "Preferred Stock Dividends": 11000000.0,
        "Net Income": 2773000000.0,
        "Minority Interests": -17000000.0,
        "Net Income Including Noncontrolling Interests": 2790000000.0,
        "Net Income Continuous Operations": 2790000000.0,
        "Tax Provision": 712000000.0,
        "Pretax Income": 3502000000.0,
        "Other Income Expense": 18000000.0,
        "Net Non Operating Interest Income Expense": -49000000.0,
        "Interest Expense Non Operating": 49000000.0,
        "Other Operating Expenses": -2268000000.0,
        "Selling General And Administration": 232000000.0,
        "General And Administrative Expense": 232000000.0,
        "Other Gand A": 232000000.0,
        "Total Revenue": 2614000000.0,
        "Operating Revenue": 2614000000.0
    },
    "2023-12-31": {
        "Tax Effect Of Unusual Items": 0.0,
        "Tax Rate For Calcs": 0.202046,
        "Net Income From Continuing Operation Net Minority Interest": -1559000000.0,
        "EBIT": -1920000000.0,
        "Net Interest Income": -35000000.0,
        "Interest Expense": 35000000.0,
        "Normalized Income": -1559000000.0,
        "Net Income From Continuing And Discontinued Operation": -1559000000.0,
        "Total Expenses": 2860000000.0,
        "Diluted Average Shares": NaN,
        "Basic Average Shares": NaN,
        "Diluted EPS": NaN,
        "Basic EPS": NaN,
        "Diluted NI Availto Com Stockholders": -1570000000.0,
        "Net Income Common Stockholders": -1570000000.0,
        "Preferred Stock Dividends": 11000000.0,
        "Net Income": -1559000000.0,
        "Minority Interests": 1000000.0,
        "Net Income Including Noncontrolling Interests": -1560000000.0,
        "Net Income Continuous Operations": -1560000000.0,
        "Tax Provision": -395000000.0,
        "Pretax Income": -1955000000.0,
        "Other Income Expense": 15000000.0,
        "Net Non Operating Interest Income Expense": -35000000.0,
        "Interest Expense Non Operating": 35000000.0,
        "Other Operating Expenses": 1316000000.0,
        "Selling General And Administration": 301000000.0,
        "General And Administrative Expense": 301000000.0,
        "Other Gand A": 301000000.0,
        "Total Revenue": 905000000.0,
        "Operating Revenue": 905000000.0
    }
}