{
    "2023-03-31": {
        "Tax Effect Of Unusual Items": -17397.951026,
        "Tax Rate For Calcs": 0.265743,
        "Normalized EBITDA": 1692884.0,
        "Total Unusual Items": -65469.0,
        "Total Unusual Items Excluding Goodwill": -65469.0,
        "Net Income From Continuing Operation Net Minority Interest": 2326164.0,
        "Reconciled Depreciation": 2215055.0,
        "Reconciled Cost Of Revenue": 2474685.0,
        "EBITDA": 1627415.0,
        "EBIT": -587640.0,
        "Normalized Income": 2374235.048974,
        "Net Income From Continuing And Discontinued Operation": 2326164.0,
        "Total Expenses": 28888460.0,
        "Total Operating Income As Reported": -653109.0,
        "Diluted Average Shares": 14861734.0,
        "Basic Average Shares": 14566185.0,
        "Diluted EPS": 0.16,
        "Basic EPS": 0.16,
        "Diluted NI Availto Com Stockholders": 2326164.0,
        "Net Income Common Stockholders": 2326164.0,
        "Net Income": 2326164.0,
        "Net Income Including Noncontrolling Interests": 2326164.0,
        "Net Income Continuous Operations": 2326164.0,
        "Tax Provision": 841889.0,
        "Pretax Income": 3168053.0,
        "Other Income Expense": 3755693.0,
        "Other Non Operating Income Expenses": 3821162.0,
        "Special Income Charges": -65469.0,
        "Gain On Sale Of Ppe": -65469.0,
        "Operating Income": -587640.0,
        "Operating Expense": 26413775.0,
        "Depreciation Amortization Depletion Income Statement": 2215055.0,
        "Depreciation And Amortization In Income Statement": 2215055.0,
        "Selling General And Administration": 24198720.0,
        "Selling And Marketing Expense": 4160244.0,
        "General And Administrative Expense": 20038476.0,
        "Other Gand A": 20038476.0,
        "Gross Profit": 25826135.0,
        "Cost Of Revenue": 2474685.0,
        "Total Revenue": 28300820.0,
        "Operating Revenue": 27910816.0
    },
    "2022-12-31": {
        "Tax Effect Of Unusual Items": -10515.75,
        "Tax Rate For Calcs": 0.21,
        "Normalized EBITDA": 3633435.0,
        "Total Unusual Items": -50075.0,
        "Total Unusual Items Excluding Goodwill": -50075.0,
        "Net Income From Continuing Operation Net Minority Interest": 763256.0,
        "Reconciled Depreciation": 2068172.0,
        "Reconciled Cost Of Revenue": 2465894.0,
        "EBITDA": 3583360.0,
        "EBIT": 1515188.0,
        "Normalized Income": 802815.25,
        "Net Income From Continuing And Discontinued Operation": 763256.0,
        "Total Expenses": 26163189.0,
        "Total Operating Income As Reported": 1465113.0,
        "Diluted Average Shares": 14817591.0,
        "Basic Average Shares": 14529829.0,
        "Diluted EPS": 0.04,
        "Basic EPS": 0.04,
        "Diluted NI Availto Com Stockholders": 763256.0,
        "Net Income Common Stockholders": 763256.0,
        "Net Income": 763256.0,
        "Net Income Including Noncontrolling Interests": 763256.0,
        "Net Income Continuous Operations": 763256.0,
        "Tax Provision": 629424.0,
        "Pretax Income": 1392680.0,
        "Other Income Expense": -122508.0,
        "Other Non Operating Income Expenses": -72433.0,
        "Special Income Charges": -50075.0,
        "Gain On Sale Of Ppe": -50075.0,
        "Operating Income": 1515188.0,
        "Operating Expense": 23697295.0,
        "Depreciation Amortization Depletion Income Statement": 2068172.0,
        "Depreciation And Amortization In Income Statement": 2068172.0,
        "Selling General And Administration": 21629123.0,
        "Selling And Marketing Expense": 3296209.0,
        "General And Administrative Expense": 18332914.0,
        "Other Gand A": 18332914.0,
        "Gross Profit": 25212483.0,
        "Cost Of Revenue": 2465894.0,
        "Total Revenue": 27678377.0,
        "Operating Revenue": 27285660.0
    },
    "2022-09-30": {
        "Tax Effect Of Unusual Items": -105756.4,
        "Tax Rate For Calcs": 0.4,
        "Normalized EBITDA": 3041022.0,
        "Total Unusual Items": -264391.0,
        "Total Unusual Items Excluding Goodwill": -264391.0,
        "Net Income From Continuing Operation Net Minority Interest": 491113.0,
        "Reconciled Depreciation": 2011767.0,
        "Reconciled Cost Of Revenue": 2490277.0,
        "EBITDA": 2776631.0,
        "EBIT": 764863.0,
        "Normalized Income": 649747.6,
        "Net Income From Continuing And Discontinued Operation": 491113.0,
        "Total Expenses": 25838137.0,
        "Total Operating Income As Reported": 500472.0,
        "Diluted Average Shares": 14829629.0,
        "Basic Average Shares": 14512856.0,
        "Diluted EPS": 0.03,
        "Basic EPS": 0.03,
        "Diluted NI Availto Com Stockholders": 491113.0,
        "Net Income Common Stockholders": 491113.0,
        "Net Income": 491113.0,
        "Net Income Including Noncontrolling Interests": 491113.0,
        "Net Income Continuous Operations": 491113.0,
        "Tax Provision": -15876.0,
        "Pretax Income": 475237.0,
        "Other Income Expense": -289626.0,
        "Other Non Operating Income Expenses": -25235.0,
        "Special Income Charges": -264391.0,
        "Gain On Sale Of Ppe": -264391.0,
        "Operating Income": 764863.0,
        "Operating Expense": 23347861.0,
        "Depreciation Amortization Depletion Income Statement": 2011768.0,
        "Depreciation And Amortization In Income Statement": 2011768.0,
        "Selling General And Administration": 21336093.0,
        "Selling And Marketing Expense": 3539287.0,
        "General And Administrative Expense": 17796806.0,
        "Other Gand A": 17796806.0,
        "Gross Profit": 24112724.0,
        "Cost Of Revenue": 2490276.0,
        "Total Revenue": 26603000.0,
        "Operating Revenue": 26227686.0
    },
    "2022-06-30": {
        "Tax Effect Of Unusual Items": -21369.134885,
        "Tax Rate For Calcs": 0.240524,
        "Normalized EBITDA": 2351371.0,
        "Total Unusual Items": -88844.0,
        "Total Unusual Items Excluding Goodwill": -88844.0,
        "Net Income From Continuing Operation Net Minority Interest": 344742.0,
        "Reconciled Depreciation": 1700476.0,
        "Reconciled Cost Of Revenue": 2427045.0,
        "EBITDA": 2262527.0,
        "EBIT": 562051.0,
        "Normalized Income": 412216.865115,
        "Net Income From Continuing And Discontinued Operation": 344742.0,
        "Total Expenses": 24495267.0,
        "Total Operating Income As Reported": 473207.0,
        "Diluted Average Shares": 14842816.0,
        "Basic Average Shares": 14475825.0,
        "Diluted EPS": 0.02,
        "Basic EPS": 0.02,
        "Diluted NI Availto Com Stockholders": 344742.0,
        "Net Income Common Stockholders": 344742.0,
        "Net Income": 344742.0,
        "Net Income Including Noncontrolling Interests": 344742.0,
        "Net Income Continuous Operations": 344742.0,
        "Tax Provision": 109179.0,
        "Pretax Income": 453921.0,
        "Other Income Expense": -108130.0,
        "Other Non Operating Income Expenses": -19286.0,
        "Special Income Charges": -88844.0,
        "Gain On Sale Of Ppe": -88844.0,
        "Operating Income": 562051.0,
        "Operating Expense": 22068222.0,
        "Depreciation Amortization Depletion Income Statement": 1700476.0,
        "Depreciation And Amortization In Income Statement": 1700476.0,
        "Selling General And Administration": 20367746.0,
        "Selling And Marketing Expense": 3839724.0,
        "General And Administrative Expense": 16528022.0,
        "Other Gand A": 16528022.0,
        "Gross Profit": 22630273.0,
        "Cost Of Revenue": 2427045.0,
        "Total Revenue": 25057318.0,
        "Operating Revenue": 24686763.0
    },
    "2022-03-31": {
        "Diluted EPS": -0.01,
        "Total Revenue": 22,
        "Gross Profit": 20,
        "Operating Income": 0,
        "EBIT": 1,
        "Net Income": 0
    },
    "2021-12-31": {
        "Diluted EPS": -0.03,
        "Total Revenue": 22,
        "Gross Profit": 20,
        "Operating Income": 0,
        "EBIT": 2,
        "Net Income": 0
    },
    "2021-09-30": {
        "Diluted EPS": 0.13,
        "Total Revenue": 21,
        "Gross Profit": 19,
        "Operating Income": 1,
        "EBIT": 3,
        "Net Income": 2
    },
    "2021-06-30": {
        "Diluted EPS": 0.18,
        "Total Revenue": 20,
        "Gross Profit": 18,
        "Operating Income": 2,
        "EBIT": 3,
        "Net Income": 3
    },
    "2021-03-31": {
        "Diluted EPS": 0.16,
        "Total Revenue": 18,
        "Gross Profit": 16,
        "Operating Income": 2,
        "EBIT": 3,
        "Net Income": 2
    },
    "2020-12-31": {
        "Diluted EPS": 0.72,
        "Total Revenue": 17,
        "Gross Profit": 15,
        "Operating Income": 3,
        "EBIT": 3,
        "Net Income": 11
    },
    "2020-09-30": {
        "Diluted EPS": 0.11,
        "Total Revenue": 15,
        "Gross Profit": 14,
        "Operating Income": 2,
        "EBIT": 2,
        "Net Income": 2
    },
    "2020-06-30": {
        "Diluted EPS": 0.01,
        "Total Revenue": 13,
        "Gross Profit": 11,
        "Operating Income": 0,
        "EBIT": 1,
        "Net Income": 0
    },
    "2020-03-31": {
        "Diluted EPS": 0.06,
        "Total Revenue": 14,
        "Gross Profit": 12,
        "Operating Income": 1,
        "EBIT": 1,
        "Net Income": 1
    },
    "2019-12-31": {
        "Diluted EPS": 0.09,
        "Total Revenue": 14,
        "Gross Profit": 12,
        "Operating Income": 1,
        "EBIT": 2,
        "Net Income": 1
    },
    "2019-09-30": {
        "Diluted EPS": 0.04,
        "Total Revenue": 13,
        "Gross Profit": 11,
        "Operating Income": 1,
        "EBIT": 1,
        "Net Income": 1
    },
    "2019-06-30": {
        "Diluted EPS": 0.03,
        "Total Revenue": 11,
        "Gross Profit": 10,
        "Operating Income": 0,
        "EBIT": 1,
        "Net Income": 0
    },
    "2019-03-31": {
        "Diluted EPS": 0.07,
        "Total Revenue": 11,
        "Gross Profit": 9,
        "Operating Income": 1,
        "EBIT": 1,
        "Net Income": 1
    },
    "2018-12-31": {
        "Diluted EPS": 0.03,
        "Total Revenue": 10,
        "Gross Profit": 9,
        "Operating Income": 1,
        "EBIT": 1,
        "Net Income": 0
    },
    "2018-09-30": {
        "Diluted EPS": -0.02,
        "Total Revenue": 9,
        "Gross Profit": 8,
        "Operating Income": 0,
        "EBIT": 0,
        "Net Income": 0
    },
    "2018-06-30": {
        "Diluted EPS": -0.0,
        "Total Revenue": 9,
        "Gross Profit": 8,
        "Operating Income": 0,
        "EBIT": 0,
        "Net Income": 0
    },
    "2018-03-31": {
        "Diluted EPS": 0.0,
        "Total Revenue": 9,
        "Gross Profit": 8,
        "Operating Income": 0,
        "EBIT": 0,
        "Net Income": 0
    },
    "2017-12-31": {
        "Diluted EPS": -0.01,
        "Total Revenue": 7,
        "Gross Profit": 6,
        "Operating Income": 0,
        "EBIT": 0,
        "Net Income": 0
    },
    "2017-09-30": {
        "Diluted EPS": -0.03,
        "Total Revenue": 7,
        "Gross Profit": 6,
        "Operating Income": 0,
        "EBIT": 0,
        "Net Income": 0
    },
    "2017-06-30": {
        "Diluted EPS": -0.08,
        "Total Revenue": 6,
        "Gross Profit": 5,
        "Operating Income": -1,
        "EBIT": 0,
        "Net Income": -1
    },
    "2017-03-31": {
        "Diluted EPS": -0.14,
        "Total Revenue": 6,
        "Gross Profit": 5,
        "Operating Income": -2,
        "EBIT": -1,
        "Net Income": -2
    },
    "2016-12-31": {
        "Diluted EPS": -0.45,
        "Total Revenue": 6,
        "Gross Profit": 5,
        "Operating Income": -6,
        "EBIT": -5,
        "Net Income": -6
    },
    "2016-09-30": {
        "Diluted EPS": -0.21,
        "Total Revenue": 6,
        "Gross Profit": 5,
        "Operating Income": -3,
        "EBIT": -2,
        "Net Income": -3
    },
    "2016-06-30": {
        "Diluted EPS": -0.26,
        "Total Revenue": 5,
        "Gross Profit": 4,
        "Operating Income": -3,
        "EBIT": -3,
        "Net Income": -3
    },
    "2016-03-31": {
        "Diluted EPS": -0.28,
        "Total Revenue": 4,
        "Gross Profit": 4,
        "Operating Income": -3,
        "EBIT": -3,
        "Net Income": -4
    },
    "2015-12-31": {
        "Diluted EPS": -0.32,
        "Total Revenue": 4,
        "Gross Profit": 3,
        "Operating Income": -4,
        "EBIT": -3,
        "Net Income": -3
    },
    "2015-09-30": {
        "Diluted EPS": -0.17,
        "Total Revenue": 4,
        "Gross Profit": 3,
        "Operating Income": -2,
        "EBIT": -2,
        "Net Income": -2
    },
    "2015-06-30": {
        "Diluted EPS": -0.19,
        "Total Revenue": 3,
        "Gross Profit": 3,
        "Operating Income": -2,
        "EBIT": -2,
        "Net Income": -2
    },
    "2015-03-31": {
        "Diluted EPS": -0.2,
        "Total Revenue": 3,
        "Gross Profit": 2,
        "Operating Income": -2,
        "EBIT": -2,
        "Net Income": -2
    },
    "2014-12-31": {
        "Diluted EPS": -0.46,
        "Total Revenue": 2,
        "Gross Profit": 1,
        "Operating Income": -1,
        "EBIT": -1,
        "Net Income": -3
    },
    "2014-09-30": {
        "Diluted EPS": -0.04,
        "Total Revenue": 2,
        "Gross Profit": 1,
        "Operating Income": 0,
        "EBIT": 0,
        "Net Income": 0
    },
    "2014-06-30": {
        "Diluted EPS": -0.03,
        "Total Revenue": 2,
        "Gross Profit": 1,
        "Operating Income": 0,
        "EBIT": 0,
        "Net Income": 0
    },
    "2014-03-31": {
        "Diluted EPS": -0.03,
        "Total Revenue": 2,
        "Gross Profit": 1,
        "Operating Income": 0,
        "EBIT": 0,
        "Net Income": 0
    },
    "2013-12-31": {
        "Diluted EPS": 0.0,
        "Total Revenue": NaN,
        "Gross Profit": NaN,
        "Operating Income": NaN,
        "EBIT": NaN,
        "Net Income": NaN
    },
    "2013-09-30": {
        "Diluted EPS": 0.01,
        "Total Revenue": 1,
        "Gross Profit": 1,
        "Operating Income": 0,
        "EBIT": 0,
        "Net Income": 0
    },
    "2012-12-31": {
        "Diluted EPS": 0.0,
        "Total Revenue": NaN,
        "Gross Profit": NaN,
        "Operating Income": NaN,
        "EBIT": NaN,
        "Net Income": NaN
    },
    "2023-06-30": {
        "Tax Effect Of Unusual Items": -48183.110758,
        "Tax Rate For Calcs": 0.333805,
        "Normalized EBITDA": 2243403.0,
        "Total Unusual Items": -144345.0,
        "Total Unusual Items Excluding Goodwill": -144345.0,
        "Net Income From Continuing Operation Net Minority Interest": -320489.0,
        "Reconciled Depreciation": 2329267.0,
        "Reconciled Cost Of Revenue": 2595512.0,
        "EBITDA": 2099058.0,
        "EBIT": -230209.0,
        "Normalized Income": -224327.110758,
        "Net Income From Continuing And Discontinued Operation": -320489.0,
        "Total Expenses": 29537393.0,
        "Total Operating Income As Reported": -374554.0,
        "Diluted Average Shares": 14952363.0,
        "Basic Average Shares": 14684035.0,
        "Diluted EPS": -0.02,
        "Basic EPS": -0.02,
        "Diluted NI Availto Com Stockholders": -320489.0,
        "Net Income Common Stockholders": -320489.0,
        "Net Income": -320489.0,
        "Net Income Including Noncontrolling Interests": -320489.0,
        "Net Income Continuous Operations": -320489.0,
        "Tax Provision": -160585.0,
        "Pretax Income": -481074.0,
        "Other Income Expense": -250865.0,
        "Other Non Operating Income Expenses": -106520.0,
        "Special Income Charges": -144345.0,
        "Gain On Sale Of Ppe": -144345.0,
        "Operating Income": -230209.0,
        "Operating Expense": 26941881.0,
        "Depreciation Amortization Depletion Income Statement": 2329267.0,
        "Depreciation And Amortization In Income Statement": 2329267.0,
        "Selling General And Administration": 24612614.0,
        "Selling And Marketing Expense": 4707818.0,
        "General And Administrative Expense": 19904796.0,
        "Other Gand A": 19904796.0,
        "Gross Profit": 26711672.0,
        "Cost Of Revenue": 2595512.0,
        "Total Revenue": 29307184.0,
        "Operating Revenue": 28922227.0
    },
    "2023-09-30": {
        "Tax Effect Of Unusual Items": -188149.403913,
        "Tax Rate For Calcs": 0.207918,
        "Normalized EBITDA": 3261006.0,
        "Total Unusual Items": -904923.0,
        "Total Unusual Items Excluding Goodwill": -904923.0,
        "Net Income From Continuing Operation Net Minority Interest": -716273.0,
        "Reconciled Depreciation": 2349207.0,
        "Reconciled Cost Of Revenue": 2604099.0,
        "EBITDA": 2356083.0,
        "EBIT": 6876.0,
        "Normalized Income": 500.596087,
        "Net Income From Continuing And Discontinued Operation": -716273.0,
        "Total Expenses": 29467073.0,
        "Total Operating Income As Reported": -898047.0,
        "Diluted Average Shares": 15015953.0,
        "Basic Average Shares": 14790663.0,
        "Diluted EPS": -0.05,
        "Basic EPS": -0.05,
        "Diluted NI Availto Com Stockholders": -716273.0,
        "Net Income Common Stockholders": -716273.0,
        "Net Income": -716273.0,
        "Net Income Including Noncontrolling Interests": -716273.0,
        "Net Income Continuous Operations": -716273.0,
        "Tax Provision": -188018.0,
        "Pretax Income": -904291.0,
        "Other Income Expense": -911167.0,
        "Other Non Operating Income Expenses": -6244.0,
        "Special Income Charges": -904923.0,
        "Gain On Sale Of Ppe": -904923.0,
        "Operating Income": 6876.0,
        "Operating Expense": 26862973.0,
        "Depreciation Amortization Depletion Income Statement": 2349206.0,
        "Depreciation And Amortization In Income Statement": 2349206.0,
        "Selling General And Administration": 24513767.0,
        "Selling And Marketing Expense": 4301017.0,
        "General And Administrative Expense": 20212750.0,
        "Other Gand A": 20212750.0,
        "Gross Profit": 26869849.0,
        "Cost Of Revenue": 2604100.0,
        "Total Revenue": 29473949.0,
        "Operating Revenue": 29131806.0
    }
}