{
    "2023-03-31": {
        "Tax Effect Of Unusual Items": NaN,
        "Tax Rate For Calcs": NaN,
        "Normalized EBITDA": NaN,
        "Net Income From Continuing Operation Net Minority Interest": NaN,
        "Reconciled Depreciation": NaN,
        "Reconciled Cost Of Revenue": NaN,
        "EBITDA": NaN,
        "EBIT": NaN,
        "Net Interest Income": NaN,
        "Interest Expense": NaN,
        "Normalized Income": NaN,
        "Net Income From Continuing And Discontinued Operation": NaN,
        "Total Expenses": NaN,
        "Total Operating Income As Reported": NaN,
        "Diluted Average Shares": NaN,
        "Basic Average Shares": NaN,
        "Diluted EPS": NaN,
        "Basic EPS": NaN,
        "Diluted NI Availto Com Stockholders": NaN,
        "Net Income Common Stockholders": NaN,
        "Net Income": NaN,
        "Minority Interests": NaN,
        "Net Income Including Noncontrolling Interests": NaN,
        "Net Income Discontinuous Operations": 68000000.0,
        "Net Income Continuous Operations": NaN,
        "Earnings From Equity Interest Net Of Tax": NaN,
        "Tax Provision": NaN,
        "Pretax Income": NaN,
        "Other Income Expense": NaN,
        "Other Non Operating Income Expenses": NaN,
        "Net Non Operating Interest Income Expense": NaN,
        "Interest Expense Non Operating": NaN,
        "Operating Income": NaN,
        "Operating Expense": NaN,
        "Selling General And Administration": NaN,
        "Gross Profit": NaN,
        "Cost Of Revenue": NaN,
        "Total Revenue": NaN,
        "Operating Revenue": NaN
    },
    "2022-12-31": {
        "Tax Effect Of Unusual Items": 0.0,
        "Tax Rate For Calcs": 0.274648,
        "Normalized EBITDA": 54000000.0,
        "Net Income From Continuing Operation Net Minority Interest": -98000000.0,
        "Reconciled Depreciation": 127000000.0,
        "Reconciled Cost Of Revenue": 2673000000.0,
        "EBITDA": 54000000.0,
        "EBIT": -73000000.0,
        "Net Interest Income": -69000000.0,
        "Interest Expense": 69000000.0,
        "Normalized Income": -98000000.0,
        "Net Income From Continuing And Discontinued Operation": -98000000.0,
        "Total Expenses": 3498000000.0,
        "Total Operating Income As Reported": 335000000.0,
        "Diluted Average Shares": 342000000.0,
        "Basic Average Shares": 342000000.0,
        "Diluted EPS": -0.29,
        "Basic EPS": -0.29,
        "Diluted NI Availto Com Stockholders": -98000000.0,
        "Net Income Common Stockholders": -98000000.0,
        "Net Income": -98000000.0,
        "Minority Interests": 2000000.0,
        "Net Income Including Noncontrolling Interests": -100000000.0,
        "Net Income Continuous Operations": -100000000.0,
        "Earnings From Equity Interest Net Of Tax": 3000000.0,
        "Tax Provision": -39000000.0,
        "Pretax Income": -142000000.0,
        "Other Income Expense": -408000000.0,
        "Other Non Operating Income Expenses": -408000000.0,
        "Net Non Operating Interest Income Expense": -69000000.0,
        "Interest Expense Non Operating": 69000000.0,
        "Operating Income": 335000000.0,
        "Operating Expense": 825000000.0,
        "Selling General And Administration": 825000000.0,
        "Gross Profit": 1160000000.0,
        "Cost Of Revenue": 2673000000.0,
        "Total Revenue": 3833000000.0,
        "Operating Revenue": 3833000000.0
    },
    "2022-09-30": {
        "Tax Effect Of Unusual Items": 0.0,
        "Tax Rate For Calcs": 0.19,
        "Normalized EBITDA": 535000000.0,
        "Net Income From Continuing Operation Net Minority Interest": 310000000.0,
        "Reconciled Depreciation": 113000000.0,
        "Reconciled Cost Of Revenue": 2793000000.0,
        "EBITDA": 535000000.0,
        "EBIT": 422000000.0,
        "Net Interest Income": -39000000.0,
        "Interest Expense": 39000000.0,
        "Normalized Income": 310000000.0,
        "Net Income From Continuing And Discontinued Operation": 310000000.0,
        "Total Expenses": 3578000000.0,
        "Total Operating Income As Reported": 368000000.0,
        "Diluted Average Shares": 344000000.0,
        "Basic Average Shares": 341000000.0,
        "Diluted EPS": 0.9,
        "Basic EPS": 0.91,
        "Diluted NI Availto Com Stockholders": 310000000.0,
        "Net Income Common Stockholders": 310000000.0,
        "Net Income": 310000000.0,
        "Minority Interests": -2000000.0,
        "Net Income Including Noncontrolling Interests": 312000000.0,
        "Net Income Continuous Operations": 312000000.0,
        "Earnings From Equity Interest Net Of Tax": 3000000.0,
        "Tax Provision": 74000000.0,
        "Pretax Income": 383000000.0,
        "Other Income Expense": 54000000.0,
        "Other Non Operating Income Expenses": 54000000.0,
        "Net Non Operating Interest Income Expense": -39000000.0,
        "Interest Expense Non Operating": 39000000.0,
        "Operating Income": 368000000.0,
        "Operating Expense": 785000000.0,
        "Selling General And Administration": 785000000.0,
        "Gross Profit": 1153000000.0,
        "Cost Of Revenue": 2793000000.0,
        "Total Revenue": 3946000000.0,
        "Operating Revenue": 3946000000.0
    },
    "2022-06-30": {
        "Tax Effect Of Unusual Items": 0.0,
        "Tax Rate For Calcs": 0.23,
        "Normalized EBITDA": 594000000.0,
        "Net Income From Continuing Operation Net Minority Interest": 326000000.0,
        "Reconciled Depreciation": 119000000.0,
        "Reconciled Cost Of Revenue": 2721000000.0,
        "EBITDA": 594000000.0,
        "EBIT": 475000000.0,
        "Net Interest Income": -54000000.0,
        "Interest Expense": 54000000.0,
        "Normalized Income": 326000000.0,
        "Net Income From Continuing And Discontinued Operation": 326000000.0,
        "Total Expenses": 3449000000.0,
        "Total Operating Income As Reported": 415000000.0,
        "Diluted Average Shares": 342000000.0,
        "Basic Average Shares": 339000000.0,
        "Diluted EPS": 0.95,
        "Basic EPS": 0.96,
        "Diluted NI Availto Com Stockholders": 326000000.0,
        "Net Income Common Stockholders": 326000000.0,
        "Net Income": 326000000.0,
        "Minority Interests": 0.0,
        "Net Income Including Noncontrolling Interests": 326000000.0,
        "Net Income Continuous Operations": 326000000.0,
        "Earnings From Equity Interest Net Of Tax": 2000000.0,
        "Tax Provision": 97000000.0,
        "Pretax Income": 421000000.0,
        "Other Income Expense": 60000000.0,
        "Other Non Operating Income Expenses": 60000000.0,
        "Net Non Operating Interest Income Expense": -54000000.0,
        "Interest Expense Non Operating": 54000000.0,
        "Operating Income": 415000000.0,
        "Operating Expense": 728000000.0,
        "Selling General And Administration": 728000000.0,
        "Gross Profit": 1143000000.0,
        "Cost Of Revenue": 2721000000.0,
        "Total Revenue": 3864000000.0,
        "Operating Revenue": 3864000000.0
    },
    "2023-06-30": {
        "Tax Effect Of Unusual Items": NaN,
        "Tax Rate For Calcs": NaN,
        "Normalized EBITDA": NaN,
        "Net Income From Continuing Operation Net Minority Interest": NaN,
        "Reconciled Depreciation": NaN,
        "Reconciled Cost Of Revenue": NaN,
        "EBITDA": NaN,
        "EBIT": NaN,
        "Net Interest Income": NaN,
        "Interest Expense": NaN,
        "Normalized Income": NaN,
        "Net Income From Continuing And Discontinued Operation": NaN,
        "Total Expenses": NaN,
        "Total Operating Income As Reported": NaN,
        "Diluted Average Shares": NaN,
        "Basic Average Shares": NaN,
        "Diluted EPS": NaN,
        "Basic EPS": NaN,
        "Diluted NI Availto Com Stockholders": NaN,
        "Net Income Common Stockholders": NaN,
        "Net Income": NaN,
        "Minority Interests": NaN,
        "Net Income Including Noncontrolling Interests": NaN,
        "Net Income Discontinuous Operations": 64000000.0,
        "Net Income Continuous Operations": NaN,
        "Earnings From Equity Interest Net Of Tax": NaN,
        "Tax Provision": NaN,
        "Pretax Income": NaN,
        "Other Income Expense": NaN,
        "Other Non Operating Income Expenses": NaN,
        "Net Non Operating Interest Income Expense": NaN,
        "Interest Expense Non Operating": NaN,
        "Operating Income": NaN,
        "Operating Expense": NaN,
        "Selling General And Administration": NaN,
        "Gross Profit": NaN,
        "Cost Of Revenue": NaN,
        "Total Revenue": NaN,
        "Operating Revenue": NaN
    },
    "2023-09-30": {
        "Tax Effect Of Unusual Items": 0.0,
        "Tax Rate For Calcs": 0.28,
        "Normalized EBITDA": 464000000.0,
        "Net Income From Continuing Operation Net Minority Interest": 197000000.0,
        "Reconciled Depreciation": 112000000.0,
        "Reconciled Cost Of Revenue": 2145000000.0,
        "EBITDA": 464000000.0,
        "EBIT": 352000000.0,
        "Net Interest Income": -75000000.0,
        "Interest Expense": 75000000.0,
        "Normalized Income": 197000000.0,
        "Net Income From Continuing And Discontinued Operation": 269000000.0,
        "Total Expenses": 2841000000.0,
        "Total Operating Income As Reported": 414000000.0,
        "Diluted Average Shares": 345000000.0,
        "Basic Average Shares": 342000000.0,
        "Diluted EPS": 0.78,
        "Basic EPS": 0.79,
        "Diluted NI Availto Com Stockholders": 269000000.0,
        "Net Income Common Stockholders": 269000000.0,
        "Net Income": 269000000.0,
        "Minority Interests": -1000000.0,
        "Net Income Including Noncontrolling Interests": 270000000.0,
        "Net Income Discontinuous Operations": 72000000.0,
        "Net Income Continuous Operations": 198000000.0,
        "Earnings From Equity Interest Net Of Tax": -1000000.0,
        "Tax Provision": 78000000.0,
        "Pretax Income": 277000000.0,
        "Other Income Expense": -62000000.0,
        "Other Non Operating Income Expenses": -62000000.0,
        "Net Non Operating Interest Income Expense": -75000000.0,
        "Interest Expense Non Operating": 75000000.0,
        "Operating Income": 414000000.0,
        "Operating Expense": 696000000.0,
        "Selling General And Administration": 696000000.0,
        "Gross Profit": 1110000000.0,
        "Cost Of Revenue": 2145000000.0,
        "Total Revenue": 3255000000.0,
        "Operating Revenue": 3255000000.0
    },
    "2023-12-31": {
        "Tax Effect Of Unusual Items": 0.0,
        "Tax Rate For Calcs": 0.195652,
        "Normalized EBITDA": -45000000.0,
        "Net Income From Continuing Operation Net Minority Interest": -149000000.0,
        "Reconciled Depreciation": 81000000.0,
        "Reconciled Cost Of Revenue": 692000000.0,
        "EBITDA": -45000000.0,
        "EBIT": -126000000.0,
        "Net Interest Income": 43000000.0,
        "Interest Expense": 58000000.0,
        "Normalized Income": -149000000.0,
        "Net Income From Continuing And Discontinued Operation": 27000000.0,
        "Total Expenses": 1015000000.0,
        "Total Operating Income As Reported": 74000000.0,
        "Diluted Average Shares": 344000000.0,
        "Basic Average Shares": 342000000.0,
        "Diluted EPS": 0.08,
        "Basic EPS": 0.08,
        "Diluted NI Availto Com Stockholders": 27000000.0,
        "Net Income Common Stockholders": 27000000.0,
        "Net Income": 27000000.0,
        "Minority Interests": -3000000.0,
        "Net Income Including Noncontrolling Interests": 30000000.0,
        "Net Income Discontinuous Operations": NaN,
        "Net Income Continuous Operations": -146000000.0,
        "Earnings From Equity Interest Net Of Tax": 2000000.0,
        "Tax Provision": -36000000.0,
        "Pretax Income": -184000000.0,
        "Other Income Expense": -301000000.0,
        "Other Non Operating Income Expenses": -301000000.0,
        "Net Non Operating Interest Income Expense": 43000000.0,
        "Interest Expense Non Operating": 58000000.0,
        "Operating Income": 74000000.0,
        "Operating Expense": 323000000.0,
        "Selling General And Administration": 323000000.0,
        "Gross Profit": 397000000.0,
        "Cost Of Revenue": 692000000.0,
        "Total Revenue": 1089000000.0,
        "Operating Revenue": 1089000000.0
    },
    "2024-03-31": {
        "Tax Effect Of Unusual Items": 0.0,
        "Tax Rate For Calcs": 0.232,
        "Normalized EBITDA": 522000000.0,
        "Net Income From Continuing Operation Net Minority Interest": 267000000.0,
        "Reconciled Depreciation": 86000000.0,
        "Reconciled Cost Of Revenue": 2169000000.0,
        "EBITDA": 522000000.0,
        "EBIT": 436000000.0,
        "Net Interest Income": -83000000.0,
        "Interest Expense": 83000000.0,
        "Normalized Income": 267000000.0,
        "Net Income From Continuing And Discontinued Operation": 267000000.0,
        "Total Expenses": 2807000000.0,
        "Total Operating Income As Reported": 393000000.0,
        "Diluted Average Shares": 344000000.0,
        "Basic Average Shares": 341000000.0,
        "Diluted EPS": 0.78,
        "Basic EPS": 0.78,
        "Diluted NI Availto Com Stockholders": 267000000.0,
        "Net Income Common Stockholders": 267000000.0,
        "Net Income": 267000000.0,
        "Minority Interests": -4000000.0,
        "Net Income Including Noncontrolling Interests": 271000000.0,
        "Net Income Discontinuous Operations": 0.0,
        "Net Income Continuous Operations": 271000000.0,
        "Earnings From Equity Interest Net Of Tax": 0.0,
        "Tax Provision": 82000000.0,
        "Pretax Income": 353000000.0,
        "Other Income Expense": 43000000.0,
        "Other Non Operating Income Expenses": 43000000.0,
        "Net Non Operating Interest Income Expense": -83000000.0,
        "Interest Expense Non Operating": 83000000.0,
        "Operating Income": 393000000.0,
        "Operating Expense": 638000000.0,
        "Selling General And Administration": 638000000.0,
        "Gross Profit": 1031000000.0,
        "Cost Of Revenue": 2169000000.0,
        "Total Revenue": 3200000000.0,
        "Operating Revenue": 3200000000.0
    },
    "2024-06-30": {
        "Tax Effect Of Unusual Items": 0.0,
        "Tax Rate For Calcs": 0.219,
        "Normalized EBITDA": 621000000.0,
        "Net Income From Continuing Operation Net Minority Interest": 344000000.0,
        "Reconciled Depreciation": 95000000.0,
        "Reconciled Cost Of Revenue": 2031000000.0,
        "EBITDA": 621000000.0,
        "EBIT": 526000000.0,
        "Net Interest Income": -83000000.0,
        "Interest Expense": 83000000.0,
        "Normalized Income": 344000000.0,
        "Net Income From Continuing And Discontinued Operation": 344000000.0,
        "Total Expenses": 2699000000.0,
        "Total Operating Income As Reported": 493000000.0,
        "Diluted Average Shares": 345000000.0,
        "Basic Average Shares": 342000000.0,
        "Diluted EPS": 1.0,
        "Basic EPS": 1.01,
        "Diluted NI Availto Com Stockholders": 344000000.0,
        "Net Income Common Stockholders": 344000000.0,
        "Net Income": 344000000.0,
        "Minority Interests": -3000000.0,
        "Net Income Including Noncontrolling Interests": 347000000.0,
        "Net Income Discontinuous Operations": 0.0,
        "Net Income Continuous Operations": 347000000.0,
        "Earnings From Equity Interest Net Of Tax": 1000000.0,
        "Tax Provision": 97000000.0,
        "Pretax Income": 443000000.0,
        "Other Income Expense": 33000000.0,
        "Other Non Operating Income Expenses": 33000000.0,
        "Net Non Operating Interest Income Expense": -83000000.0,
        "Interest Expense Non Operating": 83000000.0,
        "Operating Income": 493000000.0,
        "Operating Expense": 668000000.0,
        "Selling General And Administration": 668000000.0,
        "Gross Profit": 1161000000.0,
        "Cost Of Revenue": 2031000000.0,
        "Total Revenue": 3192000000.0,
        "Operating Revenue": 3192000000.0
    },
    "2024-09-30": {
        "Tax Effect Of Unusual Items": 0.0,
        "Tax Rate For Calcs": 0.09,
        "Normalized EBITDA": 569000000.0,
        "Net Income From Continuing Operation Net Minority Interest": 367000000.0,
        "Reconciled Depreciation": 92000000.0,
        "Reconciled Cost Of Revenue": 2057000000.0,
        "EBITDA": 569000000.0,
        "EBIT": 477000000.0,
        "Net Interest Income": -75000000.0,
        "Interest Expense": 75000000.0,
        "Normalized Income": 367000000.0,
        "Net Income From Continuing And Discontinued Operation": 367000000.0,
        "Total Expenses": 2777000000.0,
        "Total Operating Income As Reported": 456000000.0,
        "Diluted Average Shares": 347000000.0,
        "Basic Average Shares": 343000000.0,
        "Diluted EPS": 1.05,
        "Basic EPS": 1.07,
        "Diluted NI Availto Com Stockholders": 367000000.0,
        "Net Income Common Stockholders": 367000000.0,
        "Net Income": 367000000.0,
        "Minority Interests": -3000000.0,
        "Net Income Including Noncontrolling Interests": 370000000.0,
        "Net Income Discontinuous Operations": 0.0,
        "Net Income Continuous Operations": 370000000.0,
        "Earnings From Equity Interest Net Of Tax": 2000000.0,
        "Tax Provision": 34000000.0,
        "Pretax Income": 402000000.0,
        "Other Income Expense": 21000000.0,
        "Other Non Operating Income Expenses": 21000000.0,
        "Net Non Operating Interest Income Expense": -75000000.0,
        "Interest Expense Non Operating": 75000000.0,
        "Operating Income": 456000000.0,
        "Operating Expense": 720000000.0,
        "Selling General And Administration": 720000000.0,
        "Gross Profit": 1176000000.0,
        "Cost Of Revenue": 2057000000.0,
        "Total Revenue": 3233000000.0,
        "Operating Revenue": 3233000000.0
    }
}