{
    "2023-03-31": {
        "Tax Effect Of Unusual Items": 0.0,
        "Tax Rate For Calcs": 0.256772,
        "Normalized EBITDA": 40392000.0,
        "Total Unusual Items": 0.0,
        "Total Unusual Items Excluding Goodwill": 0.0,
        "Net Income From Continuing Operation Net Minority Interest": 28075000.0,
        "Reconciled Depreciation": 8446000.0,
        "Reconciled Cost Of Revenue": 127712000.0,
        "EBITDA": 40392000.0,
        "EBIT": 40392000.0,
        "Net Interest Income": -2071000.0,
        "Interest Expense": 2370000.0,
        "Interest Income": 299000.0,
        "Normalized Income": 28075000.0,
        "Net Income From Continuing And Discontinued Operation": 28075000.0,
        "Total Expenses": 189644000.0,
        "Total Operating Income As Reported": 40114000.0,
        "Diluted Average Shares": 11694000.0,
        "Basic Average Shares": 11681000.0,
        "Diluted EPS": 2.4,
        "Basic EPS": 2.4,
        "Diluted NI Availto Com Stockholders": 28075000.0,
        "Net Income Common Stockholders": 28075000.0,
        "Net Income": 28075000.0,
        "Minority Interests": -184000.0,
        "Net Income Including Noncontrolling Interests": 28259000.0,
        "Net Income Continuous Operations": 28259000.0,
        "Tax Provision": 9763000.0,
        "Pretax Income": 38022000.0,
        "Other Income Expense": -21000.0,
        "Other Non Operating Income Expenses": -21000.0,
        "Special Income Charges": 0.0,
        "Gain On Sale Of Ppe": 0.0,
        "Net Non Operating Interest Income Expense": -2071000.0,
        "Interest Expense Non Operating": 2370000.0,
        "Interest Income Non Operating": 299000.0,
        "Operating Income": 40114000.0,
        "Operating Expense": 61932000.0,
        "Research And Development": 3370000.0,
        "Selling General And Administration": 58562000.0,
        "Gross Profit": 102046000.0,
        "Cost Of Revenue": 127712000.0,
        "Total Revenue": 229758000.0,
        "Operating Revenue": 229758000.0
    },
    "2022-12-31": {
        "Tax Effect Of Unusual Items": -315806.695464,
        "Tax Rate For Calcs": 0.292414,
        "Normalized EBITDA": 40277000.0,
        "Total Unusual Items": -1080000.0,
        "Total Unusual Items Excluding Goodwill": -1080000.0,
        "Net Income From Continuing Operation Net Minority Interest": 26079000.0,
        "Reconciled Depreciation": 8549000.0,
        "Reconciled Cost Of Revenue": 132150000.0,
        "EBITDA": 39197000.0,
        "EBIT": 39197000.0,
        "Net Interest Income": -1903000.0,
        "Interest Expense": 2157000.0,
        "Interest Income": 254000.0,
        "Normalized Income": 26843193.304536,
        "Net Income From Continuing And Discontinued Operation": 26079000.0,
        "Total Expenses": 192065000.0,
        "Total Operating Income As Reported": 38955000.0,
        "Diluted Average Shares": 11708000.0,
        "Basic Average Shares": 11664000.0,
        "Diluted EPS": 2.23,
        "Basic EPS": 2.24,
        "Diluted NI Availto Com Stockholders": 26079000.0,
        "Net Income Common Stockholders": 26079000.0,
        "Net Income": 26079000.0,
        "Minority Interests": -130000.0,
        "Net Income Including Noncontrolling Interests": 26209000.0,
        "Net Income Continuous Operations": 26209000.0,
        "Tax Provision": 10831000.0,
        "Pretax Income": 37040000.0,
        "Other Income Expense": -1092000.0,
        "Other Non Operating Income Expenses": -12000.0,
        "Special Income Charges": -1080000.0,
        "Gain On Sale Of Ppe": -1080000.0,
        "Net Non Operating Interest Income Expense": -1903000.0,
        "Interest Expense Non Operating": 2157000.0,
        "Interest Income Non Operating": 254000.0,
        "Operating Income": 40035000.0,
        "Operating Expense": 59915000.0,
        "Research And Development": 3150000.0,
        "Selling General And Administration": 56765000.0,
        "Gross Profit": 99950000.0,
        "Cost Of Revenue": 132150000.0,
        "Total Revenue": 232100000.0,
        "Operating Revenue": 232100000.0
    },
    "2022-09-30": {
        "Tax Effect Of Unusual Items": -18753.828474,
        "Tax Rate For Calcs": 0.26047,
        "Normalized EBITDA": 39210000.0,
        "Total Unusual Items": -72000.0,
        "Total Unusual Items Excluding Goodwill": -72000.0,
        "Net Income From Continuing Operation Net Minority Interest": 27487000.0,
        "Reconciled Depreciation": 8456000.0,
        "Reconciled Cost Of Revenue": 129154000.0,
        "EBITDA": 39138000.0,
        "EBIT": 39138000.0,
        "Net Interest Income": -1450000.0,
        "Interest Expense": 1721000.0,
        "Interest Income": 271000.0,
        "Normalized Income": 27540246.171526,
        "Net Income From Continuing And Discontinued Operation": 27487000.0,
        "Total Expenses": 185552000.0,
        "Total Operating Income As Reported": 38886000.0,
        "Diluted Average Shares": 11700000.0,
        "Basic Average Shares": 11662000.0,
        "Diluted EPS": 2.35,
        "Basic EPS": 2.36,
        "Diluted NI Availto Com Stockholders": 27487000.0,
        "Net Income Common Stockholders": 27487000.0,
        "Net Income": 27487000.0,
        "Minority Interests": -184000.0,
        "Net Income Including Noncontrolling Interests": 27671000.0,
        "Net Income Continuous Operations": 27671000.0,
        "Tax Provision": 9746000.0,
        "Pretax Income": 37417000.0,
        "Other Income Expense": -91000.0,
        "Other Non Operating Income Expenses": -19000.0,
        "Special Income Charges": -72000.0,
        "Gain On Sale Of Ppe": -72000.0,
        "Net Non Operating Interest Income Expense": -1450000.0,
        "Interest Expense Non Operating": 1721000.0,
        "Interest Income Non Operating": 271000.0,
        "Operating Income": 38958000.0,
        "Operating Expense": 56398000.0,
        "Research And Development": 3245000.0,
        "Selling General And Administration": 53153000.0,
        "Gross Profit": 95356000.0,
        "Cost Of Revenue": 129154000.0,
        "Total Revenue": 224510000.0,
        "Operating Revenue": 224510000.0
    },
    "2022-06-30": {
        "Tax Effect Of Unusual Items": 0.0,
        "Tax Rate For Calcs": 0.27368,
        "Normalized EBITDA": 37726000.0,
        "Total Unusual Items": 0.0,
        "Total Unusual Items Excluding Goodwill": 0.0,
        "Net Income From Continuing Operation Net Minority Interest": 26170000.0,
        "Reconciled Depreciation": 8486000.0,
        "Reconciled Cost Of Revenue": 125611000.0,
        "EBITDA": 37726000.0,
        "EBIT": 37726000.0,
        "Net Interest Income": -1089000.0,
        "Interest Expense": 1366000.0,
        "Interest Income": 277000.0,
        "Normalized Income": 26170000.0,
        "Net Income From Continuing And Discontinued Operation": 26170000.0,
        "Total Expenses": 184181000.0,
        "Total Operating Income As Reported": 37468000.0,
        "Diluted Average Shares": 11689000.0,
        "Basic Average Shares": 11660000.0,
        "Diluted EPS": 2.24,
        "Basic EPS": 2.24,
        "Diluted NI Availto Com Stockholders": 26170000.0,
        "Net Income Common Stockholders": 26170000.0,
        "Net Income": 26170000.0,
        "Minority Interests": -239000.0,
        "Net Income Including Noncontrolling Interests": 26409000.0,
        "Net Income Continuous Operations": 26409000.0,
        "Tax Provision": 9951000.0,
        "Pretax Income": 36360000.0,
        "Other Income Expense": -19000.0,
        "Other Non Operating Income Expenses": -19000.0,
        "Special Income Charges": 0.0,
        "Gain On Sale Of Ppe": 0.0,
        "Net Non Operating Interest Income Expense": -1089000.0,
        "Interest Expense Non Operating": 1366000.0,
        "Interest Income Non Operating": 277000.0,
        "Operating Income": 37468000.0,
        "Operating Expense": 58570000.0,
        "Research And Development": 3251000.0,
        "Selling General And Administration": 55319000.0,
        "Gross Profit": 96038000.0,
        "Cost Of Revenue": 125611000.0,
        "Total Revenue": 221649000.0,
        "Operating Revenue": 221649000.0
    },
    "2023-06-30": {
        "Tax Effect Of Unusual Items": -20119.33476,
        "Tax Rate For Calcs": 0.271883,
        "Normalized EBITDA": 43447000.0,
        "Total Unusual Items": -74000.0,
        "Total Unusual Items Excluding Goodwill": -74000.0,
        "Net Income From Continuing Operation Net Minority Interest": 29734000.0,
        "Reconciled Depreciation": 8237000.0,
        "Reconciled Cost Of Revenue": 138503000.0,
        "EBITDA": 43373000.0,
        "EBIT": 43373000.0,
        "Net Interest Income": -1929000.0,
        "Interest Expense": 2245000.0,
        "Interest Income": 316000.0,
        "Normalized Income": 29787880.66524,
        "Net Income From Continuing And Discontinued Operation": 29734000.0,
        "Total Expenses": 201901000.0,
        "Total Operating Income As Reported": 43078000.0,
        "Diluted Average Shares": 11723000.0,
        "Basic Average Shares": 11704000.0,
        "Diluted EPS": 2.54,
        "Basic EPS": 2.54,
        "Diluted NI Availto Com Stockholders": 29734000.0,
        "Net Income Common Stockholders": 29734000.0,
        "Net Income": 29734000.0,
        "Minority Interests": -212000.0,
        "Net Income Including Noncontrolling Interests": 29946000.0,
        "Net Income Continuous Operations": 29946000.0,
        "Tax Provision": 11182000.0,
        "Pretax Income": 41128000.0,
        "Other Income Expense": -95000.0,
        "Other Non Operating Income Expenses": -21000.0,
        "Special Income Charges": -74000.0,
        "Gain On Sale Of Ppe": -74000.0,
        "Net Non Operating Interest Income Expense": -1929000.0,
        "Interest Expense Non Operating": 2245000.0,
        "Interest Income Non Operating": 316000.0,
        "Operating Income": 43152000.0,
        "Operating Expense": 63398000.0,
        "Research And Development": 3408000.0,
        "Selling General And Administration": 59990000.0,
        "Gross Profit": 106550000.0,
        "Cost Of Revenue": 138503000.0,
        "Total Revenue": 245053000.0,
        "Operating Revenue": 245053000.0
    },
    "2022-03-31": {
        "Diluted EPS": 3.53,
        "Total Revenue": 226,
        "Gross Profit": 98,
        "Operating Income": 56,
        "EBIT": 65,
        "Net Income": 41
    },
    "2021-12-31": {
        "Diluted EPS": 2.07,
        "Total Revenue": 219,
        "Gross Profit": 93,
        "Operating Income": 32,
        "EBIT": 42,
        "Net Income": 24
    },
    "2021-09-30": {
        "Diluted EPS": 1.75,
        "Total Revenue": 200,
        "Gross Profit": 84,
        "Operating Income": 29,
        "EBIT": 38,
        "Net Income": 20
    },
    "2021-06-30": {
        "Diluted EPS": 1.96,
        "Total Revenue": 196,
        "Gross Profit": 85,
        "Operating Income": 33,
        "EBIT": 41,
        "Net Income": 23
    },
    "2021-03-31": {
        "Diluted EPS": 1.43,
        "Total Revenue": 172,
        "Gross Profit": 76,
        "Operating Income": 23,
        "EBIT": 31,
        "Net Income": 17
    },
    "2020-12-31": {
        "Diluted EPS": 1.4,
        "Total Revenue": 168,
        "Gross Profit": 74,
        "Operating Income": 22,
        "EBIT": 32,
        "Net Income": 16
    },
    "2020-09-30": {
        "Diluted EPS": 1.28,
        "Total Revenue": 155,
        "Gross Profit": 68,
        "Operating Income": 21,
        "EBIT": 29,
        "Net Income": 15
    },
    "2020-06-30": {
        "Diluted EPS": 1.0,
        "Total Revenue": 153,
        "Gross Profit": 66,
        "Operating Income": 18,
        "EBIT": 26,
        "Net Income": 12
    },
    "2020-03-31": {
        "Diluted EPS": 1.09,
        "Total Revenue": 159,
        "Gross Profit": 68,
        "Operating Income": 20,
        "EBIT": 27,
        "Net Income": 13
    },
    "2019-12-31": {
        "Diluted EPS": 0.75,
        "Total Revenue": 183,
        "Gross Profit": 75,
        "Operating Income": 22,
        "EBIT": 32,
        "Net Income": 9
    },
    "2019-09-30": {
        "Diluted EPS": 1.41,
        "Total Revenue": 174,
        "Gross Profit": 74,
        "Operating Income": 25,
        "EBIT": 32,
        "Net Income": 16
    },
    "2019-06-30": {
        "Diluted EPS": 1.42,
        "Total Revenue": 177,
        "Gross Profit": 74,
        "Operating Income": 23,
        "EBIT": 31,
        "Net Income": 16
    },
    "2019-03-31": {
        "Diluted EPS": 0.96,
        "Total Revenue": 171,
        "Gross Profit": 71,
        "Operating Income": 19,
        "EBIT": 27,
        "Net Income": 11
    },
    "2018-12-31": {
        "Diluted EPS": 1.62,
        "Total Revenue": 164,
        "Gross Profit": 71,
        "Operating Income": 25,
        "EBIT": 31,
        "Net Income": 18
    },
    "2018-09-30": {
        "Diluted EPS": 1.64,
        "Total Revenue": 166,
        "Gross Profit": 73,
        "Operating Income": 27,
        "EBIT": 33,
        "Net Income": 19
    },
    "2018-06-30": {
        "Diluted EPS": 1.08,
        "Total Revenue": 155,
        "Gross Profit": 68,
        "Operating Income": 20,
        "EBIT": 26,
        "Net Income": 12
    },
    "2018-03-31": {
        "Diluted EPS": 0.96,
        "Total Revenue": 149,
        "Gross Profit": 66,
        "Operating Income": 17,
        "EBIT": 23,
        "Net Income": 11
    },
    "2017-12-31": {
        "Diluted EPS": 0.06,
        "Total Revenue": 149,
        "Gross Profit": 65,
        "Operating Income": 18,
        "EBIT": 24,
        "Net Income": 1
    },
    "2017-09-30": {
        "Diluted EPS": 1.17,
        "Total Revenue": 153,
        "Gross Profit": 65,
        "Operating Income": 20,
        "EBIT": 26,
        "Net Income": 13
    },
    "2017-06-30": {
        "Diluted EPS": 0.72,
        "Total Revenue": 110,
        "Gross Profit": 53,
        "Operating Income": 12,
        "EBIT": 15,
        "Net Income": 8
    },
    "2017-03-31": {
        "Diluted EPS": 0.8,
        "Total Revenue": 103,
        "Gross Profit": 49,
        "Operating Income": 12,
        "EBIT": 16,
        "Net Income": 9
    },
    "2016-12-31": {
        "Diluted EPS": 0.69,
        "Total Revenue": 100,
        "Gross Profit": 46,
        "Operating Income": 12,
        "EBIT": 15,
        "Net Income": 8
    },
    "2016-09-30": {
        "Diluted EPS": 0.82,
        "Total Revenue": 106,
        "Gross Profit": 48,
        "Operating Income": 13,
        "EBIT": 16,
        "Net Income": 9
    },
    "2016-06-30": {
        "Diluted EPS": 0.75,
        "Total Revenue": 112,
        "Gross Profit": 50,
        "Operating Income": 12,
        "EBIT": 17,
        "Net Income": 8
    },
    "2016-03-31": {
        "Diluted EPS": 0.62,
        "Total Revenue": 97,
        "Gross Profit": 44,
        "Operating Income": 10,
        "EBIT": 13,
        "Net Income": 7
    },
    "2015-12-31": {
        "Diluted EPS": 0.94,
        "Total Revenue": 108,
        "Gross Profit": 46,
        "Operating Income": 14,
        "EBIT": 17,
        "Net Income": 10
    },
    "2015-09-30": {
        "Diluted EPS": 0.78,
        "Total Revenue": 92,
        "Gross Profit": 44,
        "Operating Income": 13,
        "EBIT": 15,
        "Net Income": 9
    },
    "2015-06-30": {
        "Diluted EPS": 0.76,
        "Total Revenue": 98,
        "Gross Profit": 46,
        "Operating Income": 13,
        "EBIT": 15,
        "Net Income": 8
    },
    "2015-03-31": {
        "Diluted EPS": 0.62,
        "Total Revenue": 92,
        "Gross Profit": 44,
        "Operating Income": 10,
        "EBIT": 13,
        "Net Income": 7
    },
    "2014-12-31": {
        "Diluted EPS": 0.81,
        "Total Revenue": 105,
        "Gross Profit": 47,
        "Operating Income": 12,
        "EBIT": 15,
        "Net Income": 9
    },
    "2014-09-30": {
        "Diluted EPS": 0.6,
        "Total Revenue": 99,
        "Gross Profit": 44,
        "Operating Income": 10,
        "EBIT": 13,
        "Net Income": 7
    },
    "2014-06-30": {
        "Diluted EPS": 0.7,
        "Total Revenue": 105,
        "Gross Profit": 45,
        "Operating Income": 12,
        "EBIT": 15,
        "Net Income": 8
    },
    "2014-03-31": {
        "Diluted EPS": 0.45,
        "Total Revenue": 93,
        "Gross Profit": 42,
        "Operating Income": 8,
        "EBIT": 11,
        "Net Income": 5
    },
    "2013-12-31": {
        "Diluted EPS": 0.52,
        "Total Revenue": 95,
        "Gross Profit": 42,
        "Operating Income": 8,
        "EBIT": 11,
        "Net Income": 6
    },
    "2013-09-30": {
        "Diluted EPS": 0.57,
        "Total Revenue": 91,
        "Gross Profit": 40,
        "Operating Income": 10,
        "EBIT": 12,
        "Net Income": 6
    },
    "2013-06-30": {
        "Diluted EPS": 0.51,
        "Total Revenue": 82,
        "Gross Profit": 40,
        "Operating Income": 8,
        "EBIT": 11,
        "Net Income": 6
    },
    "2013-03-31": {
        "Diluted EPS": 0.47,
        "Total Revenue": 76,
        "Gross Profit": 36,
        "Operating Income": 7,
        "EBIT": 9,
        "Net Income": 5
    },
    "2012-12-31": {
        "Diluted EPS": 0.83,
        "Total Revenue": 78,
        "Gross Profit": 34,
        "Operating Income": 7,
        "EBIT": 9,
        "Net Income": 10
    },
    "2012-09-30": {
        "Diluted EPS": 0.74,
        "Total Revenue": 87,
        "Gross Profit": 38,
        "Operating Income": 10,
        "EBIT": 12,
        "Net Income": 8
    },
    "2012-06-30": {
        "Diluted EPS": 0.56,
        "Total Revenue": 83,
        "Gross Profit": 36,
        "Operating Income": 9,
        "EBIT": 11,
        "Net Income": 7
    },
    "2012-03-31": {
        "Diluted EPS": 0.6,
        "Total Revenue": 84,
        "Gross Profit": 38,
        "Operating Income": 10,
        "EBIT": 13,
        "Net Income": 7
    },
    "2011-12-31": {
        "Diluted EPS": 0.98,
        "Total Revenue": 97,
        "Gross Profit": 37,
        "Operating Income": 9,
        "EBIT": 11,
        "Net Income": 12
    },
    "2011-09-30": {
        "Diluted EPS": 0.7,
        "Total Revenue": 84,
        "Gross Profit": 36,
        "Operating Income": 11,
        "EBIT": 13,
        "Net Income": 9
    },
    "2011-06-30": {
        "Diluted EPS": 0.59,
        "Total Revenue": 82,
        "Gross Profit": 38,
        "Operating Income": 10,
        "EBIT": 12,
        "Net Income": 7
    },
    "2011-03-31": {
        "Diluted EPS": 0.47,
        "Total Revenue": 72,
        "Gross Profit": 34,
        "Operating Income": 8,
        "EBIT": 10,
        "Net Income": 6
    },
    "2010-12-31": {
        "Diluted EPS": 0.41,
        "Total Revenue": 73,
        "Gross Profit": 31,
        "Operating Income": 7,
        "EBIT": 9,
        "Net Income": 5
    },
    "2010-09-30": {
        "Diluted EPS": 0.36,
        "Total Revenue": 67,
        "Gross Profit": 29,
        "Operating Income": 6,
        "EBIT": 8,
        "Net Income": 4
    },
    "2010-06-30": {
        "Diluted EPS": 0.42,
        "Total Revenue": 69,
        "Gross Profit": 31,
        "Operating Income": 7,
        "EBIT": 9,
        "Net Income": 5
    },
    "2010-03-31": {
        "Diluted EPS": 0.29,
        "Total Revenue": 61,
        "Gross Profit": 27,
        "Operating Income": 5,
        "EBIT": 6,
        "Net Income": 4
    },
    "2009-12-31": {
        "Diluted EPS": -0.14,
        "Total Revenue": 57,
        "Gross Profit": 23,
        "Operating Income": 0,
        "EBIT": 2,
        "Net Income": -2
    },
    "2009-09-30": {
        "Diluted EPS": -0.01,
        "Total Revenue": 54,
        "Gross Profit": 22,
        "Operating Income": 1,
        "EBIT": 3,
        "Net Income": 0
    },
    "2009-06-30": {
        "Diluted EPS": -0.1,
        "Total Revenue": 50,
        "Gross Profit": 21,
        "Operating Income": -1,
        "EBIT": 1,
        "Net Income": -1
    },
    "2009-03-31": {
        "Diluted EPS": -0.23,
        "Total Revenue": 65,
        "Gross Profit": 25,
        "Operating Income": 0,
        "EBIT": 2,
        "Net Income": -3
    },
    "2023-09-30": {
        "Tax Effect Of Unusual Items": -250405.065106,
        "Tax Rate For Calcs": 0.258416,
        "Normalized EBITDA": 53165000.0,
        "Total Unusual Items": -969000.0,
        "Total Unusual Items Excluding Goodwill": -969000.0,
        "Net Income From Continuing Operation Net Minority Interest": 30864000.0,
        "Reconciled Depreciation": 8234000.0,
        "Reconciled Cost Of Revenue": 138456000.0,
        "EBITDA": 52196000.0,
        "EBIT": 43962000.0,
        "Net Interest Income": -1669000.0,
        "Interest Expense": 2107000.0,
        "Interest Income": 438000.0,
        "Normalized Income": 31582594.934894,
        "Net Income From Continuing And Discontinued Operation": 30864000.0,
        "Total Expenses": 199669000.0,
        "Total Operating Income As Reported": 43544000.0,
        "Diluted Average Shares": 11740000.0,
        "Basic Average Shares": 11706000.0,
        "Diluted EPS": 2.63,
        "Basic EPS": 2.64,
        "Diluted NI Availto Com Stockholders": 30864000.0,
        "Net Income Common Stockholders": 30864000.0,
        "Net Income": 30864000.0,
        "Minority Interests": -175000.0,
        "Net Income Including Noncontrolling Interests": 31039000.0,
        "Net Income Continuous Operations": 31039000.0,
        "Tax Provision": 10816000.0,
        "Pretax Income": 41855000.0,
        "Other Income Expense": -989000.0,
        "Other Non Operating Income Expenses": -20000.0,
        "Special Income Charges": -969000.0,
        "Gain On Sale Of Ppe": -969000.0,
        "Net Non Operating Interest Income Expense": -1669000.0,
        "Interest Expense Non Operating": 2107000.0,
        "Interest Income Non Operating": 438000.0,
        "Operating Income": 44513000.0,
        "Operating Expense": 61213000.0,
        "Research And Development": 3324000.0,
        "Selling General And Administration": 57889000.0,
        "Gross Profit": 105726000.0,
        "Cost Of Revenue": 138456000.0,
        "Total Revenue": 244182000.0,
        "Operating Revenue": 244182000.0
    }
}