{
    "2023-06-30": {
        "Tax Effect Of Unusual Items": -252000.0,
        "Tax Rate For Calcs": 0.14,
        "Normalized EBITDA": 61600000.0,
        "Total Unusual Items": -1800000.0,
        "Total Unusual Items Excluding Goodwill": -1800000.0,
        "Net Income From Continuing Operation Net Minority Interest": 18300000.0,
        "Reconciled Depreciation": 26000000.0,
        "Reconciled Cost Of Revenue": 718800000.0,
        "EBITDA": 59800000.0,
        "EBIT": 33400000.0,
        "Net Interest Income": -11900000.0,
        "Interest Expense": 12100000.0,
        "Interest Income": 200000.0,
        "Normalized Income": 19848000.0,
        "Net Income From Continuing And Discontinued Operation": 18300000.0,
        "Total Expenses": 777000000.0,
        "Total Operating Income As Reported": 35900000.0,
        "Diluted Average Shares": 16083000.0,
        "Basic Average Shares": 15974000.0,
        "Diluted EPS": 1.14,
        "Basic EPS": 1.14,
        "Diluted NI Availto Com Stockholders": 18300000.0,
        "Net Income Common Stockholders": 18300000.0,
        "Net Income": 18300000.0,
        "Net Income Including Noncontrolling Interests": 18300000.0,
        "Net Income Continuous Operations": 18300000.0,
        "Tax Provision": 3000000.0,
        "Pretax Income": 21300000.0,
        "Other Income Expense": -3900000.0,
        "Other Non Operating Income Expenses": -2100000.0,
        "Special Income Charges": -2000000.0,
        "Gain On Sale Of Ppe": -800000.0,
        "Other Special Charges": NaN,
        "Restructuring And Mergern Acquisition": 1200000.0,
        "Gain On Sale Of Security": 200000.0,
        "Net Non Operating Interest Income Expense": -11900000.0,
        "Interest Expense Non Operating": 12100000.0,
        "Interest Income Non Operating": 200000.0,
        "Operating Income": 37100000.0,
        "Operating Expense": 58600000.0,
        "Other Operating Expenses": NaN,
        "Depreciation Amortization Depletion Income Statement": 26400000.0,
        "Depreciation And Amortization In Income Statement": 26400000.0,
        "Selling General And Administration": 32200000.0,
        "Selling And Marketing Expense": 32200000.0,
        "General And Administrative Expense": 32200000.0,
        "Other Gand A": 32200000.0,
        "Salaries And Wages": 1900000.0,
        "Gross Profit": 95700000.0,
        "Cost Of Revenue": 718400000.0,
        "Total Revenue": 814100000.0,
        "Operating Revenue": 814100000.0
    },
    "2023-03-31": {
        "Tax Effect Of Unusual Items": 3288000.0,
        "Tax Rate For Calcs": 0.24,
        "Normalized EBITDA": 45700000.0,
        "Total Unusual Items": 13700000.0,
        "Total Unusual Items Excluding Goodwill": 13700000.0,
        "Net Income From Continuing Operation Net Minority Interest": 15900000.0,
        "Reconciled Depreciation": 26700000.0,
        "Reconciled Cost Of Revenue": 730700000.0,
        "EBITDA": 59400000.0,
        "EBIT": 32700000.0,
        "Net Interest Income": -11500000.0,
        "Interest Expense": 11900000.0,
        "Interest Income": 400000.0,
        "Normalized Income": 5488000.0,
        "Net Income From Continuing And Discontinued Operation": 15900000.0,
        "Total Expenses": 787100000.0,
        "Total Operating Income As Reported": 19100000.0,
        "Diluted Average Shares": 16096000.0,
        "Basic Average Shares": 15940000.0,
        "Diluted EPS": 0.99,
        "Basic EPS": 1.0,
        "Diluted NI Availto Com Stockholders": 15900000.0,
        "Net Income Common Stockholders": 15900000.0,
        "Net Income": 15900000.0,
        "Net Income Including Noncontrolling Interests": 15900000.0,
        "Net Income Continuous Operations": 15900000.0,
        "Tax Provision": 4900000.0,
        "Pretax Income": 20800000.0,
        "Other Income Expense": 11800000.0,
        "Other Non Operating Income Expenses": -1900000.0,
        "Special Income Charges": 13600000.0,
        "Gain On Sale Of Ppe": 15000000.0,
        "Other Special Charges": NaN,
        "Restructuring And Mergern Acquisition": 1400000.0,
        "Gain On Sale Of Security": 100000.0,
        "Net Non Operating Interest Income Expense": -11500000.0,
        "Interest Expense Non Operating": 11900000.0,
        "Interest Income Non Operating": 400000.0,
        "Operating Income": 20500000.0,
        "Operating Expense": 56000000.0,
        "Other Operating Expenses": NaN,
        "Depreciation Amortization Depletion Income Statement": 26300000.0,
        "Depreciation And Amortization In Income Statement": 26300000.0,
        "Selling General And Administration": 29700000.0,
        "Selling And Marketing Expense": NaN,
        "General And Administrative Expense": 29700000.0,
        "Other Gand A": 29700000.0,
        "Salaries And Wages": NaN,
        "Gross Profit": 76500000.0,
        "Cost Of Revenue": 731100000.0,
        "Total Revenue": 807600000.0,
        "Operating Revenue": 807600000.0
    },
    "2022-12-31": {
        "Tax Effect Of Unusual Items": -5602285.714286,
        "Tax Rate For Calcs": 0.245714,
        "Normalized EBITDA": 23800000.0,
        "Total Unusual Items": -22800000.0,
        "Total Unusual Items Excluding Goodwill": -22800000.0,
        "Net Income From Continuing Operation Net Minority Interest": -26400000.0,
        "Reconciled Depreciation": 26500000.0,
        "Reconciled Cost Of Revenue": 747500000.0,
        "EBITDA": 1000000.0,
        "EBIT": -25500000.0,
        "Net Interest Income": -11100000.0,
        "Interest Expense": 9500000.0,
        "Interest Income": 700000.0,
        "Normalized Income": -9202285.714286,
        "Net Income From Continuing And Discontinued Operation": -26400000.0,
        "Total Expenses": 775500000.0,
        "Total Operating Income As Reported": -22200000.0,
        "Diluted Average Shares": NaN,
        "Basic Average Shares": NaN,
        "Diluted EPS": NaN,
        "Basic EPS": NaN,
        "Diluted NI Availto Com Stockholders": -26400000.0,
        "Net Income Common Stockholders": -26400000.0,
        "Net Income": -26400000.0,
        "Net Income Including Noncontrolling Interests": -26400000.0,
        "Net Income Continuous Operations": -26400000.0,
        "Tax Provision": -8600000.0,
        "Pretax Income": -35000000.0,
        "Other Income Expense": -24400000.0,
        "Other Non Operating Income Expenses": -1600000.0,
        "Special Income Charges": -23000000.0,
        "Gain On Sale Of Ppe": -300000.0,
        "Restructuring And Mergern Acquisition": 2200000.0,
        "Gain On Sale Of Security": 200000.0,
        "Net Non Operating Interest Income Expense": -11100000.0,
        "Interest Expense Non Operating": 9500000.0,
        "Interest Income Non Operating": 700000.0,
        "Operating Income": 500000.0,
        "Operating Expense": 28000000.0,
        "Other Operating Expenses": 0.0,
        "Selling General And Administration": 28000000.0,
        "Selling And Marketing Expense": NaN,
        "General And Administrative Expense": NaN,
        "Other Gand A": NaN,
        "Salaries And Wages": NaN,
        "Gross Profit": 28500000.0,
        "Cost Of Revenue": 747500000.0,
        "Total Revenue": 776000000.0,
        "Operating Revenue": 776000000.0
    },
    "2022-09-30": {
        "Tax Effect Of Unusual Items": 0.0,
        "Tax Rate For Calcs": 0.305556,
        "Normalized EBITDA": 15700000.0,
        "Total Unusual Items": 0.0,
        "Total Unusual Items Excluding Goodwill": 0.0,
        "Net Income From Continuing Operation Net Minority Interest": 2500000.0,
        "Reconciled Depreciation": 25800000.0,
        "Reconciled Cost Of Revenue": 720700000.0,
        "EBITDA": 15700000.0,
        "EBIT": 15700000.0,
        "Net Interest Income": -12100000.0,
        "Interest Expense": 12100000.0,
        "Interest Income": 400000.0,
        "Normalized Income": 2500000.0,
        "Net Income From Continuing And Discontinued Operation": 2500000.0,
        "Total Expenses": 745900000.0,
        "Total Operating Income As Reported": 3000000.0,
        "Diluted Average Shares": 16029000.0,
        "Basic Average Shares": 15926000.0,
        "Diluted EPS": 0.16,
        "Basic EPS": 0.16,
        "Diluted NI Availto Com Stockholders": 2500000.0,
        "Net Income Common Stockholders": 2500000.0,
        "Net Income": 2500000.0,
        "Net Income Including Noncontrolling Interests": 2500000.0,
        "Net Income Continuous Operations": 2500000.0,
        "Tax Provision": 1100000.0,
        "Pretax Income": 3600000.0,
        "Other Income Expense": 12700000.0,
        "Other Non Operating Income Expenses": 12700000.0,
        "Special Income Charges": 0.0,
        "Gain On Sale Of Ppe": 8400000.0,
        "Restructuring And Mergern Acquisition": 0.0,
        "Gain On Sale Of Security": -300000.0,
        "Net Non Operating Interest Income Expense": -12100000.0,
        "Interest Expense Non Operating": 12100000.0,
        "Interest Income Non Operating": 400000.0,
        "Operating Income": 3000000.0,
        "Operating Expense": 25200000.0,
        "Other Operating Expenses": NaN,
        "Selling General And Administration": 25200000.0,
        "Selling And Marketing Expense": NaN,
        "General And Administrative Expense": NaN,
        "Other Gand A": NaN,
        "Salaries And Wages": NaN,
        "Gross Profit": 28200000.0,
        "Cost Of Revenue": 720700000.0,
        "Total Revenue": 748900000.0,
        "Operating Revenue": 748900000.0
    },
    "2022-06-30": {
        "Tax Effect Of Unusual Items": 0.0,
        "Tax Rate For Calcs": 0.22905,
        "Normalized EBITDA": -5700000.0,
        "Total Unusual Items": 0.0,
        "Total Unusual Items Excluding Goodwill": 0.0,
        "Net Income From Continuing Operation Net Minority Interest": -13800000.0,
        "Reconciled Depreciation": 27100000.0,
        "Reconciled Cost Of Revenue": 925500000.0,
        "EBITDA": -5700000.0,
        "EBIT": -5700000.0,
        "Net Interest Income": -12200000.0,
        "Interest Expense": 12200000.0,
        "Interest Income": 200000.0,
        "Normalized Income": -13800000.0,
        "Net Income From Continuing And Discontinued Operation": -13800000.0,
        "Total Expenses": 956200000.0,
        "Total Operating Income As Reported": -2000000.0,
        "Diluted Average Shares": 15899000.0,
        "Basic Average Shares": 15899000.0,
        "Diluted EPS": -0.87,
        "Basic EPS": -0.87,
        "Diluted NI Availto Com Stockholders": -13800000.0,
        "Net Income Common Stockholders": -13800000.0,
        "Net Income": -13800000.0,
        "Net Income Including Noncontrolling Interests": -13800000.0,
        "Net Income Continuous Operations": -13800000.0,
        "Tax Provision": -4100000.0,
        "Pretax Income": -17900000.0,
        "Other Income Expense": -3700000.0,
        "Other Non Operating Income Expenses": -3700000.0,
        "Special Income Charges": 0.0,
        "Gain On Sale Of Ppe": NaN,
        "Restructuring And Mergern Acquisition": 0.0,
        "Gain On Sale Of Security": -700000.0,
        "Net Non Operating Interest Income Expense": -12200000.0,
        "Interest Expense Non Operating": 12200000.0,
        "Interest Income Non Operating": 200000.0,
        "Operating Income": -2000000.0,
        "Operating Expense": 30700000.0,
        "Other Operating Expenses": 3200000.0,
        "Selling General And Administration": 27500000.0,
        "General And Administrative Expense": NaN,
        "Other Gand A": NaN,
        "Salaries And Wages": NaN,
        "Gross Profit": 28700000.0,
        "Cost Of Revenue": 925500000.0,
        "Total Revenue": 954200000.0,
        "Operating Revenue": 954200000.0
    },
    "2022-03-31": {
        "Diluted EPS": 0.51,
        "Total Revenue": 949,
        "Gross Profit": 83,
        "Operating Income": 25,
        "EBIT": 53,
        "Net Income": 8
    },
    "2021-12-31": {
        "Diluted EPS": 0.11,
        "Total Revenue": 806,
        "Gross Profit": 72,
        "Operating Income": 17,
        "EBIT": 44,
        "Net Income": 2
    },
    "2021-09-30": {
        "Diluted EPS": -0.14,
        "Total Revenue": 751,
        "Gross Profit": 73,
        "Operating Income": 20,
        "EBIT": 45,
        "Net Income": -2
    },
    "2021-06-30": {
        "Diluted EPS": -1.42,
        "Total Revenue": 741,
        "Gross Profit": 68,
        "Operating Income": 11,
        "EBIT": 37,
        "Net Income": -22
    },
    "2021-03-31": {
        "Diluted EPS": 0.28,
        "Total Revenue": 324,
        "Gross Profit": 62,
        "Operating Income": 17,
        "EBIT": 31,
        "Net Income": 5
    },
    "2020-12-31": {
        "Diluted EPS": 0.39,
        "Total Revenue": 272,
        "Gross Profit": 50,
        "Operating Income": 19,
        "EBIT": 32,
        "Net Income": 6
    },
    "2020-09-30": {
        "Diluted EPS": 0.02,
        "Total Revenue": 256,
        "Gross Profit": 47,
        "Operating Income": 12,
        "EBIT": 26,
        "Net Income": 0
    },
    "2020-06-30": {
        "Diluted EPS": -0.41,
        "Total Revenue": 276,
        "Gross Profit": 51,
        "Operating Income": 5,
        "EBIT": 18,
        "Net Income": -7
    },
    "2020-03-31": {
        "Diluted EPS": 1.81,
        "Total Revenue": 369,
        "Gross Profit": 83,
        "Operating Income": 46,
        "EBIT": 59,
        "Net Income": 29
    },
    "2019-12-31": {
        "Diluted EPS": -0.63,
        "Total Revenue": 369,
        "Gross Profit": 71,
        "Operating Income": 10,
        "EBIT": 23,
        "Net Income": -11
    },
    "2019-09-30": {
        "Diluted EPS": 1.57,
        "Total Revenue": 375,
        "Gross Profit": 76,
        "Operating Income": 41,
        "EBIT": 53,
        "Net Income": 25
    },
    "2019-06-30": {
        "Diluted EPS": 1.18,
        "Total Revenue": 375,
        "Gross Profit": 72,
        "Operating Income": 32,
        "EBIT": 45,
        "Net Income": 19
    },
    "2019-03-31": {
        "Diluted EPS": 1.71,
        "Total Revenue": 395,
        "Gross Profit": 80,
        "Operating Income": 43,
        "EBIT": 55,
        "Net Income": 28
    },
    "2018-12-31": {
        "Diluted EPS": 1.41,
        "Total Revenue": 389,
        "Gross Profit": 72,
        "Operating Income": 37,
        "EBIT": 49,
        "Net Income": 24
    },
    "2018-09-30": {
        "Diluted EPS": 1.29,
        "Total Revenue": 393,
        "Gross Profit": 70,
        "Operating Income": 35,
        "EBIT": 46,
        "Net Income": 22
    },
    "2018-06-30": {
        "Diluted EPS": 1.22,
        "Total Revenue": 415,
        "Gross Profit": 72,
        "Operating Income": 35,
        "EBIT": 46,
        "Net Income": 21
    },
    "2018-03-31": {
        "Diluted EPS": 1.51,
        "Total Revenue": 388,
        "Gross Profit": 71,
        "Operating Income": 37,
        "EBIT": 48,
        "Net Income": 26
    },
    "2017-12-31": {
        "Diluted EPS": -0.84,
        "Total Revenue": 353,
        "Gross Profit": 76,
        "Operating Income": 42,
        "EBIT": 53,
        "Net Income": -15
    },
    "2017-09-30": {
        "Diluted EPS": 1.16,
        "Total Revenue": 333,
        "Gross Profit": 76,
        "Operating Income": 42,
        "EBIT": 34,
        "Net Income": 20
    },
    "2017-06-30": {
        "Diluted EPS": 0.27,
        "Total Revenue": 356,
        "Gross Profit": 67,
        "Operating Income": 13,
        "EBIT": 41,
        "Net Income": 5
    },
    "2017-03-31": {
        "Diluted EPS": 2.04,
        "Total Revenue": 355,
        "Gross Profit": 93,
        "Operating Income": 59,
        "EBIT": 69,
        "Net Income": 36
    },
    "2016-12-31": {
        "Diluted EPS": 1.4,
        "Total Revenue": 332,
        "Gross Profit": 98,
        "Operating Income": 49,
        "EBIT": 58,
        "Net Income": 25
    },
    "2016-09-30": {
        "Diluted EPS": 0.82,
        "Total Revenue": 321,
        "Gross Profit": 66,
        "Operating Income": 30,
        "EBIT": 39,
        "Net Income": 15
    },
    "2016-06-30": {
        "Diluted EPS": 1.43,
        "Total Revenue": 335,
        "Gross Profit": 85,
        "Operating Income": 58,
        "EBIT": 67,
        "Net Income": 26
    },
    "2016-03-31": {
        "Diluted EPS": 1.44,
        "Total Revenue": 343,
        "Gross Profit": 81,
        "Operating Income": 45,
        "EBIT": 54,
        "Net Income": 26
    },
    "2015-12-31": {
        "Diluted EPS": 0.77,
        "Total Revenue": 317,
        "Gross Profit": 66,
        "Operating Income": 35,
        "EBIT": 44,
        "Net Income": 13
    },
    "2015-09-30": {
        "Diluted EPS": 1.21,
        "Total Revenue": 336,
        "Gross Profit": 69,
        "Operating Income": 41,
        "EBIT": 49,
        "Net Income": 22
    },
    "2015-06-30": {
        "Diluted EPS": 1.11,
        "Total Revenue": 367,
        "Gross Profit": 72,
        "Operating Income": 37,
        "EBIT": 46,
        "Net Income": 20
    },
    "2015-03-31": {
        "Diluted EPS": -16.85,
        "Total Revenue": 372,
        "Gross Profit": 69,
        "Operating Income": -459,
        "EBIT": -447,
        "Net Income": -292
    },
    "2014-12-31": {
        "Diluted EPS": 0.83,
        "Total Revenue": 338,
        "Gross Profit": 59,
        "Operating Income": 27,
        "EBIT": 38,
        "Net Income": 16
    },
    "2014-09-30": {
        "Diluted EPS": 0.85,
        "Total Revenue": 339,
        "Gross Profit": 59,
        "Operating Income": 33,
        "EBIT": 44,
        "Net Income": 16
    },
    "2014-06-30": {
        "Diluted EPS": 1.33,
        "Total Revenue": 344,
        "Gross Profit": 69,
        "Operating Income": 46,
        "EBIT": 64,
        "Net Income": 25
    },
    "2014-03-31": {
        "Diluted EPS": 0.85,
        "Total Revenue": 335,
        "Gross Profit": 52,
        "Operating Income": 32,
        "EBIT": 35,
        "Net Income": 16
    },
    "2013-12-31": {
        "Diluted EPS": 1.39,
        "Total Revenue": 311,
        "Gross Profit": 57,
        "Operating Income": 42,
        "EBIT": 52,
        "Net Income": 27
    },
    "2013-09-30": {
        "Diluted EPS": 1.34,
        "Total Revenue": 320,
        "Gross Profit": 60,
        "Operating Income": 42,
        "EBIT": 51,
        "Net Income": 25
    },
    "2013-06-30": {
        "Diluted EPS": 0.98,
        "Total Revenue": 329,
        "Gross Profit": 67,
        "Operating Income": 40,
        "EBIT": 50,
        "Net Income": 19
    },
    "2013-03-31": {
        "Diluted EPS": 1.73,
        "Total Revenue": 337,
        "Gross Profit": 74,
        "Operating Income": 50,
        "EBIT": 60,
        "Net Income": 34
    },
    "2012-12-31": {
        "Diluted EPS": 0.47,
        "Total Revenue": 314,
        "Gross Profit": 49,
        "Operating Income": 24,
        "EBIT": 33,
        "Net Income": 9
    },
    "2012-09-30": {
        "Diluted EPS": 1.51,
        "Total Revenue": 336,
        "Gross Profit": 67,
        "Operating Income": 56,
        "EBIT": 66,
        "Net Income": 29
    },
    "2012-06-30": {
        "Diluted EPS": 1.09,
        "Total Revenue": 345,
        "Gross Profit": 61,
        "Operating Income": 40,
        "EBIT": 49,
        "Net Income": 21
    },
    "2012-03-31": {
        "Diluted EPS": 1.38,
        "Total Revenue": 365,
        "Gross Profit": 67,
        "Operating Income": 46,
        "EBIT": 55,
        "Net Income": 27
    },
    "2011-12-31": {
        "Diluted EPS": 0.33,
        "Total Revenue": 318,
        "Gross Profit": 67,
        "Operating Income": 16,
        "EBIT": 25,
        "Net Income": 6
    },
    "2011-09-30": {
        "Diluted EPS": 0.21,
        "Total Revenue": 322,
        "Gross Profit": 25,
        "Operating Income": 5,
        "EBIT": 13,
        "Net Income": 4
    },
    "2011-06-30": {
        "Diluted EPS": 0.21,
        "Total Revenue": 339,
        "Gross Profit": 39,
        "Operating Income": 15,
        "EBIT": 23,
        "Net Income": 4
    },
    "2011-03-31": {
        "Diluted EPS": 0.57,
        "Total Revenue": 323,
        "Gross Profit": 42,
        "Operating Income": 20,
        "EBIT": 28,
        "Net Income": 11
    },
    "2010-12-31": {
        "Diluted EPS": -0.13,
        "Total Revenue": 266,
        "Gross Profit": 37,
        "Operating Income": 9,
        "EBIT": 17,
        "Net Income": -2
    },
    "2010-09-30": {
        "Diluted EPS": 0.29,
        "Total Revenue": 263,
        "Gross Profit": 34,
        "Operating Income": 13,
        "EBIT": 20,
        "Net Income": 6
    },
    "2010-06-30": {
        "Diluted EPS": 0.01,
        "Total Revenue": 282,
        "Gross Profit": 27,
        "Operating Income": 4,
        "EBIT": 11,
        "Net Income": 0
    },
    "2010-03-31": {
        "Diluted EPS": 0.44,
        "Total Revenue": 268,
        "Gross Profit": 36,
        "Operating Income": 15,
        "EBIT": 19,
        "Net Income": 9
    },
    "2009-12-31": {
        "Diluted EPS": 1.21,
        "Total Revenue": 237,
        "Gross Profit": 55,
        "Operating Income": 34,
        "EBIT": 40,
        "Net Income": 23
    },
    "2009-09-30": {
        "Diluted EPS": 1.14,
        "Total Revenue": 252,
        "Gross Profit": 64,
        "Operating Income": 43,
        "EBIT": 49,
        "Net Income": 23
    },
    "2009-06-30": {
        "Diluted EPS": 0.97,
        "Total Revenue": 232,
        "Gross Profit": 62,
        "Operating Income": 35,
        "EBIT": 39,
        "Net Income": 19
    },
    "2009-03-31": {
        "Diluted EPS": 0.19,
        "Total Revenue": 266,
        "Gross Profit": 40,
        "Operating Income": 7,
        "EBIT": 12,
        "Net Income": 4
    },
    "2023-09-30": {
        "Tax Effect Of Unusual Items": -38000.0,
        "Tax Rate For Calcs": 0.02,
        "Normalized EBITDA": 46000000.0,
        "Total Unusual Items": -1900000.0,
        "Total Unusual Items Excluding Goodwill": -1900000.0,
        "Net Income From Continuing Operation Net Minority Interest": 5400000.0,
        "Reconciled Depreciation": 27200000.0,
        "Reconciled Cost Of Revenue": 665200000.0,
        "EBITDA": 44100000.0,
        "EBIT": 16900000.0,
        "Net Interest Income": -10800000.0,
        "Interest Expense": 11400000.0,
        "Interest Income": 600000.0,
        "Normalized Income": 7262000.0,
        "Net Income From Continuing And Discontinued Operation": 5400000.0,
        "Total Expenses": 722900000.0,
        "Total Operating Income As Reported": 19100000.0,
        "Diluted Average Shares": 16154000.0,
        "Basic Average Shares": 15995000.0,
        "Diluted EPS": 0.34,
        "Basic EPS": 0.34,
        "Diluted NI Availto Com Stockholders": 5400000.0,
        "Net Income Common Stockholders": 5400000.0,
        "Net Income": 5400000.0,
        "Net Income Including Noncontrolling Interests": 5400000.0,
        "Net Income Continuous Operations": 5400000.0,
        "Tax Provision": 100000.0,
        "Pretax Income": 5500000.0,
        "Other Income Expense": -4400000.0,
        "Other Non Operating Income Expenses": -2500000.0,
        "Special Income Charges": -1800000.0,
        "Gain On Sale Of Ppe": -200000.0,
        "Other Special Charges": NaN,
        "Restructuring And Mergern Acquisition": 1600000.0,
        "Gain On Sale Of Security": -100000.0,
        "Net Non Operating Interest Income Expense": -10800000.0,
        "Interest Expense Non Operating": 11400000.0,
        "Interest Income Non Operating": 600000.0,
        "Operating Income": 20700000.0,
        "Operating Expense": 57700000.0,
        "Other Operating Expenses": NaN,
        "Depreciation Amortization Depletion Income Statement": 27200000.0,
        "Depreciation And Amortization In Income Statement": 27200000.0,
        "Selling General And Administration": 30500000.0,
        "Selling And Marketing Expense": 30500000.0,
        "General And Administrative Expense": 30500000.0,
        "Other Gand A": 30500000.0,
        "Salaries And Wages": 2200000.0,
        "Gross Profit": 78400000.0,
        "Cost Of Revenue": 665200000.0,
        "Total Revenue": 743600000.0,
        "Operating Revenue": 743600000.0
    },
    "2023-12-31": {
        "Tax Effect Of Unusual Items": -75862.068966,
        "Tax Rate For Calcs": 0.126437,
        "Normalized EBITDA": 49500000.0,
        "Total Unusual Items": -600000.0,
        "Total Unusual Items Excluding Goodwill": -600000.0,
        "Net Income From Continuing Operation Net Minority Interest": 7600000.0,
        "Reconciled Depreciation": 28700000.0,
        "Reconciled Cost Of Revenue": 640200000.0,
        "EBITDA": 48900000.0,
        "EBIT": 20200000.0,
        "Net Interest Income": -11000000.0,
        "Interest Expense": 11500000.0,
        "Interest Income": 500000.0,
        "Normalized Income": 8124137.931034,
        "Net Income From Continuing And Discontinued Operation": 7600000.0,
        "Total Expenses": 699200000.0,
        "Total Operating Income As Reported": 21700000.0,
        "Diluted Average Shares": NaN,
        "Basic Average Shares": NaN,
        "Diluted EPS": NaN,
        "Basic EPS": NaN,
        "Diluted NI Availto Com Stockholders": 7500000.0,
        "Net Income Common Stockholders": 7500000.0,
        "Net Income": 7600000.0,
        "Net Income Including Noncontrolling Interests": 7600000.0,
        "Net Income Continuous Operations": 7600000.0,
        "Tax Provision": 1100000.0,
        "Pretax Income": 8700000.0,
        "Other Income Expense": -2800000.0,
        "Other Non Operating Income Expenses": -2200000.0,
        "Special Income Charges": -1000000.0,
        "Gain On Sale Of Ppe": -200000.0,
        "Other Special Charges": NaN,
        "Restructuring And Mergern Acquisition": 800000.0,
        "Gain On Sale Of Security": 400000.0,
        "Net Non Operating Interest Income Expense": -11000000.0,
        "Interest Expense Non Operating": 11500000.0,
        "Interest Income Non Operating": 500000.0,
        "Operating Income": 22500000.0,
        "Operating Expense": 59000000.0,
        "Other Operating Expenses": NaN,
        "Depreciation Amortization Depletion Income Statement": 28700000.0,
        "Depreciation And Amortization In Income Statement": 28700000.0,
        "Selling General And Administration": 30300000.0,
        "Selling And Marketing Expense": 30300000.0,
        "General And Administrative Expense": 30300000.0,
        "Other Gand A": 30300000.0,
        "Salaries And Wages": 2300000.0,
        "Gross Profit": 81500000.0,
        "Cost Of Revenue": 640200000.0,
        "Total Revenue": 721700000.0,
        "Operating Revenue": 721700000.0
    },
    "2024-03-31": {
        "Tax Effect Of Unusual Items": 2392000.0,
        "Tax Rate For Calcs": 0.23,
        "Normalized EBITDA": 62300000.0,
        "Total Unusual Items": 10400000.0,
        "Total Unusual Items Excluding Goodwill": 10400000.0,
        "Net Income From Continuing Operation Net Minority Interest": 24600000.0,
        "Reconciled Depreciation": 29100000.0,
        "Reconciled Cost Of Revenue": 642600000.0,
        "EBITDA": 72700000.0,
        "EBIT": 43600000.0,
        "Net Interest Income": -10600000.0,
        "Interest Expense": 11500000.0,
        "Interest Income": 900000.0,
        "Normalized Income": 16592000.0,
        "Net Income From Continuing And Discontinued Operation": 24600000.0,
        "Total Expenses": 704700000.0,
        "Total Operating Income As Reported": 32700000.0,
        "Diluted Average Shares": 16230000.0,
        "Basic Average Shares": 16027000.0,
        "Diluted EPS": 1.51,
        "Basic EPS": 1.53,
        "Diluted NI Availto Com Stockholders": 24600000.0,
        "Net Income Common Stockholders": 24600000.0,
        "Net Income": 24600000.0,
        "Net Income Including Noncontrolling Interests": 24600000.0,
        "Net Income Continuous Operations": 24600000.0,
        "Tax Provision": 7500000.0,
        "Pretax Income": 32100000.0,
        "Other Income Expense": 9900000.0,
        "Other Non Operating Income Expenses": -500000.0,
        "Special Income Charges": 10200000.0,
        "Gain On Sale Of Ppe": -200000.0,
        "Other Special Charges": -10500000.0,
        "Restructuring And Mergern Acquisition": 100000.0,
        "Gain On Sale Of Security": 200000.0,
        "Net Non Operating Interest Income Expense": -10600000.0,
        "Interest Expense Non Operating": 11500000.0,
        "Interest Income Non Operating": 900000.0,
        "Operating Income": 32800000.0,
        "Operating Expense": 61800000.0,
        "Other Operating Expenses": 400000.0,
        "Depreciation Amortization Depletion Income Statement": 28800000.0,
        "Depreciation And Amortization In Income Statement": 28800000.0,
        "Selling General And Administration": 32600000.0,
        "Selling And Marketing Expense": NaN,
        "General And Administrative Expense": 32600000.0,
        "Other Gand A": 32600000.0,
        "Salaries And Wages": NaN,
        "Gross Profit": 94600000.0,
        "Cost Of Revenue": 642900000.0,
        "Total Revenue": 737500000.0,
        "Operating Revenue": 737500000.0
    }
}