{
    "2023-03-31": {
        "Tax Effect Of Unusual Items": -4015000.0,
        "Tax Rate For Calcs": 0.365,
        "Normalized EBITDA": 92300000.0,
        "Total Unusual Items": -11000000.0,
        "Total Unusual Items Excluding Goodwill": -11000000.0,
        "Net Income From Continuing Operation Net Minority Interest": 12700000.0,
        "Reconciled Depreciation": 23000000.0,
        "Reconciled Cost Of Revenue": 224200000.0,
        "EBITDA": 81300000.0,
        "EBIT": 58300000.0,
        "Net Interest Income": -38300000.0,
        "Interest Expense": 38300000.0,
        "Normalized Income": 19685000.0,
        "Net Income From Continuing And Discontinued Operation": 12700000.0,
        "Total Expenses": 355200000.0,
        "Total Operating Income As Reported": 65400000.0,
        "Diluted Average Shares": 109900000.0,
        "Basic Average Shares": 109300000.0,
        "Diluted EPS": 0.01,
        "Basic EPS": 0.01,
        "Diluted NI Availto Com Stockholders": 1200000.0,
        "Net Income Common Stockholders": 1200000.0,
        "Otherunder Preferred Stock Dividend": 400000.0,
        "Preferred Stock Dividends": 11100000.0,
        "Net Income": 12700000.0,
        "Net Income Including Noncontrolling Interests": 12700000.0,
        "Net Income Discontinuous Operations": 0.0,
        "Net Income Continuous Operations": 12700000.0,
        "Tax Provision": 7300000.0,
        "Pretax Income": 20000000.0,
        "Other Income Expense": -6900000.0,
        "Other Non Operating Income Expenses": 4100000.0,
        "Special Income Charges": -11000000.0,
        "Other Special Charges": NaN,
        "Write Off": 11000000.0,
        "Impairment Of Capital Assets": NaN,
        "Restructuring And Mergern Acquisition": NaN,
        "Gain On Sale Of Security": -200000.0,
        "Net Non Operating Interest Income Expense": -38300000.0,
        "Interest Expense Non Operating": 38300000.0,
        "Operating Income": 65400000.0,
        "Operating Expense": 131000000.0,
        "Depreciation Amortization Depletion Income Statement": 23000000.0,
        "Depreciation And Amortization In Income Statement": 23000000.0,
        "Selling General And Administration": 108000000.0,
        "Gross Profit": 196400000.0,
        "Cost Of Revenue": 224200000.0,
        "Total Revenue": 420600000.0,
        "Operating Revenue": 420600000.0
    },
    "2022-12-31": {
        "Tax Effect Of Unusual Items": NaN,
        "Tax Rate For Calcs": NaN,
        "Normalized EBITDA": NaN,
        "Total Unusual Items": NaN,
        "Total Unusual Items Excluding Goodwill": NaN,
        "Net Income From Continuing Operation Net Minority Interest": NaN,
        "Reconciled Depreciation": NaN,
        "Reconciled Cost Of Revenue": NaN,
        "EBITDA": NaN,
        "EBIT": NaN,
        "Net Interest Income": NaN,
        "Interest Expense": NaN,
        "Normalized Income": NaN,
        "Net Income From Continuing And Discontinued Operation": NaN,
        "Total Expenses": NaN,
        "Total Operating Income As Reported": NaN,
        "Diluted Average Shares": NaN,
        "Basic Average Shares": NaN,
        "Diluted EPS": NaN,
        "Basic EPS": NaN,
        "Diluted NI Availto Com Stockholders": NaN,
        "Net Income Common Stockholders": NaN,
        "Otherunder Preferred Stock Dividend": NaN,
        "Preferred Stock Dividends": NaN,
        "Net Income": NaN,
        "Net Income Including Noncontrolling Interests": NaN,
        "Net Income Discontinuous Operations": NaN,
        "Net Income Continuous Operations": NaN,
        "Tax Provision": NaN,
        "Pretax Income": NaN,
        "Other Income Expense": NaN,
        "Other Non Operating Income Expenses": NaN,
        "Special Income Charges": NaN,
        "Other Special Charges": 200000.0,
        "Write Off": NaN,
        "Impairment Of Capital Assets": NaN,
        "Restructuring And Mergern Acquisition": 0.0,
        "Gain On Sale Of Security": NaN,
        "Net Non Operating Interest Income Expense": NaN,
        "Interest Expense Non Operating": NaN,
        "Operating Income": NaN,
        "Operating Expense": NaN,
        "Depreciation Amortization Depletion Income Statement": NaN,
        "Depreciation And Amortization In Income Statement": NaN,
        "Selling General And Administration": NaN,
        "Gross Profit": NaN,
        "Cost Of Revenue": NaN,
        "Total Revenue": NaN,
        "Operating Revenue": NaN
    },
    "2022-09-30": {
        "Tax Effect Of Unusual Items": NaN,
        "Tax Rate For Calcs": NaN,
        "Normalized EBITDA": NaN,
        "Total Unusual Items": NaN,
        "Total Unusual Items Excluding Goodwill": NaN,
        "Net Income From Continuing Operation Net Minority Interest": NaN,
        "Reconciled Depreciation": NaN,
        "Reconciled Cost Of Revenue": NaN,
        "EBITDA": NaN,
        "EBIT": NaN,
        "Net Interest Income": NaN,
        "Interest Expense": NaN,
        "Normalized Income": NaN,
        "Net Income From Continuing And Discontinued Operation": NaN,
        "Total Expenses": NaN,
        "Total Operating Income As Reported": NaN,
        "Diluted Average Shares": NaN,
        "Basic Average Shares": NaN,
        "Diluted EPS": NaN,
        "Basic EPS": NaN,
        "Diluted NI Availto Com Stockholders": NaN,
        "Net Income Common Stockholders": NaN,
        "Otherunder Preferred Stock Dividend": NaN,
        "Preferred Stock Dividends": NaN,
        "Net Income": NaN,
        "Net Income Including Noncontrolling Interests": NaN,
        "Net Income Discontinuous Operations": NaN,
        "Net Income Continuous Operations": NaN,
        "Tax Provision": NaN,
        "Pretax Income": NaN,
        "Other Income Expense": NaN,
        "Other Non Operating Income Expenses": NaN,
        "Special Income Charges": NaN,
        "Other Special Charges": 9300000.0,
        "Write Off": NaN,
        "Impairment Of Capital Assets": 0.0,
        "Restructuring And Mergern Acquisition": 0.0,
        "Gain On Sale Of Security": NaN,
        "Net Non Operating Interest Income Expense": NaN,
        "Interest Expense Non Operating": NaN,
        "Operating Income": NaN,
        "Operating Expense": NaN,
        "Depreciation Amortization Depletion Income Statement": NaN,
        "Depreciation And Amortization In Income Statement": NaN,
        "Selling General And Administration": NaN,
        "Gross Profit": NaN,
        "Cost Of Revenue": NaN,
        "Total Revenue": NaN,
        "Operating Revenue": NaN
    },
    "2022-06-30": {
        "Tax Effect Of Unusual Items": -3080000.0,
        "Tax Rate For Calcs": 0.4,
        "Normalized EBITDA": 44200000.0,
        "Total Unusual Items": -7700000.0,
        "Total Unusual Items Excluding Goodwill": -7700000.0,
        "Net Income From Continuing Operation Net Minority Interest": -5400000.0,
        "Reconciled Depreciation": 25900000.0,
        "Reconciled Cost Of Revenue": 211900000.0,
        "EBITDA": 36500000.0,
        "EBIT": 10600000.0,
        "Net Interest Income": -25900000.0,
        "Interest Expense": 25900000.0,
        "Normalized Income": -780000.0,
        "Net Income From Continuing And Discontinued Operation": 210200000.0,
        "Total Expenses": 361900000.0,
        "Total Operating Income As Reported": 22300000.0,
        "Diluted Average Shares": 119500000.0,
        "Basic Average Shares": 119500000.0,
        "Diluted EPS": 1.28,
        "Basic EPS": 1.28,
        "Diluted NI Availto Com Stockholders": 210200000.0,
        "Net Income Common Stockholders": 210200000.0,
        "Otherunder Preferred Stock Dividend": -3800000.0,
        "Preferred Stock Dividends": 10900000.0,
        "Net Income": 210200000.0,
        "Net Income Including Noncontrolling Interests": 210200000.0,
        "Net Income Discontinuous Operations": 215600000.0,
        "Net Income Continuous Operations": -5400000.0,
        "Tax Provision": -9900000.0,
        "Pretax Income": -15300000.0,
        "Other Income Expense": -11700000.0,
        "Other Non Operating Income Expenses": -4000000.0,
        "Special Income Charges": -7700000.0,
        "Gain On Sale Of Ppe": NaN,
        "Other Special Charges": 7700000.0,
        "Write Off": NaN,
        "Impairment Of Capital Assets": NaN,
        "Restructuring And Mergern Acquisition": 0.0,
        "Gain On Sale Of Security": -6500000.0,
        "Net Non Operating Interest Income Expense": -25900000.0,
        "Interest Expense Non Operating": 25900000.0,
        "Operating Income": 22300000.0,
        "Operating Expense": 150000000.0,
        "Depreciation Amortization Depletion Income Statement": 25900000.0,
        "Depreciation And Amortization In Income Statement": 25900000.0,
        "Selling General And Administration": 124100000.0,
        "Gross Profit": 172300000.0,
        "Cost Of Revenue": 211900000.0,
        "Total Revenue": 384200000.0,
        "Operating Revenue": 384200000.0
    },
    "2023-06-30": {
        "Tax Effect Of Unusual Items": NaN,
        "Tax Rate For Calcs": NaN,
        "Normalized EBITDA": NaN,
        "Total Unusual Items": NaN,
        "Total Unusual Items Excluding Goodwill": NaN,
        "Net Income From Continuing Operation Net Minority Interest": NaN,
        "Reconciled Depreciation": NaN,
        "Reconciled Cost Of Revenue": NaN,
        "EBITDA": NaN,
        "EBIT": NaN,
        "Net Interest Income": NaN,
        "Interest Expense": NaN,
        "Normalized Income": NaN,
        "Net Income From Continuing And Discontinued Operation": NaN,
        "Total Expenses": NaN,
        "Total Operating Income As Reported": NaN,
        "Diluted Average Shares": NaN,
        "Basic Average Shares": NaN,
        "Diluted EPS": NaN,
        "Basic EPS": NaN,
        "Diluted NI Availto Com Stockholders": NaN,
        "Net Income Common Stockholders": NaN,
        "Otherunder Preferred Stock Dividend": NaN,
        "Preferred Stock Dividends": NaN,
        "Net Income": NaN,
        "Net Income Including Noncontrolling Interests": NaN,
        "Net Income Discontinuous Operations": NaN,
        "Net Income Continuous Operations": NaN,
        "Tax Provision": NaN,
        "Pretax Income": NaN,
        "Other Income Expense": NaN,
        "Other Non Operating Income Expenses": NaN,
        "Special Income Charges": NaN,
        "Other Special Charges": -18900000.0,
        "Write Off": NaN,
        "Impairment Of Capital Assets": 250800000.0,
        "Restructuring And Mergern Acquisition": 1300000.0,
        "Gain On Sale Of Security": NaN,
        "Net Non Operating Interest Income Expense": NaN,
        "Interest Expense Non Operating": NaN,
        "Operating Income": NaN,
        "Operating Expense": NaN,
        "Depreciation Amortization Depletion Income Statement": NaN,
        "Depreciation And Amortization In Income Statement": NaN,
        "Selling General And Administration": NaN,
        "Gross Profit": NaN,
        "Cost Of Revenue": NaN,
        "Total Revenue": NaN,
        "Operating Revenue": NaN
    },
    "2022-03-31": {
        "Diluted EPS": -0.09,
        "Total Revenue": 369,
        "Gross Profit": 159,
        "Operating Income": 14,
        "EBIT": 43,
        "Net Income": 0
    },
    "2021-12-31": {
        "Diluted EPS": 0.0,
        "Total Revenue": 358,
        "Gross Profit": 164,
        "Operating Income": 33,
        "EBIT": 64,
        "Net Income": 5
    },
    "2021-09-30": {
        "Diluted EPS": -0.1,
        "Total Revenue": 347,
        "Gross Profit": 161,
        "Operating Income": 29,
        "EBIT": 60,
        "Net Income": -1
    },
    "2021-06-30": {
        "Diluted EPS": 0.01,
        "Total Revenue": 376,
        "Gross Profit": 167,
        "Operating Income": 33,
        "EBIT": 64,
        "Net Income": 12
    },
    "2021-03-31": {
        "Diluted EPS": 0.25,
        "Total Revenue": 370,
        "Gross Profit": 166,
        "Operating Income": 32,
        "EBIT": 62,
        "Net Income": 51
    },
    "2020-12-31": {
        "Diluted EPS": -0.33,
        "Total Revenue": -331,
        "Gross Profit": -116,
        "Operating Income": -53,
        "EBIT": -82,
        "Net Income": 2
    },
    "2020-09-30": {
        "Diluted EPS": 0.23,
        "Total Revenue": 594,
        "Gross Profit": 264,
        "Operating Income": 86,
        "EBIT": 136,
        "Net Income": 30
    },
    "2020-06-30": {
        "Diluted EPS": -0.27,
        "Total Revenue": 419,
        "Gross Profit": 184,
        "Operating Income": -5,
        "EBIT": 45,
        "Net Income": -34
    },
    "2020-03-31": {
        "Diluted EPS": 0.02,
        "Total Revenue": 646,
        "Gross Profit": 251,
        "Operating Income": 41,
        "EBIT": 91,
        "Net Income": 3
    },
    "2019-12-31": {
        "Diluted EPS": 0.16,
        "Total Revenue": 671,
        "Gross Profit": 276,
        "Operating Income": 62,
        "EBIT": 114,
        "Net Income": 20
    },
    "2019-09-30": {
        "Diluted EPS": 0.27,
        "Total Revenue": 702,
        "Gross Profit": 291,
        "Operating Income": 86,
        "EBIT": 135,
        "Net Income": 35
    },
    "2019-06-30": {
        "Diluted EPS": 0.41,
        "Total Revenue": 719,
        "Gross Profit": 302,
        "Operating Income": 91,
        "EBIT": 143,
        "Net Income": 56
    },
    "2019-03-31": {
        "Diluted EPS": 0.58,
        "Total Revenue": 690,
        "Gross Profit": 296,
        "Operating Income": 76,
        "EBIT": 123,
        "Net Income": 78
    },
    "2018-12-31": {
        "Diluted EPS": 0.5,
        "Total Revenue": 257,
        "Gross Profit": 131,
        "Operating Income": -5,
        "EBIT": 41,
        "Net Income": 67
    },
    "2018-09-30": {
        "Diluted EPS": 0.57,
        "Total Revenue": 612,
        "Gross Profit": 282,
        "Operating Income": 86,
        "EBIT": 130,
        "Net Income": 78
    },
    "2018-06-30": {
        "Diluted EPS": 0.69,
        "Total Revenue": 623,
        "Gross Profit": 293,
        "Operating Income": 101,
        "EBIT": 122,
        "Net Income": 93
    },
    "2018-03-31": {
        "Diluted EPS": 0.66,
        "Total Revenue": 951,
        "Gross Profit": 416,
        "Operating Income": 158,
        "EBIT": 231,
        "Net Income": 90
    },
    "2017-12-31": {
        "Diluted EPS": 1.25,
        "Total Revenue": -329,
        "Gross Profit": -76,
        "Operating Income": -116,
        "EBIT": -137,
        "Net Income": 173
    },
    "2017-09-30": {
        "Diluted EPS": 0.46,
        "Total Revenue": 843,
        "Gross Profit": 364,
        "Operating Income": 142,
        "EBIT": 211,
        "Net Income": 63
    },
    "2017-06-30": {
        "Diluted EPS": 0.41,
        "Total Revenue": 858,
        "Gross Profit": 376,
        "Operating Income": 157,
        "EBIT": 224,
        "Net Income": 57
    },
    "2017-03-31": {
        "Diluted EPS": 0.5,
        "Total Revenue": 867,
        "Gross Profit": 365,
        "Operating Income": 144,
        "EBIT": 211,
        "Net Income": 69
    },
    "2016-12-31": {
        "Diluted EPS": 0.33,
        "Total Revenue": 814,
        "Gross Profit": 325,
        "Operating Income": 112,
        "EBIT": 179,
        "Net Income": 46
    },
    "2016-09-30": {
        "Diluted EPS": 0.39,
        "Total Revenue": 790,
        "Gross Profit": 330,
        "Operating Income": 123,
        "EBIT": 186,
        "Net Income": 54
    },
    "2016-06-30": {
        "Diluted EPS": 0.44,
        "Total Revenue": 789,
        "Gross Profit": 341,
        "Operating Income": 135,
        "EBIT": 196,
        "Net Income": 62
    },
    "2016-03-31": {
        "Diluted EPS": 0.44,
        "Total Revenue": 758,
        "Gross Profit": 326,
        "Operating Income": 129,
        "EBIT": 187,
        "Net Income": 61
    },
    "2015-12-31": {
        "Diluted EPS": 0.35,
        "Total Revenue": 733,
        "Gross Profit": 281,
        "Operating Income": 97,
        "EBIT": 155,
        "Net Income": 48
    },
    "2015-09-30": {
        "Diluted EPS": 0.37,
        "Total Revenue": 667,
        "Gross Profit": 289,
        "Operating Income": 106,
        "EBIT": 162,
        "Net Income": 52
    },
    "2015-06-30": {
        "Diluted EPS": 0.41,
        "Total Revenue": 658,
        "Gross Profit": 292,
        "Operating Income": 117,
        "EBIT": 170,
        "Net Income": 60
    },
    "2015-03-31": {
        "Diluted EPS": 0.38,
        "Total Revenue": 632,
        "Gross Profit": 280,
        "Operating Income": 108,
        "EBIT": 161,
        "Net Income": 55
    },
    "2014-12-31": {
        "Diluted EPS": 0.35,
        "Total Revenue": 659,
        "Gross Profit": 262,
        "Operating Income": 97,
        "EBIT": 150,
        "Net Income": 50
    },
    "2014-09-30": {
        "Diluted EPS": 0.33,
        "Total Revenue": 589,
        "Gross Profit": 261,
        "Operating Income": 96,
        "EBIT": 146,
        "Net Income": 48
    },
    "2014-06-30": {
        "Diluted EPS": 0.36,
        "Total Revenue": 586,
        "Gross Profit": 264,
        "Operating Income": 101,
        "EBIT": 151,
        "Net Income": 51
    },
    "2014-03-31": {
        "Diluted EPS": 0.15,
        "Total Revenue": 584,
        "Gross Profit": 259,
        "Operating Income": 84,
        "EBIT": 135,
        "Net Income": 21
    },
    "2013-12-31": {
        "Diluted EPS": -0.13,
        "Total Revenue": 541,
        "Gross Profit": 235,
        "Operating Income": 30,
        "EBIT": 81,
        "Net Income": -18
    },
    "2013-09-30": {
        "Diluted EPS": 0.16,
        "Total Revenue": 534,
        "Gross Profit": 238,
        "Operating Income": 68,
        "EBIT": 120,
        "Net Income": 23
    },
    "2013-06-30": {
        "Diluted EPS": 0.24,
        "Total Revenue": 541,
        "Gross Profit": 243,
        "Operating Income": 81,
        "EBIT": 133,
        "Net Income": 33
    },
    "2013-03-31": {
        "Diluted EPS": 0.21,
        "Total Revenue": 558,
        "Gross Profit": 226,
        "Operating Income": 78,
        "EBIT": 128,
        "Net Income": 29
    },
    "2012-12-31": {
        "Diluted EPS": 0.16,
        "Total Revenue": 494,
        "Gross Profit": 203,
        "Operating Income": 57,
        "EBIT": 106,
        "Net Income": 23
    },
    "2012-09-30": {
        "Diluted EPS": 0.14,
        "Total Revenue": 475,
        "Gross Profit": 211,
        "Operating Income": 62,
        "EBIT": 110,
        "Net Income": 19
    },
    "2012-06-30": {
        "Diluted EPS": 0.17,
        "Total Revenue": 488,
        "Gross Profit": 225,
        "Operating Income": 73,
        "EBIT": 123,
        "Net Income": 24
    },
    "2012-03-31": {
        "Diluted EPS": 0.19,
        "Total Revenue": 507,
        "Gross Profit": 238,
        "Operating Income": 75,
        "EBIT": 125,
        "Net Income": 26
    },
    "2011-12-31": {
        "Diluted EPS": 0.11,
        "Total Revenue": 480,
        "Gross Profit": 211,
        "Operating Income": 56,
        "EBIT": 106,
        "Net Income": 15
    },
    "2011-09-30": {
        "Diluted EPS": 0.23,
        "Total Revenue": 449,
        "Gross Profit": 202,
        "Operating Income": 78,
        "EBIT": 123,
        "Net Income": 32
    },
    "2011-06-30": {
        "Diluted EPS": -0.11,
        "Total Revenue": 473,
        "Gross Profit": 218,
        "Operating Income": 75,
        "EBIT": 122,
        "Net Income": -14
    },
    "2011-03-31": {
        "Diluted EPS": 0.29,
        "Total Revenue": 485,
        "Gross Profit": 220,
        "Operating Income": 73,
        "EBIT": 121,
        "Net Income": 40
    },
    "2010-12-31": {
        "Diluted EPS": 0.05,
        "Total Revenue": 449,
        "Gross Profit": 191,
        "Operating Income": 48,
        "EBIT": 95,
        "Net Income": 7
    },
    "2010-09-30": {
        "Diluted EPS": 0.19,
        "Total Revenue": 445,
        "Gross Profit": 204,
        "Operating Income": 71,
        "EBIT": 117,
        "Net Income": 26
    },
    "2010-06-30": {
        "Diluted EPS": 0.21,
        "Total Revenue": 470,
        "Gross Profit": 218,
        "Operating Income": 86,
        "EBIT": 131,
        "Net Income": 29
    },
    "2010-03-31": {
        "Diluted EPS": 0.06,
        "Total Revenue": 458,
        "Gross Profit": 202,
        "Operating Income": 64,
        "EBIT": 111,
        "Net Income": 8
    },
    "2009-12-31": {
        "Diluted EPS": 0.04,
        "Total Revenue": 424,
        "Gross Profit": 177,
        "Operating Income": 43,
        "EBIT": 89,
        "Net Income": 5
    },
    "2009-09-30": {
        "Diluted EPS": 0.08,
        "Total Revenue": 430,
        "Gross Profit": 191,
        "Operating Income": 48,
        "EBIT": 92,
        "Net Income": 9
    },
    "2009-06-30": {
        "Diluted EPS": 0.12,
        "Total Revenue": 439,
        "Gross Profit": 193,
        "Operating Income": 63,
        "EBIT": 109,
        "Net Income": 13
    },
    "2009-03-31": {
        "Diluted EPS": -0.03,
        "Total Revenue": 443,
        "Gross Profit": 174,
        "Operating Income": 42,
        "EBIT": 91,
        "Net Income": -4
    },
    "2023-09-30": {
        "Tax Effect Of Unusual Items": 147000.0,
        "Tax Rate For Calcs": 0.21,
        "Normalized EBITDA": 90500000.0,
        "Total Unusual Items": 700000.0,
        "Total Unusual Items Excluding Goodwill": 700000.0,
        "Net Income From Continuing Operation Net Minority Interest": 12700000.0,
        "Reconciled Depreciation": 26400000.0,
        "Reconciled Cost Of Revenue": 216000000.0,
        "EBITDA": 91200000.0,
        "EBIT": 64800000.0,
        "Net Interest Income": -39400000.0,
        "Interest Expense": 39400000.0,
        "Normalized Income": 12147000.0,
        "Net Income From Continuing And Discontinued Operation": 12700000.0,
        "Total Expenses": 349800000.0,
        "Total Operating Income As Reported": 66500000.0,
        "Diluted Average Shares": 109900000.0,
        "Basic Average Shares": 109200000.0,
        "Diluted EPS": 0.01,
        "Basic EPS": 0.01,
        "Diluted NI Availto Com Stockholders": 1200000.0,
        "Net Income Common Stockholders": 1200000.0,
        "Otherunder Preferred Stock Dividend": 400000.0,
        "Preferred Stock Dividends": 11100000.0,
        "Net Income": 12700000.0,
        "Net Income Including Noncontrolling Interests": 12700000.0,
        "Net Income Discontinuous Operations": 0.0,
        "Net Income Continuous Operations": 12700000.0,
        "Tax Provision": 12700000.0,
        "Pretax Income": 25400000.0,
        "Other Income Expense": -1700000.0,
        "Other Non Operating Income Expenses": -2400000.0,
        "Special Income Charges": 0.0,
        "Other Special Charges": NaN,
        "Write Off": 0.0,
        "Impairment Of Capital Assets": 0.0,
        "Restructuring And Mergern Acquisition": 0.0,
        "Gain On Sale Of Security": 700000.0,
        "Net Non Operating Interest Income Expense": -39400000.0,
        "Interest Expense Non Operating": 39400000.0,
        "Operating Income": 66500000.0,
        "Operating Expense": 133800000.0,
        "Depreciation Amortization Depletion Income Statement": 26400000.0,
        "Depreciation And Amortization In Income Statement": 26400000.0,
        "Selling General And Administration": 107400000.0,
        "Gross Profit": 200300000.0,
        "Cost Of Revenue": 216000000.0,
        "Total Revenue": 416300000.0,
        "Operating Revenue": 416300000.0
    },
    "2023-12-31": {
        "Tax Effect Of Unusual Items": 1003773.584906,
        "Tax Rate For Calcs": 0.358491,
        "Normalized EBITDA": 83000000.0,
        "Total Unusual Items": 2800000.0,
        "Total Unusual Items Excluding Goodwill": 2800000.0,
        "Net Income From Continuing Operation Net Minority Interest": 13600000.0,
        "Reconciled Depreciation": 25300000.0,
        "Reconciled Cost Of Revenue": 204800000.0,
        "EBITDA": 85800000.0,
        "EBIT": 60500000.0,
        "Net Interest Income": -39300000.0,
        "Interest Expense": 39300000.0,
        "Normalized Income": 11803773.584906,
        "Net Income From Continuing And Discontinued Operation": 14300000.0,
        "Total Expenses": 333900000.0,
        "Total Operating Income As Reported": 57400000.0,
        "Diluted Average Shares": 108040704.0,
        "Basic Average Shares": 108040704.0,
        "Diluted EPS": 0.02,
        "Basic EPS": 0.02,
        "Diluted NI Availto Com Stockholders": 3200000.0,
        "Net Income Common Stockholders": 3200000.0,
        "Otherunder Preferred Stock Dividend": 0.0,
        "Preferred Stock Dividends": 11100000.0,
        "Net Income": 14300000.0,
        "Net Income Including Noncontrolling Interests": 14300000.0,
        "Net Income Discontinuous Operations": 700000.0,
        "Net Income Continuous Operations": 13600000.0,
        "Tax Provision": 7600000.0,
        "Pretax Income": 21200000.0,
        "Other Income Expense": 3100000.0,
        "Other Non Operating Income Expenses": 300000.0,
        "Special Income Charges": 700000.0,
        "Other Special Charges": 0.0,
        "Write Off": -700000.0,
        "Impairment Of Capital Assets": 0.0,
        "Restructuring And Mergern Acquisition": 0.0,
        "Gain On Sale Of Security": 2100000.0,
        "Net Non Operating Interest Income Expense": -39300000.0,
        "Interest Expense Non Operating": 39300000.0,
        "Operating Income": 57400000.0,
        "Operating Expense": 129100000.0,
        "Depreciation Amortization Depletion Income Statement": 25300000.0,
        "Depreciation And Amortization In Income Statement": 25300000.0,
        "Selling General And Administration": 103800000.0,
        "Gross Profit": 186500000.0,
        "Cost Of Revenue": 204800000.0,
        "Total Revenue": 391300000.0,
        "Operating Revenue": 391300000.0
    },
    "2024-03-31": {
        "Tax Effect Of Unusual Items": -732000.0,
        "Tax Rate For Calcs": 0.366,
        "Normalized EBITDA": 95200000.0,
        "Total Unusual Items": -2000000.0,
        "Total Unusual Items Excluding Goodwill": -2000000.0,
        "Net Income From Continuing Operation Net Minority Interest": 18500000.0,
        "Reconciled Depreciation": 24300000.0,
        "Reconciled Cost Of Revenue": 213900000.0,
        "EBITDA": 93200000.0,
        "EBIT": 68900000.0,
        "Net Interest Income": -39700000.0,
        "Interest Expense": 39700000.0,
        "Normalized Income": 19768000.0,
        "Net Income From Continuing And Discontinued Operation": 18500000.0,
        "Total Expenses": 346900000.0,
        "Total Operating Income As Reported": 69400000.0,
        "Diluted Average Shares": 109200000.0,
        "Basic Average Shares": 108300000.0,
        "Diluted EPS": 0.05,
        "Basic EPS": 0.05,
        "Diluted NI Availto Com Stockholders": 5600000.0,
        "Net Income Common Stockholders": 5600000.0,
        "Otherunder Preferred Stock Dividend": 1800000.0,
        "Preferred Stock Dividends": 11100000.0,
        "Net Income": 18500000.0,
        "Net Income Including Noncontrolling Interests": 18500000.0,
        "Net Income Discontinuous Operations": 0.0,
        "Net Income Continuous Operations": 18500000.0,
        "Tax Provision": 10700000.0,
        "Pretax Income": 29200000.0,
        "Other Income Expense": -500000.0,
        "Other Non Operating Income Expenses": 1500000.0,
        "Special Income Charges": 0.0,
        "Other Special Charges": NaN,
        "Write Off": 0.0,
        "Impairment Of Capital Assets": NaN,
        "Restructuring And Mergern Acquisition": NaN,
        "Gain On Sale Of Security": -2000000.0,
        "Net Non Operating Interest Income Expense": -39700000.0,
        "Interest Expense Non Operating": 39700000.0,
        "Operating Income": 69400000.0,
        "Operating Expense": 133000000.0,
        "Depreciation Amortization Depletion Income Statement": 24300000.0,
        "Depreciation And Amortization In Income Statement": 24300000.0,
        "Selling General And Administration": 108700000.0,
        "Gross Profit": 202400000.0,
        "Cost Of Revenue": 213900000.0,
        "Total Revenue": 416300000.0,
        "Operating Revenue": 416300000.0
    },
    "2024-06-30": {
        "Tax Effect Of Unusual Items": -105000.0,
        "Tax Rate For Calcs": 0.21,
        "Normalized EBITDA": 80200000.0,
        "Total Unusual Items": -500000.0,
        "Total Unusual Items Excluding Goodwill": -500000.0,
        "Net Income From Continuing Operation Net Minority Interest": 10700000.0,
        "Reconciled Depreciation": 24100000.0,
        "Reconciled Cost Of Revenue": 245900000.0,
        "EBITDA": 79700000.0,
        "EBIT": 55600000.0,
        "Net Interest Income": -37400000.0,
        "Interest Expense": 37400000.0,
        "Normalized Income": 11095000.0,
        "Net Income From Continuing And Discontinued Operation": 10700000.0,
        "Total Expenses": 376000000.0,
        "Total Operating Income As Reported": 55800000.0,
        "Diluted Average Shares": 108600000.0,
        "Basic Average Shares": 108600000.0,
        "Diluted EPS": -0.003683,
        "Basic EPS": -0.003683,
        "Diluted NI Availto Com Stockholders": -400000.0,
        "Net Income Common Stockholders": -400000.0,
        "Otherunder Preferred Stock Dividend": 0.0,
        "Preferred Stock Dividends": 11100000.0,
        "Net Income": 10700000.0,
        "Net Income Including Noncontrolling Interests": 10700000.0,
        "Net Income Discontinuous Operations": 0.0,
        "Net Income Continuous Operations": 10700000.0,
        "Tax Provision": 7500000.0,
        "Pretax Income": 18200000.0,
        "Other Income Expense": -200000.0,
        "Other Non Operating Income Expenses": 300000.0,
        "Special Income Charges": 0.0,
        "Other Special Charges": NaN,
        "Write Off": 0.0,
        "Impairment Of Capital Assets": 0.0,
        "Restructuring And Mergern Acquisition": 0.0,
        "Gain On Sale Of Security": -500000.0,
        "Net Non Operating Interest Income Expense": -37400000.0,
        "Interest Expense Non Operating": 37400000.0,
        "Operating Income": 55800000.0,
        "Operating Expense": 130100000.0,
        "Depreciation Amortization Depletion Income Statement": 24100000.0,
        "Depreciation And Amortization In Income Statement": 24100000.0,
        "Selling General And Administration": 106000000.0,
        "Gross Profit": 185900000.0,
        "Cost Of Revenue": 245900000.0,
        "Total Revenue": 431800000.0,
        "Operating Revenue": 431800000.0
    },
    "2024-09-30": {
        "Tax Effect Of Unusual Items": 1011200.0,
        "Tax Rate For Calcs": 0.316,
        "Normalized EBITDA": 97400000.0,
        "Total Unusual Items": 3200000.0,
        "Total Unusual Items Excluding Goodwill": 3200000.0,
        "Net Income From Continuing Operation Net Minority Interest": 28400000.0,
        "Reconciled Depreciation": 23800000.0,
        "Reconciled Cost Of Revenue": 252000000.0,
        "EBITDA": 100600000.0,
        "EBIT": 76800000.0,
        "Net Interest Income": -35300000.0,
        "Interest Expense": 35300000.0,
        "Normalized Income": 26211200.0,
        "Net Income From Continuing And Discontinued Operation": 28400000.0,
        "Total Expenses": 375200000.0,
        "Total Operating Income As Reported": 73200000.0,
        "Diluted Average Shares": 109000000.0,
        "Basic Average Shares": 108200000.0,
        "Diluted EPS": 0.12,
        "Basic EPS": 0.12,
        "Diluted NI Availto Com Stockholders": 13000000.0,
        "Net Income Common Stockholders": 13000000.0,
        "Otherunder Preferred Stock Dividend": 4300000.0,
        "Preferred Stock Dividends": 11100000.0,
        "Net Income": 28400000.0,
        "Net Income Including Noncontrolling Interests": 28400000.0,
        "Net Income Discontinuous Operations": 0.0,
        "Net Income Continuous Operations": 28400000.0,
        "Tax Provision": 13100000.0,
        "Pretax Income": 41500000.0,
        "Other Income Expense": 3600000.0,
        "Other Non Operating Income Expenses": 400000.0,
        "Special Income Charges": 0.0,
        "Other Special Charges": NaN,
        "Write Off": 0.0,
        "Impairment Of Capital Assets": 0.0,
        "Restructuring And Mergern Acquisition": 0.0,
        "Gain On Sale Of Security": 3200000.0,
        "Net Non Operating Interest Income Expense": -35300000.0,
        "Interest Expense Non Operating": 35300000.0,
        "Operating Income": 73200000.0,
        "Operating Expense": 123200000.0,
        "Depreciation Amortization Depletion Income Statement": 23800000.0,
        "Depreciation And Amortization In Income Statement": 23800000.0,
        "Selling General And Administration": 99400000.0,
        "Gross Profit": 196400000.0,
        "Cost Of Revenue": 252000000.0,
        "Total Revenue": 448400000.0,
        "Operating Revenue": 448400000.0
    }
}