{
    "2023-05-31": {
        "Tax Effect Of Unusual Items": 0.0,
        "Tax Rate For Calcs": 0.305181,
        "Normalized EBITDA": 235252000.0,
        "Total Unusual Items": NaN,
        "Total Unusual Items Excluding Goodwill": NaN,
        "Net Income From Continuing Operation Net Minority Interest": 157481000.0,
        "Reconciled Cost Of Revenue": 370248000.0,
        "EBITDA": 235252000.0,
        "EBIT": 235252000.0,
        "Net Interest Income": 8704000.0,
        "Interest Expense": 2174000.0,
        "Interest Income": 10878000.0,
        "Normalized Income": 157481000.0,
        "Net Income From Continuing And Discontinued Operation": 157481000.0,
        "Total Expenses": 772413000.0,
        "Total Operating Income As Reported": 224374000.0,
        "Diluted Average Shares": 30951000.0,
        "Basic Average Shares": 30951000.0,
        "Diluted EPS": 5.09,
        "Basic EPS": 5.09,
        "Diluted NI Availto Com Stockholders": 157481000.0,
        "Net Income Common Stockholders": 157481000.0,
        "Net Income": 157481000.0,
        "Minority Interests": -4466000.0,
        "Net Income Including Noncontrolling Interests": 161947000.0,
        "Net Income Continuous Operations": 161947000.0,
        "Tax Provision": 71131000.0,
        "Pretax Income": 233078000.0,
        "Net Non Operating Interest Income Expense": 8704000.0,
        "Interest Expense Non Operating": 2174000.0,
        "Interest Income Non Operating": 10878000.0,
        "Operating Income": 224374000.0,
        "Operating Expense": 402165000.0,
        "Other Operating Expenses": -2328000.0,
        "Provision For Doubtful Accounts": 31874000.0,
        "Research And Development": 49651000.0,
        "Selling General And Administration": 322968000.0,
        "Selling And Marketing Expense": 124705000.0,
        "General And Administrative Expense": 198263000.0,
        "Other Gand A": 198263000.0,
        "Gross Profit": 626539000.0,
        "Cost Of Revenue": 370248000.0,
        "Total Revenue": 996787000.0,
        "Operating Revenue": 996787000.0
    },
    "2023-02-28": {
        "Tax Effect Of Unusual Items": NaN,
        "Tax Rate For Calcs": NaN,
        "Normalized EBITDA": NaN,
        "Total Unusual Items": -971000.0,
        "Total Unusual Items Excluding Goodwill": -971000.0,
        "Net Income From Continuing Operation Net Minority Interest": NaN,
        "Reconciled Cost Of Revenue": NaN,
        "EBITDA": NaN,
        "EBIT": NaN,
        "Net Interest Income": NaN,
        "Interest Expense": NaN,
        "Interest Income": NaN,
        "Normalized Income": NaN,
        "Net Income From Continuing And Discontinued Operation": NaN,
        "Total Expenses": NaN,
        "Total Operating Income As Reported": NaN,
        "Diluted Average Shares": 30951000.0,
        "Basic Average Shares": 30951000.0,
        "Diluted EPS": 4.7,
        "Basic EPS": 4.7,
        "Diluted NI Availto Com Stockholders": NaN,
        "Net Income Common Stockholders": NaN,
        "Net Income": NaN,
        "Minority Interests": NaN,
        "Net Income Including Noncontrolling Interests": NaN,
        "Net Income Continuous Operations": NaN,
        "Tax Provision": NaN,
        "Pretax Income": NaN,
        "Net Non Operating Interest Income Expense": NaN,
        "Interest Expense Non Operating": NaN,
        "Interest Income Non Operating": NaN,
        "Operating Income": NaN,
        "Operating Expense": NaN,
        "Other Operating Expenses": NaN,
        "Provision For Doubtful Accounts": NaN,
        "Research And Development": NaN,
        "Selling General And Administration": NaN,
        "Selling And Marketing Expense": NaN,
        "General And Administrative Expense": NaN,
        "Other Gand A": NaN,
        "Gross Profit": NaN,
        "Cost Of Revenue": NaN,
        "Total Revenue": NaN,
        "Operating Revenue": NaN
    },
    "2022-11-30": {
        "Tax Effect Of Unusual Items": NaN,
        "Tax Rate For Calcs": NaN,
        "Normalized EBITDA": NaN,
        "Total Unusual Items": 0.0,
        "Total Unusual Items Excluding Goodwill": 0.0,
        "Net Income From Continuing Operation Net Minority Interest": NaN,
        "Reconciled Cost Of Revenue": NaN,
        "EBITDA": NaN,
        "EBIT": NaN,
        "Net Interest Income": NaN,
        "Interest Expense": NaN,
        "Interest Income": NaN,
        "Normalized Income": NaN,
        "Net Income From Continuing And Discontinued Operation": NaN,
        "Total Expenses": NaN,
        "Total Operating Income As Reported": NaN,
        "Diluted Average Shares": NaN,
        "Basic Average Shares": NaN,
        "Diluted EPS": NaN,
        "Basic EPS": NaN,
        "Diluted NI Availto Com Stockholders": NaN,
        "Net Income Common Stockholders": NaN,
        "Net Income": NaN,
        "Minority Interests": NaN,
        "Net Income Including Noncontrolling Interests": NaN,
        "Net Income Continuous Operations": NaN,
        "Tax Provision": NaN,
        "Pretax Income": NaN,
        "Special Income Charges": 0.0,
        "Net Non Operating Interest Income Expense": NaN,
        "Interest Expense Non Operating": NaN,
        "Interest Income Non Operating": NaN,
        "Operating Income": NaN,
        "Operating Expense": NaN,
        "Other Operating Expenses": NaN,
        "Provision For Doubtful Accounts": NaN,
        "Research And Development": NaN,
        "Selling General And Administration": NaN,
        "Selling And Marketing Expense": NaN,
        "General And Administrative Expense": NaN,
        "Other Gand A": NaN,
        "Gross Profit": NaN,
        "Cost Of Revenue": NaN,
        "Total Revenue": NaN,
        "Operating Revenue": NaN
    },
    "2022-08-31": {
        "Tax Effect Of Unusual Items": 0.0,
        "Tax Rate For Calcs": 0.292315,
        "Normalized EBITDA": 222891000.0,
        "Total Unusual Items": NaN,
        "Total Unusual Items Excluding Goodwill": NaN,
        "Net Income From Continuing Operation Net Minority Interest": 152544000.0,
        "Reconciled Cost Of Revenue": 290069000.0,
        "EBITDA": 222891000.0,
        "EBIT": 222891000.0,
        "Net Interest Income": 1570000.0,
        "Interest Expense": 3193000.0,
        "Interest Income": 4763000.0,
        "Normalized Income": 152544000.0,
        "Net Income From Continuing And Discontinued Operation": 152544000.0,
        "Total Expenses": 641154000.0,
        "Total Operating Income As Reported": 218128000.0,
        "Diluted Average Shares": 30951000.0,
        "Basic Average Shares": 30951000.0,
        "Diluted EPS": 4.93,
        "Basic EPS": 4.93,
        "Diluted NI Availto Com Stockholders": 152544000.0,
        "Net Income Common Stockholders": 152544000.0,
        "Net Income": 152544000.0,
        "Minority Interests": -2933000.0,
        "Net Income Including Noncontrolling Interests": 155477000.0,
        "Net Income Continuous Operations": 155477000.0,
        "Tax Provision": 64221000.0,
        "Pretax Income": 219698000.0,
        "Other Income Expense": NaN,
        "Special Income Charges": NaN,
        "Gain On Sale Of Security": NaN,
        "Net Non Operating Interest Income Expense": 1570000.0,
        "Interest Expense Non Operating": 3193000.0,
        "Interest Income Non Operating": 4763000.0,
        "Operating Income": 218128000.0,
        "Operating Expense": 351085000.0,
        "Other Operating Expenses": 21408000.0,
        "Research And Development": 43612000.0,
        "Selling General And Administration": 286065000.0,
        "Selling And Marketing Expense": 107514000.0,
        "General And Administrative Expense": 178551000.0,
        "Other Gand A": 178551000.0,
        "Gross Profit": 569213000.0,
        "Cost Of Revenue": 290069000.0,
        "Total Revenue": 859282000.0,
        "Operating Revenue": 859282000.0
    },
    "2022-05-31": {
        "Tax Effect Of Unusual Items": 0.0,
        "Tax Rate For Calcs": 0.27859,
        "Normalized EBITDA": 220332000.0,
        "Total Unusual Items": NaN,
        "Total Unusual Items Excluding Goodwill": NaN,
        "Net Income From Continuing Operation Net Minority Interest": 153533000.0,
        "Reconciled Cost Of Revenue": 271551000.0,
        "EBIT": 220332000.0,
        "Net Interest Income": -777000.0,
        "Interest Expense": 3619000.0,
        "Interest Income": 2842000.0,
        "Normalized Income": 153533000.0,
        "Net Income From Continuing And Discontinued Operation": 153533000.0,
        "Total Expenses": 583947000.0,
        "Total Operating Income As Reported": 217490000.0,
        "Diluted Average Shares": 30951000.0,
        "Basic Average Shares": 30951000.0,
        "Diluted EPS": 4.96,
        "Basic EPS": 4.96,
        "Diluted NI Availto Com Stockholders": 153533000.0,
        "Net Income Common Stockholders": 153533000.0,
        "Net Income": 153533000.0,
        "Minority Interests": -2806000.0,
        "Net Income Including Noncontrolling Interests": 156339000.0,
        "Net Income Continuous Operations": 156339000.0,
        "Tax Provision": 60374000.0,
        "Pretax Income": 216713000.0,
        "Other Income Expense": NaN,
        "Special Income Charges": NaN,
        "Gain On Sale Of Security": NaN,
        "Net Non Operating Interest Income Expense": -777000.0,
        "Interest Expense Non Operating": 3619000.0,
        "Interest Income Non Operating": 2842000.0,
        "Operating Income": 217490000.0,
        "Operating Expense": 312396000.0,
        "Other Operating Expenses": 19707000.0,
        "Research And Development": 41541000.0,
        "Selling General And Administration": 251148000.0,
        "Selling And Marketing Expense": 95959000.0,
        "General And Administrative Expense": 155189000.0,
        "Other Gand A": 155189000.0,
        "Gross Profit": 529886000.0,
        "Cost Of Revenue": 271551000.0,
        "Total Revenue": 801437000.0,
        "Operating Revenue": 801437000.0
    },
    "2022-02-28": {
        "Diluted EPS": 0.2,
        "Total Revenue": 48,
        "Gross Profit": 29,
        "Operating Income": 9,
        "EBIT": 9,
        "Net Income": 6
    },
    "2021-11-30": {
        "Diluted EPS": 0.32,
        "Total Revenue": 48,
        "Gross Profit": 31,
        "Operating Income": 14,
        "EBIT": 14,
        "Net Income": 10
    },
    "2021-08-31": {
        "Diluted EPS": 0.27,
        "Total Revenue": 46,
        "Gross Profit": 31,
        "Operating Income": 12,
        "EBIT": 12,
        "Net Income": 8
    },
    "2021-05-31": {
        "Diluted EPS": 0.24,
        "Total Revenue": 43,
        "Gross Profit": 31,
        "Operating Income": 12,
        "EBIT": 12,
        "Net Income": 6
    },
    "2021-02-28": {
        "Diluted EPS": 0.2,
        "Total Revenue": 41,
        "Gross Profit": 41,
        "Operating Income": 41,
        "EBIT": 41,
        "Net Income": 4
    },
    "2023-08-31": {
        "Tax Effect Of Unusual Items": 0.0,
        "Tax Rate For Calcs": 0.296961,
        "Normalized EBITDA": 256473000.0,
        "Total Unusual Items": NaN,
        "Total Unusual Items Excluding Goodwill": NaN,
        "Net Income From Continuing Operation Net Minority Interest": 173678000.0,
        "Reconciled Cost Of Revenue": 379676000.0,
        "EBITDA": 256473000.0,
        "EBIT": 256473000.0,
        "Net Interest Income": 6305000.0,
        "Interest Expense": 2982000.0,
        "Interest Income": 9287000.0,
        "Normalized Income": 173678000.0,
        "Net Income From Continuing And Discontinued Operation": 173678000.0,
        "Total Expenses": 793027000.0,
        "Total Operating Income As Reported": 247186000.0,
        "Diluted Average Shares": 30951000.0,
        "Basic Average Shares": 30951000.0,
        "Diluted EPS": 5.61,
        "Basic EPS": 5.61,
        "Diluted NI Availto Com Stockholders": 173678000.0,
        "Net Income Common Stockholders": 173678000.0,
        "Net Income": 173678000.0,
        "Minority Interests": -4536000.0,
        "Net Income Including Noncontrolling Interests": 178214000.0,
        "Net Income Continuous Operations": 178214000.0,
        "Tax Provision": 75277000.0,
        "Pretax Income": 253491000.0,
        "Net Non Operating Interest Income Expense": 6305000.0,
        "Interest Expense Non Operating": 2982000.0,
        "Interest Income Non Operating": 9287000.0,
        "Operating Income": 247186000.0,
        "Operating Expense": 413351000.0,
        "Other Operating Expenses": -4939000.0,
        "Provision For Doubtful Accounts": 25606000.0,
        "Research And Development": 56035000.0,
        "Selling General And Administration": 336649000.0,
        "Selling And Marketing Expense": 127890000.0,
        "General And Administrative Expense": 208759000.0,
        "Other Gand A": 208759000.0,
        "Gross Profit": 660537000.0,
        "Cost Of Revenue": 379676000.0,
        "Total Revenue": 1040213000.0,
        "Operating Revenue": 1040213000.0
    },
    "2023-11-30": {
        "Tax Effect Of Unusual Items": 0.0,
        "Tax Rate For Calcs": 0.284674,
        "Normalized EBITDA": 282909000.0,
        "Total Unusual Items": NaN,
        "Total Unusual Items Excluding Goodwill": NaN,
        "Net Income From Continuing Operation Net Minority Interest": 196338000.0,
        "Reconciled Cost Of Revenue": 392832000.0,
        "EBITDA": 282909000.0,
        "EBIT": 282909000.0,
        "Net Interest Income": 3953000.0,
        "Interest Expense": 4250000.0,
        "Interest Income": 8203000.0,
        "Normalized Income": 196338000.0,
        "Net Income From Continuing And Discontinued Operation": 196338000.0,
        "Total Expenses": 805437000.0,
        "Total Operating Income As Reported": 274706000.0,
        "Diluted Average Shares": 30951000.0,
        "Basic Average Shares": 30951000.0,
        "Diluted EPS": 6.34,
        "Basic EPS": 6.34,
        "Diluted NI Availto Com Stockholders": 196338000.0,
        "Net Income Common Stockholders": 196338000.0,
        "Net Income": 196338000.0,
        "Minority Interests": -2994000.0,
        "Net Income Including Noncontrolling Interests": 199332000.0,
        "Net Income Continuous Operations": 199332000.0,
        "Tax Provision": 79327000.0,
        "Pretax Income": 278659000.0,
        "Net Non Operating Interest Income Expense": 3953000.0,
        "Interest Expense Non Operating": 4250000.0,
        "Interest Income Non Operating": 8203000.0,
        "Operating Income": 274706000.0,
        "Operating Expense": 412605000.0,
        "Other Operating Expenses": -1537000.0,
        "Provision For Doubtful Accounts": 27754000.0,
        "Research And Development": 53657000.0,
        "Selling General And Administration": 332731000.0,
        "Selling And Marketing Expense": 124978000.0,
        "General And Administrative Expense": 207753000.0,
        "Other Gand A": 207753000.0,
        "Gross Profit": 687311000.0,
        "Cost Of Revenue": 392832000.0,
        "Total Revenue": 1080143000.0,
        "Operating Revenue": 1080143000.0
    },
    "2024-02-29": {
        "Tax Effect Of Unusual Items": 0.0,
        "Tax Rate For Calcs": 0.285604,
        "Normalized EBITDA": 304937000.0,
        "Total Unusual Items": NaN,
        "Total Unusual Items Excluding Goodwill": NaN,
        "Net Income From Continuing Operation Net Minority Interest": 210694000.0,
        "Reconciled Cost Of Revenue": 371918000.0,
        "EBITDA": 304937000.0,
        "EBIT": 304937000.0,
        "Net Interest Income": 4634000.0,
        "Interest Expense": 4455000.0,
        "Interest Income": 11050000.0,
        "Normalized Income": 210694000.0,
        "Net Income From Continuing And Discontinued Operation": 210694000.0,
        "Total Expenses": 792132000.0,
        "Total Operating Income As Reported": 296236000.0,
        "Diluted Average Shares": NaN,
        "Basic Average Shares": NaN,
        "Diluted EPS": NaN,
        "Basic EPS": NaN,
        "Diluted NI Availto Com Stockholders": 210694000.0,
        "Net Income Common Stockholders": 210694000.0,
        "Net Income": 210694000.0,
        "Minority Interests": -3969000.0,
        "Net Income Including Noncontrolling Interests": 214663000.0,
        "Net Income Continuous Operations": 214663000.0,
        "Tax Provision": 85819000.0,
        "Pretax Income": 300482000.0,
        "Net Non Operating Interest Income Expense": 4634000.0,
        "Interest Expense Non Operating": 4455000.0,
        "Interest Income Non Operating": 11050000.0,
        "Operating Income": 296236000.0,
        "Operating Expense": 420214000.0,
        "Other Operating Expenses": -3027000.0,
        "Provision For Doubtful Accounts": 24188000.0,
        "Research And Development": 52892000.0,
        "Selling General And Administration": 346161000.0,
        "Selling And Marketing Expense": 123330000.0,
        "General And Administrative Expense": 222831000.0,
        "Other Gand A": 222831000.0,
        "Gross Profit": 716450000.0,
        "Cost Of Revenue": 371918000.0,
        "Total Revenue": 1088368000.0,
        "Operating Revenue": 1069925000.0
    },
    "2024-05-31": {
        "Tax Effect Of Unusual Items": 0.0,
        "Tax Rate For Calcs": 0.262156,
        "Normalized EBITDA": 310960000.0,
        "Total Unusual Items": NaN,
        "Total Unusual Items Excluding Goodwill": NaN,
        "Net Income From Continuing Operation Net Minority Interest": 221584000.0,
        "Reconciled Cost Of Revenue": 334416000.0,
        "EBITDA": 310960000.0,
        "EBIT": 310960000.0,
        "Net Interest Income": 5579000.0,
        "Interest Expense": 5634000.0,
        "Interest Income": 11213000.0,
        "Normalized Income": 221584000.0,
        "Net Income From Continuing And Discontinued Operation": 221584000.0,
        "Total Expenses": 782078000.0,
        "Total Operating Income As Reported": 299747000.0,
        "Diluted Average Shares": 30899000.0,
        "Basic Average Shares": 30899000.0,
        "Diluted EPS": 7.17,
        "Basic EPS": 7.17,
        "Diluted NI Availto Com Stockholders": 221584000.0,
        "Net Income Common Stockholders": 221584000.0,
        "Net Income": 221584000.0,
        "Minority Interests": -3699000.0,
        "Net Income Including Noncontrolling Interests": 225283000.0,
        "Net Income Continuous Operations": 225283000.0,
        "Tax Provision": 80043000.0,
        "Pretax Income": 305326000.0,
        "Net Non Operating Interest Income Expense": 5579000.0,
        "Interest Expense Non Operating": 5634000.0,
        "Interest Income Non Operating": 11213000.0,
        "Operating Income": 299747000.0,
        "Operating Expense": 447662000.0,
        "Other Operating Expenses": -1682000.0,
        "Provision For Doubtful Accounts": 29993000.0,
        "Research And Development": 57609000.0,
        "Selling General And Administration": 361742000.0,
        "Selling And Marketing Expense": 140248000.0,
        "General And Administrative Expense": 221494000.0,
        "Other Gand A": 221494000.0,
        "Gross Profit": 747409000.0,
        "Cost Of Revenue": 334416000.0,
        "Total Revenue": 1081825000.0,
        "Operating Revenue": 1081825000.0
    }
}