{
    "2023-03-31": {
        "Tax Effect Of Unusual Items": 0.0,
        "Tax Rate For Calcs": 0.4,
        "Normalized EBITDA": 47000000.0,
        "Total Unusual Items": NaN,
        "Total Unusual Items Excluding Goodwill": NaN,
        "Net Income From Continuing Operation Net Minority Interest": -8000000.0,
        "Reconciled Depreciation": 15000000.0,
        "Reconciled Cost Of Revenue": 117000000.0,
        "EBITDA": 47000000.0,
        "EBIT": 32000000.0,
        "Net Interest Income": -1000000.0,
        "Interest Expense": 14000000.0,
        "Interest Income": 13000000.0,
        "Normalized Income": -8000000.0,
        "Net Income From Continuing And Discontinued Operation": -8000000.0,
        "Total Expenses": 140000000.0,
        "Total Operating Income As Reported": 7000000.0,
        "Diluted Average Shares": 57142857.0,
        "Basic Average Shares": 57142857.0,
        "Diluted EPS": -0.14,
        "Basic EPS": -0.14,
        "Diluted NI Availto Com Stockholders": -8000000.0,
        "Net Income Common Stockholders": -8000000.0,
        "Net Income": -8000000.0,
        "Minority Interests": -13000000.0,
        "Net Income Including Noncontrolling Interests": 5000000.0,
        "Net Income Continuous Operations": 5000000.0,
        "Tax Provision": 13000000.0,
        "Pretax Income": 18000000.0,
        "Other Income Expense": 12000000.0,
        "Special Income Charges": NaN,
        "Gain On Sale Of Business": NaN,
        "Earnings From Equity Interest": 12000000.0,
        "Net Non Operating Interest Income Expense": -1000000.0,
        "Interest Expense Non Operating": 14000000.0,
        "Interest Income Non Operating": 13000000.0,
        "Operating Income": 7000000.0,
        "Operating Expense": 23000000.0,
        "Other Operating Expenses": NaN,
        "Selling General And Administration": 23000000.0,
        "Gross Profit": 30000000.0,
        "Cost Of Revenue": 117000000.0,
        "Total Revenue": 147000000.0,
        "Operating Revenue": 147000000.0
    },
    "2022-12-31": {
        "Tax Effect Of Unusual Items": -359256000.0,
        "Tax Rate For Calcs": 0.4,
        "Normalized EBITDA": 94197000.0,
        "Total Unusual Items": -898140000.0,
        "Total Unusual Items Excluding Goodwill": -898140000.0,
        "Net Income From Continuing Operation Net Minority Interest": -842348000.0,
        "Reconciled Depreciation": 18876000.0,
        "Reconciled Cost Of Revenue": 122114000.0,
        "EBITDA": -803943000.0,
        "EBIT": -822819000.0,
        "Net Interest Income": -36221000.0,
        "Interest Expense": 8542000.0,
        "Interest Income": -25892000.0,
        "Normalized Income": -303464000.0,
        "Net Income From Continuing And Discontinued Operation": -842348000.0,
        "Total Expenses": 156132000.0,
        "Total Operating Income As Reported": -11175000.0,
        "Diluted Average Shares": 53850779.0,
        "Basic Average Shares": 53850779.0,
        "Diluted EPS": -15.63,
        "Basic EPS": -15.63,
        "Diluted NI Availto Com Stockholders": -842348000.0,
        "Net Income Common Stockholders": -842348000.0,
        "Net Income": -842348000.0,
        "Minority Interests": -7007000.0,
        "Net Income Including Noncontrolling Interests": -835341000.0,
        "Net Income Continuous Operations": -835341000.0,
        "Tax Provision": 3980000.0,
        "Pretax Income": -831361000.0,
        "Other Income Expense": -783965000.0,
        "Special Income Charges": -930382000.0,
        "Gain On Sale Of Business": -929650000.0,
        "Earnings From Equity Interest": 114175000.0,
        "Net Non Operating Interest Income Expense": -36221000.0,
        "Interest Expense Non Operating": 8542000.0,
        "Interest Income Non Operating": -25892000.0,
        "Operating Income": -11175000.0,
        "Operating Expense": 34018000.0,
        "Other Operating Expenses": 1082000.0,
        "Selling General And Administration": 25096000.0,
        "Gross Profit": 22843000.0,
        "Cost Of Revenue": 122114000.0,
        "Total Revenue": 144957000.0,
        "Operating Revenue": 133445000.0
    },
    "2022-09-30": {
        "Tax Effect Of Unusual Items": 0.0,
        "Tax Rate For Calcs": 0.055749,
        "Normalized EBITDA": 314000000.0,
        "Total Unusual Items": 0.0,
        "Total Unusual Items Excluding Goodwill": 0.0,
        "Net Income From Continuing Operation Net Minority Interest": 251000000.0,
        "Reconciled Depreciation": 15000000.0,
        "Reconciled Cost Of Revenue": 130000000.0,
        "EBITDA": 314000000.0,
        "EBIT": 299000000.0,
        "Net Interest Income": -5000000.0,
        "Interest Expense": 12000000.0,
        "Interest Income": 7000000.0,
        "Normalized Income": 251000000.0,
        "Net Income From Continuing And Discontinued Operation": 251000000.0,
        "Total Expenses": 149000000.0,
        "Total Operating Income As Reported": 14000000.0,
        "Diluted Average Shares": 53978495.0,
        "Basic Average Shares": 53978495.0,
        "Diluted EPS": 4.65,
        "Basic EPS": 4.65,
        "Diluted NI Availto Com Stockholders": 251000000.0,
        "Net Income Common Stockholders": 251000000.0,
        "Net Income": 251000000.0,
        "Minority Interests": -20000000.0,
        "Net Income Including Noncontrolling Interests": 271000000.0,
        "Net Income Continuous Operations": 271000000.0,
        "Tax Provision": 16000000.0,
        "Pretax Income": 287000000.0,
        "Other Income Expense": 278000000.0,
        "Special Income Charges": 0.0,
        "Gain On Sale Of Business": 0.0,
        "Earnings From Equity Interest": 278000000.0,
        "Net Non Operating Interest Income Expense": -5000000.0,
        "Interest Expense Non Operating": 12000000.0,
        "Interest Income Non Operating": 7000000.0,
        "Operating Income": 14000000.0,
        "Operating Expense": 19000000.0,
        "Other Operating Expenses": -4000000.0,
        "Selling General And Administration": 23000000.0,
        "Gross Profit": 33000000.0,
        "Cost Of Revenue": 130000000.0,
        "Total Revenue": 163000000.0,
        "Operating Revenue": 163000000.0
    },
    "2022-06-30": {
        "Tax Effect Of Unusual Items": 0.0,
        "Tax Rate For Calcs": 0.007722,
        "Normalized EBITDA": 288000000.0,
        "Total Unusual Items": NaN,
        "Total Unusual Items Excluding Goodwill": NaN,
        "Net Income From Continuing Operation Net Minority Interest": 265000000.0,
        "Reconciled Depreciation": 15000000.0,
        "Reconciled Cost Of Revenue": 113000000.0,
        "EBITDA": 288000000.0,
        "EBIT": 273000000.0,
        "Net Interest Income": 10000000.0,
        "Interest Expense": 14000000.0,
        "Interest Income": 24000000.0,
        "Normalized Income": 265000000.0,
        "Net Income From Continuing And Discontinued Operation": 265000000.0,
        "Total Expenses": 136000000.0,
        "Total Operating Income As Reported": -15000000.0,
        "Diluted Average Shares": 53861789.0,
        "Basic Average Shares": 53861789.0,
        "Diluted EPS": 4.92,
        "Basic EPS": 4.92,
        "Diluted NI Availto Com Stockholders": 265000000.0,
        "Net Income Common Stockholders": 265000000.0,
        "Net Income": 265000000.0,
        "Minority Interests": 8000000.0,
        "Net Income Including Noncontrolling Interests": 257000000.0,
        "Net Income Continuous Operations": 257000000.0,
        "Tax Provision": 2000000.0,
        "Pretax Income": 259000000.0,
        "Other Income Expense": 264000000.0,
        "Special Income Charges": NaN,
        "Gain On Sale Of Business": NaN,
        "Earnings From Equity Interest": 264000000.0,
        "Net Non Operating Interest Income Expense": 10000000.0,
        "Interest Expense Non Operating": 14000000.0,
        "Interest Income Non Operating": 24000000.0,
        "Operating Income": -15000000.0,
        "Operating Expense": 23000000.0,
        "Other Operating Expenses": NaN,
        "Selling General And Administration": 23000000.0,
        "Gross Profit": 8000000.0,
        "Cost Of Revenue": 113000000.0,
        "Total Revenue": 121000000.0,
        "Operating Revenue": 121000000.0
    },
    "2022-03-31": {
        "Diluted EPS": 11.86,
        "Total Revenue": 146,
        "Gross Profit": 36,
        "Operating Income": 14,
        "EBIT": 28,
        "Net Income": 639
    },
    "2021-12-31": {
        "Diluted EPS": 7.28,
        "Total Revenue": 135,
        "Gross Profit": 25,
        "Operating Income": 2,
        "EBIT": 16,
        "Net Income": 392
    },
    "2021-09-30": {
        "Diluted EPS": 3.45,
        "Total Revenue": 133,
        "Gross Profit": 38,
        "Operating Income": 23,
        "EBIT": 37,
        "Net Income": 186
    },
    "2021-06-30": {
        "Diluted EPS": 3.2,
        "Total Revenue": 105,
        "Gross Profit": 12,
        "Operating Income": -15,
        "EBIT": 1,
        "Net Income": 172
    },
    "2021-03-31": {
        "Diluted EPS": 3.34,
        "Total Revenue": 115,
        "Gross Profit": 23,
        "Operating Income": 13,
        "EBIT": 26,
        "Net Income": 180
    },
    "2020-12-31": {
        "Diluted EPS": 2.69,
        "Total Revenue": 104,
        "Gross Profit": 13,
        "Operating Income": -9,
        "EBIT": 2,
        "Net Income": 146
    },
    "2020-09-30": {
        "Diluted EPS": 1.25,
        "Total Revenue": 117,
        "Gross Profit": 24,
        "Operating Income": 14,
        "EBIT": 23,
        "Net Income": 67
    },
    "2020-06-30": {
        "Diluted EPS": 5.19,
        "Total Revenue": 76,
        "Gross Profit": 10,
        "Operating Income": NaN,
        "EBIT": 7,
        "Net Income": 279
    },
    "2020-03-31": {
        "Diluted EPS": 0.28,
        "Total Revenue": 89,
        "Gross Profit": 24,
        "Operating Income": 16,
        "EBIT": 23,
        "Net Income": 15
    },
    "2019-12-31": {
        "Diluted EPS": -0.41,
        "Total Revenue": 89,
        "Gross Profit": 19,
        "Operating Income": 8,
        "EBIT": 17,
        "Net Income": -21
    },
    "2019-09-30": {
        "Diluted EPS": 0.53,
        "Total Revenue": 102,
        "Gross Profit": 25,
        "Operating Income": 18,
        "EBIT": 26,
        "Net Income": 28
    },
    "2019-06-30": {
        "Diluted EPS": -0.13,
        "Total Revenue": 85,
        "Gross Profit": 13,
        "Operating Income": 5,
        "EBIT": 13,
        "Net Income": -8
    },
    "2019-03-31": {
        "Diluted EPS": -0.24,
        "Total Revenue": 97,
        "Gross Profit": 29,
        "Operating Income": 19,
        "EBIT": 26,
        "Net Income": -12
    },
    "2018-12-31": {
        "Diluted EPS": -1.15,
        "Total Revenue": 85,
        "Gross Profit": 7,
        "Operating Income": -9,
        "EBIT": -2,
        "Net Income": -62
    },
    "2018-09-30": {
        "Diluted EPS": -0.38,
        "Total Revenue": 94,
        "Gross Profit": 25,
        "Operating Income": 19,
        "EBIT": 27,
        "Net Income": -20
    },
    "2018-06-30": {
        "Diluted EPS": -0.53,
        "Total Revenue": 84,
        "Gross Profit": 13,
        "Operating Income": 8,
        "EBIT": 15,
        "Net Income": -29
    },
    "2018-03-31": {
        "Diluted EPS": 10.13,
        "Total Revenue": 101,
        "Gross Profit": 30,
        "Operating Income": 23,
        "EBIT": 31,
        "Net Income": 545
    },
    "2017-12-31": {
        "Diluted EPS": 5.04,
        "Total Revenue": 92,
        "Gross Profit": 17,
        "Operating Income": 23,
        "EBIT": 66,
        "Net Income": 271
    },
    "2017-09-30": {
        "Diluted EPS": -0.43,
        "Total Revenue": 97,
        "Gross Profit": 21,
        "Operating Income": 10,
        "EBIT": 53,
        "Net Income": -23
    },
    "2017-06-30": {
        "Diluted EPS": 0.17,
        "Total Revenue": 84,
        "Gross Profit": 9,
        "Operating Income": -6,
        "EBIT": 38,
        "Net Income": 9
    },
    "2017-03-31": {
        "Diluted EPS": -0.38,
        "Total Revenue": 93,
        "Gross Profit": 21,
        "Operating Income": 14,
        "EBIT": 62,
        "Net Income": -20
    },
    "2016-12-31": {
        "Diluted EPS": -0.92,
        "Total Revenue": NaN,
        "Gross Profit": -210,
        "Operating Income": -227,
        "EBIT": -180,
        "Net Income": -49
    },
    "2016-09-30": {
        "Diluted EPS": -0.88,
        "Total Revenue": 490,
        "Gross Profit": 98,
        "Operating Income": 61,
        "EBIT": 108,
        "Net Income": -47
    },
    "2016-06-30": {
        "Diluted EPS": -5.2,
        "Total Revenue": 440,
        "Gross Profit": 71,
        "Operating Income": 37,
        "EBIT": 79,
        "Net Income": -280
    },
    "2016-03-31": {
        "Diluted EPS": -0.67,
        "Total Revenue": 422,
        "Gross Profit": 87,
        "Operating Income": 56,
        "EBIT": 92,
        "Net Income": -36
    },
    "2015-12-31": {
        "Diluted EPS": -2.07,
        "Total Revenue": 298,
        "Gross Profit": 60,
        "Operating Income": 23,
        "EBIT": 54,
        "Net Income": -106
    },
    "2015-09-30": {
        "Diluted EPS": 3.16,
        "Total Revenue": 336,
        "Gross Profit": 66,
        "Operating Income": 41,
        "EBIT": 71,
        "Net Income": 165
    },
    "2015-06-30": {
        "Diluted EPS": 0.21,
        "Total Revenue": 333,
        "Gross Profit": 123,
        "Operating Income": 101,
        "EBIT": 131,
        "Net Income": 11
    },
    "2015-03-31": {
        "Diluted EPS": 0.06,
        "Total Revenue": 322,
        "Gross Profit": 66,
        "Operating Income": 40,
        "EBIT": 69,
        "Net Income": 3
    },
    "2014-12-31": {
        "Diluted EPS": -1.65,
        "Total Revenue": 338,
        "Gross Profit": 63,
        "Operating Income": -32,
        "EBIT": -3,
        "Net Income": -79
    },
    "2014-09-30": {
        "Diluted EPS": 12.38,
        "Total Revenue": 372,
        "Gross Profit": 83,
        "Operating Income": 51,
        "EBIT": 80,
        "Net Income": 661
    },
    "2014-06-30": {
        "Diluted EPS": -1.69,
        "Total Revenue": 337,
        "Gross Profit": 67,
        "Operating Income": 35,
        "EBIT": 102,
        "Net Income": -90
    },
    "2014-03-31": {
        "Diluted EPS": -0.46,
        "Total Revenue": 325,
        "Gross Profit": 78,
        "Operating Income": 58,
        "EBIT": 120,
        "Net Income": -33
    },
    "2013-12-31": {
        "Diluted EPS": 0.0,
        "Total Revenue": NaN,
        "Gross Profit": NaN,
        "Operating Income": NaN,
        "EBIT": NaN,
        "Net Income": NaN
    },
    "2012-12-31": {
        "Diluted EPS": 0.0,
        "Total Revenue": NaN,
        "Gross Profit": NaN,
        "Operating Income": NaN,
        "EBIT": NaN,
        "Net Income": NaN
    },
    "2023-06-30": {
        "Tax Effect Of Unusual Items": 0.0,
        "Tax Rate For Calcs": 0.075,
        "Normalized EBITDA": 1000000.0,
        "Total Unusual Items": NaN,
        "Total Unusual Items Excluding Goodwill": NaN,
        "Net Income From Continuing Operation Net Minority Interest": -30000000.0,
        "Reconciled Depreciation": 23000000.0,
        "Reconciled Cost Of Revenue": 146000000.0,
        "EBITDA": 1000000.0,
        "EBIT": -22000000.0,
        "Net Interest Income": -7000000.0,
        "Interest Expense": 18000000.0,
        "Interest Income": 11000000.0,
        "Normalized Income": -30000000.0,
        "Net Income From Continuing And Discontinued Operation": -30000000.0,
        "Total Expenses": 171000000.0,
        "Total Operating Income As Reported": -6000000.0,
        "Diluted Average Shares": 53571429.0,
        "Basic Average Shares": 53571429.0,
        "Diluted EPS": -0.56,
        "Basic EPS": -0.56,
        "Diluted NI Availto Com Stockholders": -30000000.0,
        "Net Income Common Stockholders": -30000000.0,
        "Net Income": -30000000.0,
        "Minority Interests": 7000000.0,
        "Net Income Including Noncontrolling Interests": -37000000.0,
        "Net Income Continuous Operations": -37000000.0,
        "Tax Provision": -3000000.0,
        "Pretax Income": -40000000.0,
        "Other Income Expense": -27000000.0,
        "Special Income Charges": NaN,
        "Gain On Sale Of Business": NaN,
        "Earnings From Equity Interest": -27000000.0,
        "Net Non Operating Interest Income Expense": -7000000.0,
        "Interest Expense Non Operating": 18000000.0,
        "Interest Income Non Operating": 11000000.0,
        "Operating Income": -6000000.0,
        "Operating Expense": 25000000.0,
        "Other Operating Expenses": 2000000.0,
        "Selling General And Administration": 23000000.0,
        "Gross Profit": 19000000.0,
        "Cost Of Revenue": 146000000.0,
        "Total Revenue": 165000000.0,
        "Operating Revenue": 165000000.0
    }
}