{
    "2023-04-30": {
        "Tax Effect Of Unusual Items": 0.0,
        "Tax Rate For Calcs": 0.21,
        "Normalized EBITDA": 3591000.0,
        "Net Income From Continuing Operation Net Minority Interest": 1005000.0,
        "Reconciled Depreciation": 725000.0,
        "Reconciled Cost Of Revenue": 43625000.0,
        "EBITDA": 3591000.0,
        "EBIT": 2866000.0,
        "Net Interest Income": -544000.0,
        "Interest Expense": 544000.0,
        "Normalized Income": 1005000.0,
        "Net Income From Continuing And Discontinued Operation": 1005000.0,
        "Total Expenses": 51285000.0,
        "Total Operating Income As Reported": 2701000.0,
        "Diluted Average Shares": 2928000.0,
        "Basic Average Shares": 2830000.0,
        "Diluted EPS": 0.34,
        "Basic EPS": 0.36,
        "Diluted NI Availto Com Stockholders": 1005000.0,
        "Net Income Common Stockholders": 1005000.0,
        "Net Income": 1005000.0,
        "Minority Interests": -89000.0,
        "Net Income Including Noncontrolling Interests": 1094000.0,
        "Net Income Continuous Operations": 1094000.0,
        "Tax Provision": 1228000.0,
        "Pretax Income": 2322000.0,
        "Other Income Expense": 165000.0,
        "Other Non Operating Income Expenses": 165000.0,
        "Net Non Operating Interest Income Expense": -544000.0,
        "Interest Expense Non Operating": 544000.0,
        "Operating Income": 2701000.0,
        "Operating Expense": 7660000.0,
        "Other Operating Expenses": 7660000.0,
        "Selling General And Administration": NaN,
        "General And Administrative Expense": NaN,
        "Salaries And Wages": NaN,
        "Gross Profit": 10361000.0,
        "Cost Of Revenue": 43625000.0,
        "Total Revenue": 53986000.0,
        "Operating Revenue": 53986000.0
    },
    "2023-01-31": {
        "Tax Effect Of Unusual Items": 0.0,
        "Tax Rate For Calcs": 0.21,
        "Normalized EBITDA": 3205000.0,
        "Net Income From Continuing Operation Net Minority Interest": 723000.0,
        "Reconciled Depreciation": 709000.0,
        "Reconciled Cost Of Revenue": 50491000.0,
        "EBITDA": 3205000.0,
        "EBIT": 2496000.0,
        "Net Interest Income": -436000.0,
        "Interest Expense": 436000.0,
        "Normalized Income": 723000.0,
        "Net Income From Continuing And Discontinued Operation": 723000.0,
        "Total Expenses": 58535000.0,
        "Total Operating Income As Reported": 2304000.0,
        "Diluted Average Shares": 2911000.0,
        "Basic Average Shares": 2830000.0,
        "Diluted EPS": 0.25,
        "Basic EPS": 0.26,
        "Diluted NI Availto Com Stockholders": 723000.0,
        "Net Income Common Stockholders": 723000.0,
        "Net Income": 723000.0,
        "Minority Interests": -375000.0,
        "Net Income Including Noncontrolling Interests": 1098000.0,
        "Net Income Continuous Operations": 1098000.0,
        "Tax Provision": 962000.0,
        "Pretax Income": 2060000.0,
        "Other Income Expense": 210000.0,
        "Other Non Operating Income Expenses": 210000.0,
        "Net Non Operating Interest Income Expense": -436000.0,
        "Interest Expense Non Operating": 436000.0,
        "Operating Income": 2286000.0,
        "Operating Expense": 8044000.0,
        "Other Operating Expenses": 8026000.0,
        "Selling General And Administration": 18000.0,
        "General And Administrative Expense": 18000.0,
        "Salaries And Wages": 18000.0,
        "Gross Profit": 10330000.0,
        "Cost Of Revenue": 50491000.0,
        "Total Revenue": 60821000.0,
        "Operating Revenue": 60821000.0
    },
    "2022-10-31": {
        "Tax Effect Of Unusual Items": 0.0,
        "Tax Rate For Calcs": 0.21,
        "Normalized EBITDA": 1534000.0,
        "Net Income From Continuing Operation Net Minority Interest": -243000.0,
        "Reconciled Depreciation": 708000.0,
        "Reconciled Cost Of Revenue": 45863000.0,
        "EBITDA": 1534000.0,
        "EBIT": 826000.0,
        "Net Interest Income": -370000.0,
        "Interest Expense": 370000.0,
        "Normalized Income": -243000.0,
        "Net Income From Continuing And Discontinued Operation": -243000.0,
        "Total Expenses": 53817000.0,
        "Total Operating Income As Reported": 755000.0,
        "Diluted Average Shares": 2830000.0,
        "Basic Average Shares": 2830000.0,
        "Diluted EPS": -0.09,
        "Basic EPS": -0.09,
        "Diluted NI Availto Com Stockholders": -243000.0,
        "Net Income Common Stockholders": -243000.0,
        "Net Income": -243000.0,
        "Minority Interests": -129000.0,
        "Net Income Including Noncontrolling Interests": -114000.0,
        "Net Income Continuous Operations": -114000.0,
        "Tax Provision": 570000.0,
        "Pretax Income": 456000.0,
        "Other Income Expense": 79000.0,
        "Other Non Operating Income Expenses": 79000.0,
        "Net Non Operating Interest Income Expense": -370000.0,
        "Interest Expense Non Operating": 370000.0,
        "Operating Income": 747000.0,
        "Operating Expense": 7954000.0,
        "Other Operating Expenses": 7946000.0,
        "Selling General And Administration": 8000.0,
        "General And Administrative Expense": 8000.0,
        "Salaries And Wages": 8000.0,
        "Gross Profit": 8701000.0,
        "Cost Of Revenue": 45863000.0,
        "Total Revenue": 54564000.0,
        "Operating Revenue": 54564000.0
    },
    "2022-07-31": {
        "Tax Effect Of Unusual Items": 0.0,
        "Tax Rate For Calcs": 0.4,
        "Normalized EBITDA": 44000.0,
        "Net Income From Continuing Operation Net Minority Interest": -747000.0,
        "Reconciled Depreciation": 725000.0,
        "Reconciled Cost Of Revenue": 43927000.0,
        "EBITDA": 44000.0,
        "EBIT": 44000.0,
        "Net Interest Income": -384000.0,
        "Interest Expense": 384000.0,
        "Normalized Income": -747000.0,
        "Net Income From Continuing And Discontinued Operation": -747000.0,
        "Total Expenses": 50519000.0,
        "Total Operating Income As Reported": -396000.0,
        "Diluted Average Shares": 2807000.0,
        "Basic Average Shares": 2807000.0,
        "Diluted EPS": -0.27,
        "Basic EPS": -0.27,
        "Diluted NI Availto Com Stockholders": -747000.0,
        "Net Income Common Stockholders": -747000.0,
        "Net Income": -747000.0,
        "Minority Interests": -28000.0,
        "Net Income Including Noncontrolling Interests": -719000.0,
        "Net Income Continuous Operations": -719000.0,
        "Tax Provision": 379000.0,
        "Pretax Income": -340000.0,
        "Other Income Expense": 440000.0,
        "Other Non Operating Income Expenses": 440000.0,
        "Net Non Operating Interest Income Expense": -384000.0,
        "Interest Expense Non Operating": 384000.0,
        "Operating Income": -396000.0,
        "Operating Expense": 6592000.0,
        "Other Operating Expenses": 6592000.0,
        "Selling General And Administration": NaN,
        "General And Administrative Expense": NaN,
        "Salaries And Wages": NaN,
        "Gross Profit": 6196000.0,
        "Cost Of Revenue": 43927000.0,
        "Total Revenue": 50123000.0,
        "Operating Revenue": 50123000.0
    },
    "2022-04-30": {
        "Diluted EPS": -0.14,
        "Total Revenue": 50,
        "Gross Profit": 9,
        "Operating Income": 2,
        "EBIT": 3,
        "Net Income": 0
    },
    "2022-01-31": {
        "Diluted EPS": -0.47,
        "Total Revenue": 41,
        "Gross Profit": 6,
        "Operating Income": -1,
        "EBIT": 0,
        "Net Income": -1
    },
    "2021-10-31": {
        "Diluted EPS": -1.11,
        "Total Revenue": 39,
        "Gross Profit": 4,
        "Operating Income": -3,
        "EBIT": -2,
        "Net Income": -3
    },
    "2021-07-31": {
        "Diluted EPS": -0.48,
        "Total Revenue": 39,
        "Gross Profit": 6,
        "Operating Income": -1,
        "EBIT": 0,
        "Net Income": -1
    },
    "2021-04-30": {
        "Diluted EPS": -1.07,
        "Total Revenue": 39,
        "Gross Profit": 6,
        "Operating Income": -1,
        "EBIT": 0,
        "Net Income": -3
    },
    "2021-01-31": {
        "Diluted EPS": 0.03,
        "Total Revenue": 33,
        "Gross Profit": 6,
        "Operating Income": 0,
        "EBIT": 0,
        "Net Income": 0
    },
    "2020-10-31": {
        "Diluted EPS": -0.07,
        "Total Revenue": 39,
        "Gross Profit": 6,
        "Operating Income": 0,
        "EBIT": 1,
        "Net Income": 0
    },
    "2020-07-31": {
        "Diluted EPS": -0.22,
        "Total Revenue": 36,
        "Gross Profit": 6,
        "Operating Income": 0,
        "EBIT": 0,
        "Net Income": -1
    },
    "2020-04-30": {
        "Diluted EPS": -0.38,
        "Total Revenue": 34,
        "Gross Profit": 5,
        "Operating Income": -1,
        "EBIT": 0,
        "Net Income": -1
    },
    "2020-01-31": {
        "Diluted EPS": -0.7,
        "Total Revenue": 34,
        "Gross Profit": 5,
        "Operating Income": -2,
        "EBIT": -1,
        "Net Income": -2
    },
    "2019-10-31": {
        "Diluted EPS": -0.79,
        "Total Revenue": 40,
        "Gross Profit": 6,
        "Operating Income": 0,
        "EBIT": 1,
        "Net Income": -2
    },
    "2019-07-31": {
        "Diluted EPS": 0.17,
        "Total Revenue": 39,
        "Gross Profit": 7,
        "Operating Income": 1,
        "EBIT": 1,
        "Net Income": 0
    },
    "2019-04-30": {
        "Diluted EPS": -0.45,
        "Total Revenue": 35,
        "Gross Profit": 5,
        "Operating Income": -1,
        "EBIT": -1,
        "Net Income": -1
    },
    "2019-01-31": {
        "Diluted EPS": -0.01,
        "Total Revenue": 32,
        "Gross Profit": 5,
        "Operating Income": 0,
        "EBIT": 1,
        "Net Income": 0
    },
    "2018-10-31": {
        "Diluted EPS": 0.48,
        "Total Revenue": 37,
        "Gross Profit": 8,
        "Operating Income": 2,
        "EBIT": 2,
        "Net Income": 1
    },
    "2018-07-31": {
        "Diluted EPS": 0.53,
        "Total Revenue": 42,
        "Gross Profit": 8,
        "Operating Income": 2,
        "EBIT": 2,
        "Net Income": 1
    },
    "2018-04-30": {
        "Diluted EPS": 0.54,
        "Total Revenue": 45,
        "Gross Profit": 9,
        "Operating Income": 3,
        "EBIT": 4,
        "Net Income": 1
    },
    "2018-01-31": {
        "Diluted EPS": 0.32,
        "Total Revenue": 38,
        "Gross Profit": 8,
        "Operating Income": 2,
        "EBIT": 3,
        "Net Income": 1
    },
    "2017-10-31": {
        "Diluted EPS": 0.62,
        "Total Revenue": 41,
        "Gross Profit": 8,
        "Operating Income": 3,
        "EBIT": 3,
        "Net Income": 2
    },
    "2017-07-31": {
        "Diluted EPS": 0.42,
        "Total Revenue": 34,
        "Gross Profit": 7,
        "Operating Income": 2,
        "EBIT": 2,
        "Net Income": 1
    },
    "2017-04-30": {
        "Diluted EPS": 0.51,
        "Total Revenue": 35,
        "Gross Profit": 7,
        "Operating Income": 2,
        "EBIT": 2,
        "Net Income": 1
    },
    "2017-01-31": {
        "Diluted EPS": 0.13,
        "Total Revenue": 30,
        "Gross Profit": 5,
        "Operating Income": 0,
        "EBIT": 1,
        "Net Income": 0
    },
    "2016-10-31": {
        "Diluted EPS": 0.54,
        "Total Revenue": 36,
        "Gross Profit": 7,
        "Operating Income": 2,
        "EBIT": 3,
        "Net Income": 1
    },
    "2016-07-31": {
        "Diluted EPS": 0.48,
        "Total Revenue": 37,
        "Gross Profit": 7,
        "Operating Income": 2,
        "EBIT": 3,
        "Net Income": 1
    },
    "2016-04-30": {
        "Diluted EPS": 0.5,
        "Total Revenue": 34,
        "Gross Profit": 7,
        "Operating Income": 2,
        "EBIT": 3,
        "Net Income": 1
    },
    "2016-01-31": {
        "Diluted EPS": 0.31,
        "Total Revenue": 32,
        "Gross Profit": 5,
        "Operating Income": 1,
        "EBIT": 2,
        "Net Income": 1
    },
    "2015-10-31": {
        "Diluted EPS": 0.26,
        "Total Revenue": 31,
        "Gross Profit": 6,
        "Operating Income": 1,
        "EBIT": 2,
        "Net Income": 1
    },
    "2015-07-31": {
        "Diluted EPS": 0.35,
        "Total Revenue": 31,
        "Gross Profit": 6,
        "Operating Income": 2,
        "EBIT": 2,
        "Net Income": 1
    },
    "2015-04-30": {
        "Diluted EPS": 0.23,
        "Total Revenue": 30,
        "Gross Profit": 5,
        "Operating Income": 1,
        "EBIT": 2,
        "Net Income": 1
    },
    "2015-01-31": {
        "Diluted EPS": 0.18,
        "Total Revenue": 28,
        "Gross Profit": 4,
        "Operating Income": 1,
        "EBIT": 1,
        "Net Income": 0
    },
    "2014-10-31": {
        "Diluted EPS": 0.45,
        "Total Revenue": 30,
        "Gross Profit": 6,
        "Operating Income": 2,
        "EBIT": 3,
        "Net Income": 1
    },
    "2014-07-31": {
        "Diluted EPS": 0.47,
        "Total Revenue": 31,
        "Gross Profit": 6,
        "Operating Income": 2,
        "EBIT": 2,
        "Net Income": 1
    },
    "2014-04-30": {
        "Diluted EPS": 0.37,
        "Total Revenue": 27,
        "Gross Profit": 6,
        "Operating Income": 1,
        "EBIT": 2,
        "Net Income": 1
    },
    "2014-01-31": {
        "Diluted EPS": 0.22,
        "Total Revenue": 26,
        "Gross Profit": 5,
        "Operating Income": 1,
        "EBIT": 2,
        "Net Income": 1
    },
    "2013-10-31": {
        "Diluted EPS": 0.28,
        "Total Revenue": 26,
        "Gross Profit": 5,
        "Operating Income": 1,
        "EBIT": 2,
        "Net Income": 1
    },
    "2013-07-31": {
        "Diluted EPS": 0.61,
        "Total Revenue": 32,
        "Gross Profit": 7,
        "Operating Income": 2,
        "EBIT": 3,
        "Net Income": 2
    },
    "2013-04-30": {
        "Diluted EPS": 0.46,
        "Total Revenue": 32,
        "Gross Profit": 7,
        "Operating Income": 2,
        "EBIT": 3,
        "Net Income": 1
    },
    "2013-01-31": {
        "Diluted EPS": 0.21,
        "Total Revenue": 27,
        "Gross Profit": 5,
        "Operating Income": 1,
        "EBIT": 2,
        "Net Income": 1
    },
    "2012-10-31": {
        "Diluted EPS": 0.25,
        "Total Revenue": 31,
        "Gross Profit": 5,
        "Operating Income": 1,
        "EBIT": 2,
        "Net Income": 1
    },
    "2012-07-31": {
        "Diluted EPS": 0.25,
        "Total Revenue": 27,
        "Gross Profit": 5,
        "Operating Income": 1,
        "EBIT": 2,
        "Net Income": 1
    },
    "2012-04-30": {
        "Diluted EPS": 0.49,
        "Total Revenue": 29,
        "Gross Profit": 7,
        "Operating Income": 3,
        "EBIT": 4,
        "Net Income": 1
    },
    "2012-01-31": {
        "Diluted EPS": -0.05,
        "Total Revenue": 22,
        "Gross Profit": 4,
        "Operating Income": 0,
        "EBIT": 0,
        "Net Income": 0
    },
    "2011-10-31": {
        "Diluted EPS": -0.05,
        "Total Revenue": 26,
        "Gross Profit": 4,
        "Operating Income": 0,
        "EBIT": 1,
        "Net Income": 0
    },
    "2011-07-31": {
        "Diluted EPS": 0.01,
        "Total Revenue": 26,
        "Gross Profit": 4,
        "Operating Income": 0,
        "EBIT": 1,
        "Net Income": 0
    },
    "2011-04-30": {
        "Diluted EPS": 0.11,
        "Total Revenue": 27,
        "Gross Profit": 5,
        "Operating Income": 1,
        "EBIT": 1,
        "Net Income": 0
    },
    "2011-01-31": {
        "Diluted EPS": 0.03,
        "Total Revenue": 23,
        "Gross Profit": 4,
        "Operating Income": 0,
        "EBIT": 1,
        "Net Income": 0
    },
    "2010-10-31": {
        "Diluted EPS": 0.33,
        "Total Revenue": 26,
        "Gross Profit": 5,
        "Operating Income": 1,
        "EBIT": 2,
        "Net Income": 1
    },
    "2010-07-31": {
        "Diluted EPS": 0.25,
        "Total Revenue": 25,
        "Gross Profit": 5,
        "Operating Income": 1,
        "EBIT": 2,
        "Net Income": 1
    },
    "2010-04-30": {
        "Diluted EPS": 0.2,
        "Total Revenue": 24,
        "Gross Profit": 5,
        "Operating Income": 1,
        "EBIT": 1,
        "Net Income": 1
    },
    "2010-01-31": {
        "Diluted EPS": 0.24,
        "Total Revenue": 22,
        "Gross Profit": 5,
        "Operating Income": 1,
        "EBIT": 2,
        "Net Income": 1
    },
    "2009-10-31": {
        "Diluted EPS": 0.53,
        "Total Revenue": 27,
        "Gross Profit": 6,
        "Operating Income": 2,
        "EBIT": 3,
        "Net Income": 1
    },
    "2009-07-31": {
        "Diluted EPS": 0.42,
        "Total Revenue": 26,
        "Gross Profit": 6,
        "Operating Income": 2,
        "EBIT": 2,
        "Net Income": 1
    },
    "2009-04-30": {
        "Diluted EPS": 0.36,
        "Total Revenue": 25,
        "Gross Profit": 5,
        "Operating Income": 2,
        "EBIT": 2,
        "Net Income": 1
    },
    "2009-01-31": {
        "Diluted EPS": 0.35,
        "Total Revenue": 26,
        "Gross Profit": 5,
        "Operating Income": 1,
        "EBIT": 2,
        "Net Income": 1
    },
    "2023-07-31": {
        "Tax Effect Of Unusual Items": 0.0,
        "Tax Rate For Calcs": 0.263,
        "Normalized EBITDA": 4560000.0,
        "Net Income From Continuing Operation Net Minority Interest": 2474000.0,
        "Reconciled Depreciation": 718000.0,
        "Reconciled Cost Of Revenue": 37925000.0,
        "EBITDA": 4560000.0,
        "EBIT": 3842000.0,
        "Net Interest Income": -430000.0,
        "Interest Expense": 430000.0,
        "Normalized Income": 2474000.0,
        "Net Income From Continuing And Discontinued Operation": 2474000.0,
        "Total Expenses": 46072000.0,
        "Total Operating Income As Reported": 3808000.0,
        "Diluted Average Shares": 2885000.0,
        "Basic Average Shares": 2860000.0,
        "Diluted EPS": 0.86,
        "Basic EPS": 0.87,
        "Diluted NI Availto Com Stockholders": 2474000.0,
        "Net Income Common Stockholders": 2474000.0,
        "Net Income": 2474000.0,
        "Minority Interests": -41000.0,
        "Net Income Including Noncontrolling Interests": 2515000.0,
        "Net Income Continuous Operations": 2515000.0,
        "Tax Provision": 897000.0,
        "Pretax Income": 3412000.0,
        "Other Income Expense": 75000.0,
        "Other Non Operating Income Expenses": 75000.0,
        "Net Non Operating Interest Income Expense": -430000.0,
        "Interest Expense Non Operating": 430000.0,
        "Operating Income": 3767000.0,
        "Operating Expense": 8147000.0,
        "Other Operating Expenses": 8106000.0,
        "Selling General And Administration": 41000.0,
        "General And Administrative Expense": 41000.0,
        "Salaries And Wages": 41000.0,
        "Gross Profit": 11914000.0,
        "Cost Of Revenue": 37925000.0,
        "Total Revenue": 49839000.0,
        "Operating Revenue": 49839000.0
    },
    "2023-10-31": {
        "Tax Effect Of Unusual Items": 0.0,
        "Tax Rate For Calcs": 0.21,
        "Normalized EBITDA": 5987000.0,
        "Net Income From Continuing Operation Net Minority Interest": 2732000.0,
        "Reconciled Depreciation": 770000.0,
        "Reconciled Cost Of Revenue": 36968000.0,
        "EBITDA": 5987000.0,
        "EBIT": 5217000.0,
        "Net Interest Income": -372000.0,
        "Interest Expense": 372000.0,
        "Normalized Income": 2732000.0,
        "Net Income From Continuing And Discontinued Operation": 2732000.0,
        "Total Expenses": 45367000.0,
        "Total Operating Income As Reported": 5109000.0,
        "Diluted Average Shares": 2931000.0,
        "Basic Average Shares": 2903000.0,
        "Diluted EPS": 0.93,
        "Basic EPS": 0.94,
        "Diluted NI Availto Com Stockholders": 2732000.0,
        "Net Income Common Stockholders": 2732000.0,
        "Net Income": 2732000.0,
        "Minority Interests": -98000.0,
        "Net Income Including Noncontrolling Interests": 2830000.0,
        "Net Income Continuous Operations": 2830000.0,
        "Tax Provision": 2015000.0,
        "Pretax Income": 4845000.0,
        "Other Income Expense": 148000.0,
        "Other Non Operating Income Expenses": 148000.0,
        "Net Non Operating Interest Income Expense": -372000.0,
        "Interest Expense Non Operating": 372000.0,
        "Operating Income": 5069000.0,
        "Operating Expense": 8399000.0,
        "Other Operating Expenses": 8359000.0,
        "Selling General And Administration": 40000.0,
        "General And Administrative Expense": 40000.0,
        "Salaries And Wages": 40000.0,
        "Gross Profit": 13468000.0,
        "Cost Of Revenue": 36968000.0,
        "Total Revenue": 50436000.0,
        "Operating Revenue": 50436000.0
    },
    "2024-01-31": {
        "Tax Effect Of Unusual Items": 0.0,
        "Tax Rate For Calcs": 0.279,
        "Normalized EBITDA": 4743000.0,
        "Net Income From Continuing Operation Net Minority Interest": 2521000.0,
        "Reconciled Depreciation": 817000.0,
        "Reconciled Cost Of Revenue": 34749000.0,
        "EBITDA": 4743000.0,
        "EBIT": 3926000.0,
        "Net Interest Income": -411000.0,
        "Interest Expense": 411000.0,
        "Normalized Income": 2521000.0,
        "Net Income From Continuing And Discontinued Operation": 2521000.0,
        "Total Expenses": 43013000.0,
        "Total Operating Income As Reported": 3806000.0,
        "Diluted Average Shares": 2965000.0,
        "Basic Average Shares": 2893000.0,
        "Diluted EPS": 0.85,
        "Basic EPS": 0.87,
        "Diluted NI Availto Com Stockholders": 2521000.0,
        "Net Income Common Stockholders": 2521000.0,
        "Net Income": 2521000.0,
        "Minority Interests": -12000.0,
        "Net Income Including Noncontrolling Interests": 2533000.0,
        "Net Income Continuous Operations": 2533000.0,
        "Tax Provision": 982000.0,
        "Pretax Income": 3515000.0,
        "Other Income Expense": 161000.0,
        "Other Non Operating Income Expenses": 161000.0,
        "Net Non Operating Interest Income Expense": -411000.0,
        "Interest Expense Non Operating": 411000.0,
        "Operating Income": 3765000.0,
        "Operating Expense": 8264000.0,
        "Other Operating Expenses": 8223000.0,
        "Selling General And Administration": 41000.0,
        "General And Administrative Expense": 41000.0,
        "Salaries And Wages": 41000.0,
        "Gross Profit": 12029000.0,
        "Cost Of Revenue": 34749000.0,
        "Total Revenue": 46778000.0,
        "Operating Revenue": 46778000.0
    }
}