{
    "2023-06-30": {
        "Tax Effect Of Unusual Items": 117322.425863,
        "Tax Rate For Calcs": 0.248564,
        "Normalized EBITDA": 139789000.0,
        "Total Unusual Items": 472000.0,
        "Total Unusual Items Excluding Goodwill": 472000.0,
        "Net Income From Continuing Operation Net Minority Interest": 57367000.0,
        "Reconciled Depreciation": 51697000.0,
        "Reconciled Cost Of Revenue": 597766000.0,
        "EBITDA": 140261000.0,
        "EBIT": 88564000.0,
        "Net Interest Income": -12286000.0,
        "Interest Expense": 12286000.0,
        "Normalized Income": 57012322.425863,
        "Net Income From Continuing And Discontinued Operation": 57367000.0,
        "Total Expenses": 690420000.0,
        "Total Operating Income As Reported": 87300000.0,
        "Diluted Average Shares": 60085000.0,
        "Basic Average Shares": 59806000.0,
        "Diluted EPS": 0.95,
        "Basic EPS": 0.96,
        "Diluted NI Availto Com Stockholders": 57345000.0,
        "Average Dilution Earnings": 0.0,
        "Net Income Common Stockholders": 57345000.0,
        "Otherunder Preferred Stock Dividend": 22000.0,
        "Net Income": 57367000.0,
        "Minority Interests": 49000.0,
        "Net Income Including Noncontrolling Interests": 57318000.0,
        "Net Income Continuous Operations": 57318000.0,
        "Tax Provision": 18960000.0,
        "Pretax Income": 76278000.0,
        "Other Income Expense": 1736000.0,
        "Other Non Operating Income Expenses": 1264000.0,
        "Special Income Charges": 472000.0,
        "Gain On Sale Of Ppe": 472000.0,
        "Net Non Operating Interest Income Expense": -12286000.0,
        "Interest Expense Non Operating": 12286000.0,
        "Operating Income": 86828000.0,
        "Operating Expense": 92654000.0,
        "Other Taxes": 9758000.0,
        "Selling General And Administration": 82896000.0,
        "Gross Profit": 179482000.0,
        "Cost Of Revenue": 597766000.0,
        "Total Revenue": 777248000.0,
        "Operating Revenue": 777248000.0
    },
    "2023-03-31": {
        "Tax Effect Of Unusual Items": 573122.073456,
        "Tax Rate For Calcs": 0.257005,
        "Normalized EBITDA": 116772000.0,
        "Total Unusual Items": 2230000.0,
        "Total Unusual Items Excluding Goodwill": 2230000.0,
        "Net Income From Continuing Operation Net Minority Interest": 40698000.0,
        "Reconciled Depreciation": 51109000.0,
        "Reconciled Cost Of Revenue": 593189000.0,
        "EBITDA": 119002000.0,
        "EBIT": 67893000.0,
        "Net Interest Income": -13221000.0,
        "Interest Expense": 13221000.0,
        "Normalized Income": 39041122.073456,
        "Net Income From Continuing And Discontinued Operation": 40698000.0,
        "Total Expenses": 691224000.0,
        "Total Operating Income As Reported": 61450000.0,
        "Diluted Average Shares": 60272000.0,
        "Basic Average Shares": 59978000.0,
        "Diluted EPS": 0.68,
        "Basic EPS": 0.68,
        "Diluted NI Availto Com Stockholders": 40696000.0,
        "Average Dilution Earnings": 0.0,
        "Net Income Common Stockholders": 40696000.0,
        "Otherunder Preferred Stock Dividend": 2000.0,
        "Net Income": 40698000.0,
        "Minority Interests": 77000.0,
        "Net Income Including Noncontrolling Interests": 40621000.0,
        "Net Income Continuous Operations": 40621000.0,
        "Tax Provision": 14051000.0,
        "Pretax Income": 54672000.0,
        "Other Income Expense": 8673000.0,
        "Other Non Operating Income Expenses": 6443000.0,
        "Special Income Charges": 2230000.0,
        "Gain On Sale Of Ppe": 2230000.0,
        "Write Off": NaN,
        "Net Non Operating Interest Income Expense": -13221000.0,
        "Interest Expense Non Operating": 13221000.0,
        "Operating Income": 59220000.0,
        "Operating Expense": 98035000.0,
        "Other Taxes": 9186000.0,
        "Selling General And Administration": 88849000.0,
        "Gross Profit": 157255000.0,
        "Cost Of Revenue": 593189000.0,
        "Total Revenue": 750444000.0,
        "Operating Revenue": 750444000.0
    },
    "2022-12-31": {
        "Tax Effect Of Unusual Items": NaN,
        "Tax Rate For Calcs": NaN,
        "Normalized EBITDA": NaN,
        "Total Unusual Items": NaN,
        "Total Unusual Items Excluding Goodwill": NaN,
        "Net Income From Continuing Operation Net Minority Interest": NaN,
        "Reconciled Depreciation": NaN,
        "Reconciled Cost Of Revenue": NaN,
        "EBITDA": NaN,
        "EBIT": NaN,
        "Net Interest Income": NaN,
        "Interest Expense": NaN,
        "Normalized Income": NaN,
        "Net Income From Continuing And Discontinued Operation": NaN,
        "Total Expenses": NaN,
        "Total Operating Income As Reported": NaN,
        "Diluted Average Shares": NaN,
        "Basic Average Shares": NaN,
        "Diluted EPS": NaN,
        "Basic EPS": NaN,
        "Diluted NI Availto Com Stockholders": NaN,
        "Average Dilution Earnings": NaN,
        "Net Income Common Stockholders": NaN,
        "Otherunder Preferred Stock Dividend": NaN,
        "Net Income": NaN,
        "Minority Interests": NaN,
        "Net Income Including Noncontrolling Interests": NaN,
        "Net Income Continuous Operations": NaN,
        "Tax Provision": NaN,
        "Pretax Income": NaN,
        "Other Income Expense": NaN,
        "Other Non Operating Income Expenses": NaN,
        "Special Income Charges": NaN,
        "Gain On Sale Of Ppe": NaN,
        "Write Off": 0.0,
        "Net Non Operating Interest Income Expense": NaN,
        "Interest Expense Non Operating": NaN,
        "Operating Income": NaN,
        "Operating Expense": NaN,
        "Other Taxes": NaN,
        "Selling General And Administration": NaN,
        "Gross Profit": NaN,
        "Cost Of Revenue": NaN,
        "Total Revenue": NaN,
        "Operating Revenue": NaN
    },
    "2022-09-30": {
        "Tax Effect Of Unusual Items": NaN,
        "Tax Rate For Calcs": NaN,
        "Normalized EBITDA": NaN,
        "Total Unusual Items": NaN,
        "Total Unusual Items Excluding Goodwill": NaN,
        "Net Income From Continuing Operation Net Minority Interest": NaN,
        "Reconciled Depreciation": NaN,
        "Reconciled Cost Of Revenue": NaN,
        "EBITDA": NaN,
        "EBIT": NaN,
        "Net Interest Income": NaN,
        "Interest Expense": NaN,
        "Normalized Income": NaN,
        "Net Income From Continuing And Discontinued Operation": NaN,
        "Total Expenses": NaN,
        "Total Operating Income As Reported": NaN,
        "Diluted Average Shares": NaN,
        "Basic Average Shares": NaN,
        "Diluted EPS": NaN,
        "Basic EPS": NaN,
        "Diluted NI Availto Com Stockholders": NaN,
        "Average Dilution Earnings": NaN,
        "Net Income Common Stockholders": NaN,
        "Otherunder Preferred Stock Dividend": NaN,
        "Net Income": NaN,
        "Minority Interests": NaN,
        "Net Income Including Noncontrolling Interests": NaN,
        "Net Income Continuous Operations": NaN,
        "Tax Provision": NaN,
        "Pretax Income": NaN,
        "Other Income Expense": NaN,
        "Other Non Operating Income Expenses": NaN,
        "Special Income Charges": NaN,
        "Gain On Sale Of Ppe": NaN,
        "Write Off": 0.0,
        "Net Non Operating Interest Income Expense": NaN,
        "Interest Expense Non Operating": NaN,
        "Operating Income": NaN,
        "Operating Expense": NaN,
        "Other Taxes": NaN,
        "Selling General And Administration": NaN,
        "Gross Profit": NaN,
        "Cost Of Revenue": NaN,
        "Total Revenue": NaN,
        "Operating Revenue": NaN
    },
    "2022-06-30": {
        "Tax Effect Of Unusual Items": 763885.10445,
        "Tax Rate For Calcs": 0.278282,
        "Normalized EBITDA": 47531000.0,
        "Total Unusual Items": 2745000.0,
        "Total Unusual Items Excluding Goodwill": 2745000.0,
        "Net Income From Continuing Operation Net Minority Interest": 28457000.0,
        "Reconciled Depreciation": 50115000.0,
        "Reconciled Cost Of Revenue": 573977000.0,
        "EBITDA": 50276000.0,
        "EBIT": 50276000.0,
        "Net Interest Income": -10640000.0,
        "Interest Expense": 10640000.0,
        "Normalized Income": 26475885.10445,
        "Net Income From Continuing And Discontinued Operation": 28457000.0,
        "Total Expenses": 654173000.0,
        "Total Operating Income As Reported": 46536000.0,
        "Diluted Average Shares": 60467000.0,
        "Basic Average Shares": 60202000.0,
        "Diluted EPS": 0.47,
        "Basic EPS": 0.47,
        "Diluted NI Availto Com Stockholders": 28457000.0,
        "Average Dilution Earnings": 0.0,
        "Net Income Common Stockholders": 28457000.0,
        "Otherunder Preferred Stock Dividend": 10000.0,
        "Net Income": 28457000.0,
        "Minority Interests": -149000.0,
        "Net Income Including Noncontrolling Interests": 28606000.0,
        "Net Income Continuous Operations": 28606000.0,
        "Tax Provision": 11030000.0,
        "Pretax Income": 39636000.0,
        "Other Income Expense": 6485000.0,
        "Other Non Operating Income Expenses": 3740000.0,
        "Special Income Charges": 2745000.0,
        "Gain On Sale Of Ppe": 2745000.0,
        "Write Off": NaN,
        "Impairment Of Capital Assets": NaN,
        "Net Non Operating Interest Income Expense": -10640000.0,
        "Interest Expense Non Operating": 10640000.0,
        "Operating Income": 43791000.0,
        "Operating Expense": 80196000.0,
        "Other Taxes": 9621000.0,
        "Selling General And Administration": 70575000.0,
        "Gross Profit": 123987000.0,
        "Cost Of Revenue": 573977000.0,
        "Total Revenue": 697964000.0,
        "Operating Revenue": 697964000.0
    },
    "2022-03-31": {
        "Diluted EPS": 0.29,
        "Total Revenue": 611,
        "Gross Profit": 160,
        "Operating Income": 30,
        "EBIT": 93,
        "Net Income": 17
    },
    "2021-12-31": {
        "Diluted EPS": 0.19,
        "Total Revenue": 591,
        "Gross Profit": 157,
        "Operating Income": 32,
        "EBIT": 92,
        "Net Income": 11
    },
    "2021-09-30": {
        "Diluted EPS": -4.41,
        "Total Revenue": 599,
        "Gross Profit": 152,
        "Operating Income": -317,
        "EBIT": -251,
        "Net Income": -265
    },
    "2021-06-30": {
        "Diluted EPS": 0.17,
        "Total Revenue": 560,
        "Gross Profit": 150,
        "Operating Income": 24,
        "EBIT": 91,
        "Net Income": 10
    },
    "2021-03-31": {
        "Diluted EPS": -0.06,
        "Total Revenue": 497,
        "Gross Profit": 134,
        "Operating Income": 3,
        "EBIT": 72,
        "Net Income": -3
    },
    "2020-12-31": {
        "Diluted EPS": 0.37,
        "Total Revenue": 490,
        "Gross Profit": 147,
        "Operating Income": 25,
        "EBIT": 91,
        "Net Income": 22
    },
    "2020-09-30": {
        "Diluted EPS": 0.46,
        "Total Revenue": 497,
        "Gross Profit": 156,
        "Operating Income": 30,
        "EBIT": 95,
        "Net Income": 27
    },
    "2020-06-30": {
        "Diluted EPS": 0.42,
        "Total Revenue": 541,
        "Gross Profit": 168,
        "Operating Income": 34,
        "EBIT": 99,
        "Net Income": 25
    },
    "2020-03-31": {
        "Diluted EPS": -5.8,
        "Total Revenue": 644,
        "Gross Profit": 190,
        "Operating Income": -510,
        "EBIT": -441,
        "Net Income": -347
    },
    "2019-12-31": {
        "Diluted EPS": 0.04,
        "Total Revenue": 656,
        "Gross Profit": 185,
        "Operating Income": 16,
        "EBIT": 80,
        "Net Income": 3
    },
    "2019-09-30": {
        "Diluted EPS": 0.8,
        "Total Revenue": 667,
        "Gross Profit": 208,
        "Operating Income": 78,
        "EBIT": 142,
        "Net Income": 48
    },
    "2019-06-30": {
        "Diluted EPS": 0.79,
        "Total Revenue": 771,
        "Gross Profit": 208,
        "Operating Income": 76,
        "EBIT": 139,
        "Net Income": 47
    },
    "2019-03-31": {
        "Diluted EPS": 0.74,
        "Total Revenue": 745,
        "Gross Profit": 208,
        "Operating Income": 72,
        "EBIT": 137,
        "Net Income": 44
    },
    "2018-12-31": {
        "Diluted EPS": -0.41,
        "Total Revenue": 721,
        "Gross Profit": 201,
        "Operating Income": -19,
        "EBIT": 45,
        "Net Income": -25
    },
    "2018-09-30": {
        "Diluted EPS": 0.7,
        "Total Revenue": 705,
        "Gross Profit": 206,
        "Operating Income": 68,
        "EBIT": 135,
        "Net Income": 42
    },
    "2018-06-30": {
        "Diluted EPS": 0.48,
        "Total Revenue": 803,
        "Gross Profit": 214,
        "Operating Income": 56,
        "EBIT": 123,
        "Net Income": 28
    },
    "2018-03-31": {
        "Diluted EPS": 0.54,
        "Total Revenue": 742,
        "Gross Profit": 188,
        "Operating Income": 51,
        "EBIT": 118,
        "Net Income": 32
    },
    "2017-12-31": {
        "Diluted EPS": 4.11,
        "Total Revenue": 708,
        "Gross Profit": 198,
        "Operating Income": -53,
        "EBIT": 11,
        "Net Income": 230
    },
    "2017-09-30": {
        "Diluted EPS": 0.52,
        "Total Revenue": 541,
        "Gross Profit": 163,
        "Operating Income": 53,
        "EBIT": 113,
        "Net Income": 28
    },
    "2017-06-30": {
        "Diluted EPS": 0.48,
        "Total Revenue": 473,
        "Gross Profit": 149,
        "Operating Income": 47,
        "EBIT": 104,
        "Net Income": 26
    },
    "2017-03-31": {
        "Diluted EPS": 0.51,
        "Total Revenue": 492,
        "Gross Profit": 147,
        "Operating Income": 46,
        "EBIT": 102,
        "Net Income": 27
    },
    "2016-12-31": {
        "Diluted EPS": 0.6,
        "Total Revenue": 436,
        "Gross Profit": 159,
        "Operating Income": 59,
        "EBIT": 120,
        "Net Income": 32
    },
    "2016-09-30": {
        "Diluted EPS": 0.59,
        "Total Revenue": 435,
        "Gross Profit": 153,
        "Operating Income": 56,
        "EBIT": 115,
        "Net Income": 32
    },
    "2016-06-30": {
        "Diluted EPS": 0.72,
        "Total Revenue": 442,
        "Gross Profit": 165,
        "Operating Income": 67,
        "EBIT": 124,
        "Net Income": 39
    },
    "2016-03-31": {
        "Diluted EPS": 0.71,
        "Total Revenue": 459,
        "Gross Profit": 170,
        "Operating Income": 65,
        "EBIT": 121,
        "Net Income": 38
    },
    "2015-12-31": {
        "Diluted EPS": 0.94,
        "Total Revenue": 484,
        "Gross Profit": 183,
        "Operating Income": 84,
        "EBIT": 142,
        "Net Income": 51
    },
    "2015-09-30": {
        "Diluted EPS": 1.04,
        "Total Revenue": 533,
        "Gross Profit": 199,
        "Operating Income": 95,
        "EBIT": 155,
        "Net Income": 57
    },
    "2015-06-30": {
        "Diluted EPS": 1.04,
        "Total Revenue": 543,
        "Gross Profit": 199,
        "Operating Income": 98,
        "EBIT": 153,
        "Net Income": 58
    },
    "2015-03-31": {
        "Diluted EPS": 1.09,
        "Total Revenue": 588,
        "Gross Profit": 203,
        "Operating Income": 103,
        "EBIT": 157,
        "Net Income": 61
    },
    "2014-12-31": {
        "Diluted EPS": 1.19,
        "Total Revenue": 668,
        "Gross Profit": 217,
        "Operating Income": 114,
        "EBIT": 168,
        "Net Income": 66
    },
    "2014-09-30": {
        "Diluted EPS": 1.34,
        "Total Revenue": 681,
        "Gross Profit": 224,
        "Operating Income": 128,
        "EBIT": 178,
        "Net Income": 77
    },
    "2014-06-30": {
        "Diluted EPS": 1.31,
        "Total Revenue": 628,
        "Gross Profit": 225,
        "Operating Income": 127,
        "EBIT": 179,
        "Net Income": 75
    },
    "2014-03-31": {
        "Diluted EPS": 1.09,
        "Total Revenue": 589,
        "Gross Profit": 206,
        "Operating Income": 107,
        "EBIT": 150,
        "Net Income": 62
    },
    "2013-12-31": {
        "Diluted EPS": 1.12,
        "Total Revenue": 568,
        "Gross Profit": 203,
        "Operating Income": 109,
        "EBIT": 162,
        "Net Income": 64
    },
    "2013-09-30": {
        "Diluted EPS": 1.21,
        "Total Revenue": 551,
        "Gross Profit": 207,
        "Operating Income": 118,
        "EBIT": 164,
        "Net Income": 69
    },
    "2013-06-30": {
        "Diluted EPS": 1.11,
        "Total Revenue": 564,
        "Gross Profit": 194,
        "Operating Income": 109,
        "EBIT": 152,
        "Net Income": 63
    },
    "2013-03-31": {
        "Diluted EPS": 1.0,
        "Total Revenue": 559,
        "Gross Profit": 190,
        "Operating Income": 100,
        "EBIT": 143,
        "Net Income": 56
    },
    "2012-12-31": {
        "Diluted EPS": 1.02,
        "Total Revenue": 513,
        "Gross Profit": 178,
        "Operating Income": 99,
        "EBIT": 140,
        "Net Income": 57
    },
    "2012-09-30": {
        "Diluted EPS": 0.95,
        "Total Revenue": 521,
        "Gross Profit": 176,
        "Operating Income": 93,
        "EBIT": 131,
        "Net Income": 53
    },
    "2012-06-30": {
        "Diluted EPS": 0.85,
        "Total Revenue": 512,
        "Gross Profit": 166,
        "Operating Income": 84,
        "EBIT": 121,
        "Net Income": 47
    },
    "2012-03-31": {
        "Diluted EPS": 0.91,
        "Total Revenue": 567,
        "Gross Profit": 183,
        "Operating Income": 89,
        "EBIT": 127,
        "Net Income": 51
    },
    "2011-12-31": {
        "Diluted EPS": 1.02,
        "Total Revenue": 550,
        "Gross Profit": 181,
        "Operating Income": 93,
        "EBIT": 131,
        "Net Income": 56
    },
    "2011-09-30": {
        "Diluted EPS": 0.94,
        "Total Revenue": 564,
        "Gross Profit": 185,
        "Operating Income": 92,
        "EBIT": 132,
        "Net Income": 52
    },
    "2011-06-30": {
        "Diluted EPS": 0.77,
        "Total Revenue": 437,
        "Gross Profit": 142,
        "Operating Income": 71,
        "EBIT": 102,
        "Net Income": 41
    },
    "2011-03-31": {
        "Diluted EPS": 0.6,
        "Total Revenue": 299,
        "Gross Profit": 114,
        "Operating Income": 56,
        "EBIT": 83,
        "Net Income": 32
    },
    "2010-12-31": {
        "Diluted EPS": 0.58,
        "Total Revenue": 286,
        "Gross Profit": 109,
        "Operating Income": 54,
        "EBIT": 80,
        "Net Income": 30
    },
    "2010-09-30": {
        "Diluted EPS": 0.57,
        "Total Revenue": 281,
        "Gross Profit": 109,
        "Operating Income": 53,
        "EBIT": 79,
        "Net Income": 31
    },
    "2010-06-30": {
        "Diluted EPS": 0.54,
        "Total Revenue": 274,
        "Gross Profit": 105,
        "Operating Income": 51,
        "EBIT": 76,
        "Net Income": 29
    },
    "2010-03-31": {
        "Diluted EPS": 0.46,
        "Total Revenue": 268,
        "Gross Profit": 103,
        "Operating Income": 43,
        "EBIT": 71,
        "Net Income": 25
    },
    "2009-12-31": {
        "Diluted EPS": 0.54,
        "Total Revenue": 260,
        "Gross Profit": 109,
        "Operating Income": 50,
        "EBIT": 79,
        "Net Income": 28
    },
    "2009-09-30": {
        "Diluted EPS": 0.65,
        "Total Revenue": 272,
        "Gross Profit": 115,
        "Operating Income": 60,
        "EBIT": 87,
        "Net Income": 35
    },
    "2009-06-30": {
        "Diluted EPS": 0.63,
        "Total Revenue": 273,
        "Gross Profit": 112,
        "Operating Income": 58,
        "EBIT": 82,
        "Net Income": 34
    },
    "2009-03-31": {
        "Diluted EPS": 0.52,
        "Total Revenue": 278,
        "Gross Profit": 109,
        "Operating Income": 49,
        "EBIT": 73,
        "Net Income": 28
    },
    "2023-09-30": {
        "Tax Effect Of Unusual Items": 350038.127401,
        "Tax Rate For Calcs": 0.229083,
        "Normalized EBITDA": 147029000.0,
        "Total Unusual Items": 1528000.0,
        "Total Unusual Items Excluding Goodwill": 1528000.0,
        "Net Income From Continuing Operation Net Minority Interest": 62964000.0,
        "Reconciled Depreciation": 53445000.0,
        "Reconciled Cost Of Revenue": 583986000.0,
        "EBITDA": 148557000.0,
        "EBIT": 95112000.0,
        "Net Interest Income": -13386000.0,
        "Interest Expense": 13386000.0,
        "Normalized Income": 61786038.127401,
        "Net Income From Continuing And Discontinued Operation": 62964000.0,
        "Total Expenses": 672777000.0,
        "Total Operating Income As Reported": 93523000.0,
        "Diluted Average Shares": 59746000.0,
        "Basic Average Shares": 59383000.0,
        "Diluted EPS": 1.05,
        "Basic EPS": 1.06,
        "Diluted NI Availto Com Stockholders": 62933000.0,
        "Average Dilution Earnings": 0.0,
        "Net Income Common Stockholders": 62933000.0,
        "Otherunder Preferred Stock Dividend": 31000.0,
        "Net Income": 62964000.0,
        "Minority Interests": -40000.0,
        "Net Income Including Noncontrolling Interests": 63004000.0,
        "Net Income Continuous Operations": 63004000.0,
        "Tax Provision": 18722000.0,
        "Pretax Income": 81726000.0,
        "Other Income Expense": 3117000.0,
        "Other Non Operating Income Expenses": 1589000.0,
        "Special Income Charges": 1528000.0,
        "Gain On Sale Of Ppe": 1528000.0,
        "Net Non Operating Interest Income Expense": -13386000.0,
        "Interest Expense Non Operating": 13386000.0,
        "Operating Income": 91995000.0,
        "Operating Expense": 88791000.0,
        "Other Taxes": 9666000.0,
        "Selling General And Administration": 79125000.0,
        "Gross Profit": 180786000.0,
        "Cost Of Revenue": 583986000.0,
        "Total Revenue": 764772000.0,
        "Operating Revenue": 764772000.0
    },
    "2023-12-31": {
        "Tax Effect Of Unusual Items": 186378.875124,
        "Tax Rate For Calcs": 0.239254,
        "Normalized EBITDA": 148690000.0,
        "Total Unusual Items": 779000.0,
        "Total Unusual Items Excluding Goodwill": 779000.0,
        "Net Income From Continuing Operation Net Minority Interest": 61906000.0,
        "Reconciled Depreciation": 54905000.0,
        "Reconciled Cost Of Revenue": 616637000.0,
        "EBITDA": 149469000.0,
        "EBIT": 94564000.0,
        "Net Interest Income": -13115000.0,
        "Interest Expense": 13115000.0,
        "Normalized Income": 61313378.875124,
        "Net Income From Continuing And Discontinued Operation": 61906000.0,
        "Total Expenses": 707136000.0,
        "Total Operating Income As Reported": 92819000.0,
        "Diluted Average Shares": 59335000.0,
        "Basic Average Shares": 58970000.0,
        "Diluted EPS": 1.04,
        "Basic EPS": 1.05,
        "Diluted NI Availto Com Stockholders": 61894000.0,
        "Average Dilution Earnings": 0.0,
        "Net Income Common Stockholders": 61894000.0,
        "Otherunder Preferred Stock Dividend": 12000.0,
        "Net Income": 61906000.0,
        "Minority Interests": -56000.0,
        "Net Income Including Noncontrolling Interests": 61962000.0,
        "Net Income Continuous Operations": 61962000.0,
        "Tax Provision": 19487000.0,
        "Pretax Income": 81449000.0,
        "Other Income Expense": 2524000.0,
        "Other Non Operating Income Expenses": 1745000.0,
        "Special Income Charges": 779000.0,
        "Gain On Sale Of Ppe": 779000.0,
        "Net Non Operating Interest Income Expense": -13115000.0,
        "Interest Expense Non Operating": 13115000.0,
        "Operating Income": 92040000.0,
        "Operating Expense": 90499000.0,
        "Other Taxes": 6156000.0,
        "Selling General And Administration": 84343000.0,
        "Gross Profit": 182539000.0,
        "Cost Of Revenue": 616637000.0,
        "Total Revenue": 799176000.0,
        "Operating Revenue": 799176000.0
    },
    "2024-03-31": {
        "Tax Effect Of Unusual Items": 17543.719514,
        "Tax Rate For Calcs": 0.237077,
        "Normalized EBITDA": 162360000.0,
        "Total Unusual Items": 74000.0,
        "Total Unusual Items Excluding Goodwill": 74000.0,
        "Net Income From Continuing Operation Net Minority Interest": 70068000.0,
        "Reconciled Depreciation": 57642000.0,
        "Reconciled Cost Of Revenue": 608323000.0,
        "EBITDA": 162434000.0,
        "EBIT": 104792000.0,
        "Net Interest Income": -13151000.0,
        "Interest Expense": 13151000.0,
        "Normalized Income": 70011543.719514,
        "Net Income From Continuing And Discontinued Operation": 70068000.0,
        "Total Expenses": 706573000.0,
        "Total Operating Income As Reported": 101523000.0,
        "Diluted Average Shares": 58819000.0,
        "Basic Average Shares": 58472000.0,
        "Diluted EPS": 1.19,
        "Basic EPS": 1.2,
        "Diluted NI Availto Com Stockholders": 70067000.0,
        "Average Dilution Earnings": 0.0,
        "Net Income Common Stockholders": 70067000.0,
        "Otherunder Preferred Stock Dividend": 1000.0,
        "Net Income": 70068000.0,
        "Minority Interests": 153000.0,
        "Net Income Including Noncontrolling Interests": 69915000.0,
        "Net Income Continuous Operations": 69915000.0,
        "Tax Provision": 21726000.0,
        "Pretax Income": 91641000.0,
        "Other Income Expense": 3343000.0,
        "Other Non Operating Income Expenses": 3269000.0,
        "Special Income Charges": 74000.0,
        "Gain On Sale Of Ppe": 74000.0,
        "Net Non Operating Interest Income Expense": -13151000.0,
        "Interest Expense Non Operating": 13151000.0,
        "Operating Income": 101449000.0,
        "Operating Expense": 98250000.0,
        "Other Taxes": 8044000.0,
        "Selling General And Administration": 90206000.0,
        "Gross Profit": 199699000.0,
        "Cost Of Revenue": 608323000.0,
        "Total Revenue": 808022000.0,
        "Operating Revenue": 808022000.0
    },
    "2024-06-30": {
        "Tax Effect Of Unusual Items": 124534.157285,
        "Tax Rate For Calcs": 0.241814,
        "Normalized EBITDA": 182553000.0,
        "Total Unusual Items": 515000.0,
        "Total Unusual Items Excluding Goodwill": 515000.0,
        "Net Income From Continuing Operation Net Minority Interest": 83854000.0,
        "Reconciled Depreciation": 59482000.0,
        "Reconciled Cost Of Revenue": 613714000.0,
        "EBITDA": 183068000.0,
        "EBIT": 123586000.0,
        "Net Interest Income": -12819000.0,
        "Interest Expense": 12819000.0,
        "Normalized Income": 83463534.157285,
        "Net Income From Continuing And Discontinued Operation": 83854000.0,
        "Total Expenses": 704407000.0,
        "Total Operating Income As Reported": 120498000.0,
        "Diluted Average Shares": 58592000.0,
        "Basic Average Shares": 58181000.0,
        "Diluted EPS": 1.43,
        "Basic EPS": 1.44,
        "Diluted NI Availto Com Stockholders": 83841000.0,
        "Average Dilution Earnings": 0.0,
        "Net Income Common Stockholders": 83841000.0,
        "Otherunder Preferred Stock Dividend": 13000.0,
        "Net Income": 83854000.0,
        "Minority Interests": -128000.0,
        "Net Income Including Noncontrolling Interests": 83982000.0,
        "Net Income Continuous Operations": 83982000.0,
        "Tax Provision": 26785000.0,
        "Pretax Income": 110767000.0,
        "Other Income Expense": 3603000.0,
        "Other Non Operating Income Expenses": 3088000.0,
        "Special Income Charges": 515000.0,
        "Gain On Sale Of Ppe": 515000.0,
        "Net Non Operating Interest Income Expense": -12819000.0,
        "Interest Expense Non Operating": 12819000.0,
        "Operating Income": 119983000.0,
        "Operating Expense": 90693000.0,
        "Other Taxes": 10310000.0,
        "Selling General And Administration": 80383000.0,
        "Gross Profit": 210676000.0,
        "Cost Of Revenue": 613714000.0,
        "Total Revenue": 824390000.0,
        "Operating Revenue": 824390000.0
    }
}