{
    "2023-04-30": {
        "Tax Effect Of Unusual Items": 0.0,
        "Tax Rate For Calcs": 0.218,
        "Normalized EBITDA": 436000000.0,
        "Net Income From Continuing Operation Net Minority Interest": 283000000.0,
        "Reconciled Depreciation": 55000000.0,
        "Reconciled Cost Of Revenue": 481000000.0,
        "EBITDA": 436000000.0,
        "EBIT": 381000000.0,
        "Net Interest Income": 2000000.0,
        "Interest Expense": 20000000.0,
        "Interest Income": 22000000.0,
        "Normalized Income": 283000000.0,
        "Net Income From Continuing And Discontinued Operation": 283000000.0,
        "Total Expenses": 1036000000.0,
        "Total Operating Income As Reported": 354000000.0,
        "Diluted Average Shares": 179000000.0,
        "Basic Average Shares": 178000000.0,
        "Diluted EPS": 1.58,
        "Basic EPS": 1.59,
        "Diluted NI Availto Com Stockholders": 283000000.0,
        "Net Income Common Stockholders": 283000000.0,
        "Net Income": 283000000.0,
        "Net Income Including Noncontrolling Interests": 283000000.0,
        "Net Income Continuous Operations": 283000000.0,
        "Tax Provision": 78000000.0,
        "Pretax Income": 361000000.0,
        "Other Income Expense": 5000000.0,
        "Other Non Operating Income Expenses": 5000000.0,
        "Net Non Operating Interest Income Expense": 2000000.0,
        "Interest Expense Non Operating": 20000000.0,
        "Interest Income Non Operating": 22000000.0,
        "Operating Income": 354000000.0,
        "Operating Expense": 555000000.0,
        "Other Operating Expenses": -4000000.0,
        "Research And Development": 222000000.0,
        "Selling General And Administration": 337000000.0,
        "Selling And Marketing Expense": NaN,
        "General And Administrative Expense": NaN,
        "Salaries And Wages": NaN,
        "Gross Profit": 909000000.0,
        "Cost Of Revenue": 481000000.0,
        "Total Revenue": 1390000000.0,
        "Operating Revenue": 1390000000.0
    },
    "2023-01-31": {
        "Tax Effect Of Unusual Items": 0.0,
        "Tax Rate For Calcs": 0.215,
        "Normalized EBITDA": 403000000.0,
        "Net Income From Continuing Operation Net Minority Interest": 260000000.0,
        "Reconciled Depreciation": 53000000.0,
        "Reconciled Cost Of Revenue": 498000000.0,
        "EBITDA": 403000000.0,
        "EBIT": 350000000.0,
        "Net Interest Income": 0.0,
        "Interest Expense": 19000000.0,
        "Interest Income": 19000000.0,
        "Normalized Income": 260000000.0,
        "Net Income From Continuing And Discontinued Operation": 260000000.0,
        "Total Expenses": 1059000000.0,
        "Total Operating Income As Reported": 322000000.0,
        "Diluted Average Shares": 180000000.0,
        "Basic Average Shares": 178000000.0,
        "Diluted EPS": 1.45,
        "Basic EPS": 1.46,
        "Diluted NI Availto Com Stockholders": 260000000.0,
        "Net Income Common Stockholders": 260000000.0,
        "Net Income": 260000000.0,
        "Net Income Including Noncontrolling Interests": 260000000.0,
        "Net Income Continuous Operations": 260000000.0,
        "Tax Provision": 71000000.0,
        "Pretax Income": 331000000.0,
        "Other Income Expense": 9000000.0,
        "Other Non Operating Income Expenses": 9000000.0,
        "Net Non Operating Interest Income Expense": 0.0,
        "Interest Expense Non Operating": 19000000.0,
        "Interest Income Non Operating": 19000000.0,
        "Operating Income": 322000000.0,
        "Operating Expense": 561000000.0,
        "Other Operating Expenses": -4000000.0,
        "Research And Development": 227000000.0,
        "Selling General And Administration": 338000000.0,
        "Selling And Marketing Expense": NaN,
        "General And Administrative Expense": NaN,
        "Salaries And Wages": NaN,
        "Gross Profit": 883000000.0,
        "Cost Of Revenue": 498000000.0,
        "Total Revenue": 1381000000.0,
        "Operating Revenue": 1381000000.0
    },
    "2022-10-31": {
        "Tax Effect Of Unusual Items": 0.0,
        "Tax Rate For Calcs": 0.1875,
        "Normalized EBITDA": 443000000.0,
        "Net Income From Continuing Operation Net Minority Interest": 299000000.0,
        "Reconciled Depreciation": 55000000.0,
        "Reconciled Cost Of Revenue": 533000000.0,
        "EBITDA": 443000000.0,
        "EBIT": 388000000.0,
        "Net Interest Income": -10000000.0,
        "Interest Expense": 20000000.0,
        "Interest Income": 10000000.0,
        "Normalized Income": 299000000.0,
        "Net Income From Continuing And Discontinued Operation": 299000000.0,
        "Total Expenses": 1064000000.0,
        "Total Operating Income As Reported": 379000000.0,
        "Diluted Average Shares": 180000000.0,
        "Basic Average Shares": 179000000.0,
        "Diluted EPS": 1.66,
        "Basic EPS": 1.67,
        "Diluted NI Availto Com Stockholders": 299000000.0,
        "Net Income Common Stockholders": 299000000.0,
        "Net Income": 299000000.0,
        "Net Income Including Noncontrolling Interests": 299000000.0,
        "Net Income Continuous Operations": 299000000.0,
        "Tax Provision": 69000000.0,
        "Pretax Income": 368000000.0,
        "Other Income Expense": -1000000.0,
        "Other Non Operating Income Expenses": -1000000.0,
        "Net Non Operating Interest Income Expense": -10000000.0,
        "Interest Expense Non Operating": 20000000.0,
        "Interest Income Non Operating": 10000000.0,
        "Operating Income": 379000000.0,
        "Operating Expense": 531000000.0,
        "Other Operating Expenses": -5000000.0,
        "Research And Development": 215000000.0,
        "Selling General And Administration": 321000000.0,
        "Selling And Marketing Expense": NaN,
        "General And Administrative Expense": NaN,
        "Salaries And Wages": NaN,
        "Gross Profit": 910000000.0,
        "Cost Of Revenue": 533000000.0,
        "Total Revenue": 1443000000.0,
        "Operating Revenue": 1443000000.0
    },
    "2022-07-31": {
        "Tax Effect Of Unusual Items": 0.0,
        "Tax Rate For Calcs": 0.12,
        "Normalized EBITDA": 422000000.0,
        "Net Income From Continuing Operation Net Minority Interest": 338000000.0,
        "Reconciled Depreciation": 56000000.0,
        "Reconciled Cost Of Revenue": 499000000.0,
        "EBITDA": 422000000.0,
        "EBIT": 366000000.0,
        "Net Interest Income": -16000000.0,
        "Interest Expense": 20000000.0,
        "Interest Income": 4000000.0,
        "Normalized Income": 338000000.0,
        "Net Income From Continuing And Discontinued Operation": 338000000.0,
        "Total Expenses": 1019000000.0,
        "Total Operating Income As Reported": 357000000.0,
        "Diluted Average Shares": 181000000.0,
        "Basic Average Shares": 179000000.0,
        "Diluted EPS": 1.87,
        "Basic EPS": 1.89,
        "Diluted NI Availto Com Stockholders": 338000000.0,
        "Net Income Common Stockholders": 338000000.0,
        "Net Income": 338000000.0,
        "Net Income Including Noncontrolling Interests": 338000000.0,
        "Net Income Continuous Operations": 338000000.0,
        "Tax Provision": 8000000.0,
        "Pretax Income": 346000000.0,
        "Other Income Expense": 5000000.0,
        "Other Non Operating Income Expenses": 5000000.0,
        "Net Non Operating Interest Income Expense": -16000000.0,
        "Interest Expense Non Operating": 20000000.0,
        "Interest Income Non Operating": 4000000.0,
        "Operating Income": 357000000.0,
        "Operating Expense": 520000000.0,
        "Other Operating Expenses": -3000000.0,
        "Research And Development": 206000000.0,
        "Selling General And Administration": 317000000.0,
        "Selling And Marketing Expense": NaN,
        "General And Administrative Expense": NaN,
        "Salaries And Wages": NaN,
        "Gross Profit": 877000000.0,
        "Cost Of Revenue": 499000000.0,
        "Total Revenue": 1376000000.0,
        "Operating Revenue": 1376000000.0
    },
    "2022-04-30": {
        "Diluted EPS": 1.41,
        "Total Revenue": NaN,
        "Gross Profit": 859,
        "Operating Income": 327,
        "EBIT": 382,
        "Net Income": 258
    },
    "2022-01-31": {
        "Diluted EPS": 1.24,
        "Total Revenue": NaN,
        "Gross Profit": 804,
        "Operating Income": 271,
        "EBIT": 328,
        "Net Income": 229
    },
    "2021-10-31": {
        "Diluted EPS": 1.51,
        "Total Revenue": NaN,
        "Gross Profit": 837,
        "Operating Income": 349,
        "EBIT": 406,
        "Net Income": 282
    },
    "2021-07-31": {
        "Diluted EPS": 1.36,
        "Total Revenue": NaN,
        "Gross Profit": 788,
        "Operating Income": 284,
        "EBIT": 348,
        "Net Income": 254
    },
    "2021-04-30": {
        "Diluted EPS": 0.99,
        "Total Revenue": NaN,
        "Gross Profit": 737,
        "Operating Income": 235,
        "EBIT": 320,
        "Net Income": 186
    },
    "2021-01-31": {
        "Diluted EPS": 0.92,
        "Total Revenue": NaN,
        "Gross Profit": 707,
        "Operating Income": 212,
        "EBIT": 299,
        "Net Income": 172
    },
    "2020-10-31": {
        "Diluted EPS": 1.15,
        "Total Revenue": NaN,
        "Gross Profit": 756,
        "Operating Income": 278,
        "EBIT": 365,
        "Net Income": 217
    },
    "2020-07-31": {
        "Diluted EPS": 0.93,
        "Total Revenue": NaN,
        "Gross Profit": 606,
        "Operating Income": 182,
        "EBIT": 262,
        "Net Income": 176
    },
    "2020-04-30": {
        "Diluted EPS": 0.37,
        "Total Revenue": 895,
        "Gross Profit": 516,
        "Operating Income": 102,
        "EBIT": 181,
        "Net Income": 71
    },
    "2020-01-31": {
        "Diluted EPS": 0.86,
        "Total Revenue": NaN,
        "Gross Profit": 655,
        "Operating Income": 203,
        "EBIT": 283,
        "Net Income": 163
    },
    "2019-10-31": {
        "Diluted EPS": 1.02,
        "Total Revenue": NaN,
        "Gross Profit": 665,
        "Operating Income": 208,
        "EBIT": 287,
        "Net Income": 195
    },
    "2019-07-31": {
        "Diluted EPS": 0.83,
        "Total Revenue": NaN,
        "Gross Profit": 643,
        "Operating Income": 197,
        "EBIT": 275,
        "Net Income": 159
    },
    "2019-04-30": {
        "Diluted EPS": 0.8,
        "Total Revenue": NaN,
        "Gross Profit": 648,
        "Operating Income": 185,
        "EBIT": 260,
        "Net Income": 153
    },
    "2019-01-31": {
        "Diluted EPS": 0.6,
        "Total Revenue": NaN,
        "Gross Profit": 578,
        "Operating Income": 121,
        "EBIT": 197,
        "Net Income": 114
    },
    "2018-10-31": {
        "Diluted EPS": -0.61,
        "Total Revenue": NaN,
        "Gross Profit": 585,
        "Operating Income": -580,
        "EBIT": 206,
        "Net Income": -114
    },
    "2018-07-31": {
        "Diluted EPS": 0.63,
        "Total Revenue": NaN,
        "Gross Profit": 562,
        "Operating Income": 117,
        "EBIT": 193,
        "Net Income": 121
    },
    "2018-04-30": {
        "Diluted EPS": 0.34,
        "Total Revenue": 990,
        "Gross Profit": 539,
        "Operating Income": 86,
        "EBIT": 165,
        "Net Income": 64
    },
    "2018-01-31": {
        "Diluted EPS": 0.5,
        "Total Revenue": 837,
        "Gross Profit": 425,
        "Operating Income": -17,
        "EBIT": 61,
        "Net Income": 94
    },
    "2017-10-31": {
        "Diluted EPS": -0.24,
        "Total Revenue": 878,
        "Gross Profit": 469,
        "Operating Income": -52,
        "EBIT": 20,
        "Net Income": -38
    },
    "2017-07-31": {
        "Diluted EPS": -0.1,
        "Total Revenue": 832,
        "Gross Profit": 411,
        "Operating Income": -4,
        "EBIT": 76,
        "Net Income": -18
    },
    "2017-04-30": {
        "Diluted EPS": 0.27,
        "Total Revenue": 753,
        "Gross Profit": 413,
        "Operating Income": 42,
        "EBIT": 83,
        "Net Income": 49
    },
    "2017-01-31": {
        "Diluted EPS": 0.63,
        "Total Revenue": 726,
        "Gross Profit": 404,
        "Operating Income": 162,
        "EBIT": 194,
        "Net Income": 109
    },
    "2016-10-31": {
        "Diluted EPS": 0.54,
        "Total Revenue": 751,
        "Gross Profit": 420,
        "Operating Income": 107,
        "EBIT": 140,
        "Net Income": 92
    },
    "2016-07-31": {
        "Diluted EPS": 0.53,
        "Total Revenue": 715,
        "Gross Profit": 406,
        "Operating Income": 106,
        "EBIT": 140,
        "Net Income": 91
    },
    "2016-04-30": {
        "Diluted EPS": 0.51,
        "Total Revenue": 731,
        "Gross Profit": 406,
        "Operating Income": 95,
        "EBIT": 129,
        "Net Income": 88
    },
    "2016-01-31": {
        "Diluted EPS": 0.37,
        "Total Revenue": 721,
        "Gross Profit": 392,
        "Operating Income": 98,
        "EBIT": 131,
        "Net Income": 64
    },
    "2015-10-31": {
        "Diluted EPS": 1.62,
        "Total Revenue": 750,
        "Gross Profit": 418,
        "Operating Income": 111,
        "EBIT": 141,
        "Net Income": 277
    },
    "2015-07-31": {
        "Diluted EPS": 0.41,
        "Total Revenue": 665,
        "Gross Profit": 370,
        "Operating Income": 100,
        "EBIT": 123,
        "Net Income": 70
    },
    "2015-04-30": {
        "Diluted EPS": 0.56,
        "Total Revenue": 740,
        "Gross Profit": 416,
        "Operating Income": 133,
        "EBIT": 156,
        "Net Income": 96
    },
    "2015-01-31": {
        "Diluted EPS": 0.41,
        "Total Revenue": 701,
        "Gross Profit": 383,
        "Operating Income": 87,
        "EBIT": 110,
        "Net Income": 70
    },
    "2014-10-31": {
        "Diluted EPS": 0.6,
        "Total Revenue": 762,
        "Gross Profit": 419,
        "Operating Income": 130,
        "EBIT": 155,
        "Net Income": 101
    },
    "2014-07-31": {
        "Diluted EPS": 0.64,
        "Total Revenue": 757,
        "Gross Profit": 414,
        "Operating Income": 121,
        "EBIT": 141,
        "Net Income": 107
    },
    "2014-04-30": {
        "Diluted EPS": 0.66,
        "Total Revenue": 743,
        "Gross Profit": 415,
        "Operating Income": 127,
        "EBIT": 147,
        "Net Income": 110
    },
    "2014-01-31": {
        "Diluted EPS": 0.44,
        "Total Revenue": 671,
        "Gross Profit": 372,
        "Operating Income": 91,
        "EBIT": 110,
        "Net Income": 74
    },
    "2013-10-31": {
        "Diluted EPS": 0.0,
        "Total Revenue": NaN,
        "Gross Profit": NaN,
        "Operating Income": NaN,
        "EBIT": NaN,
        "Net Income": NaN
    },
    "2012-10-31": {
        "Diluted EPS": 0.0,
        "Total Revenue": NaN,
        "Gross Profit": NaN,
        "Operating Income": NaN,
        "EBIT": NaN,
        "Net Income": NaN
    },
    "2023-07-31": {
        "Tax Effect Of Unusual Items": 0.0,
        "Tax Rate For Calcs": 0.258,
        "Normalized EBITDA": 462000000.0,
        "Net Income From Continuing Operation Net Minority Interest": 288000000.0,
        "Reconciled Depreciation": 54000000.0,
        "Reconciled Cost Of Revenue": 486000000.0,
        "EBITDA": 462000000.0,
        "EBIT": 408000000.0,
        "Net Interest Income": 10000000.0,
        "Interest Expense": 19000000.0,
        "Interest Income": 29000000.0,
        "Normalized Income": 288000000.0,
        "Net Income From Continuing And Discontinued Operation": 288000000.0,
        "Total Expenses": 1017000000.0,
        "Total Operating Income As Reported": 365000000.0,
        "Diluted Average Shares": 179000000.0,
        "Basic Average Shares": 178000000.0,
        "Diluted EPS": 1.61,
        "Basic EPS": 1.62,
        "Diluted NI Availto Com Stockholders": 288000000.0,
        "Net Income Common Stockholders": 288000000.0,
        "Net Income": 288000000.0,
        "Net Income Including Noncontrolling Interests": 288000000.0,
        "Net Income Continuous Operations": 288000000.0,
        "Tax Provision": 101000000.0,
        "Pretax Income": 389000000.0,
        "Other Income Expense": 14000000.0,
        "Other Non Operating Income Expenses": 14000000.0,
        "Net Non Operating Interest Income Expense": 10000000.0,
        "Interest Expense Non Operating": 19000000.0,
        "Interest Income Non Operating": 29000000.0,
        "Operating Income": 365000000.0,
        "Operating Expense": 531000000.0,
        "Other Operating Expenses": -3000000.0,
        "Research And Development": 215000000.0,
        "Selling General And Administration": 319000000.0,
        "Selling And Marketing Expense": 304000000.0,
        "General And Administrative Expense": 15000000.0,
        "Salaries And Wages": 15000000.0,
        "Gross Profit": 896000000.0,
        "Cost Of Revenue": 486000000.0,
        "Total Revenue": 1382000000.0,
        "Operating Revenue": 1382000000.0
    },
    "2023-10-31": {
        "Tax Effect Of Unusual Items": 0.0,
        "Tax Rate For Calcs": 0.181159,
        "Normalized EBITDA": 346000000.0,
        "Net Income From Continuing Operation Net Minority Interest": 226000000.0,
        "Reconciled Depreciation": 50000000.0,
        "Reconciled Cost Of Revenue": 467000000.0,
        "EBITDA": 346000000.0,
        "EBIT": 296000000.0,
        "Net Interest Income": 12000000.0,
        "Interest Expense": 20000000.0,
        "Interest Income": 32000000.0,
        "Normalized Income": 226000000.0,
        "Net Income From Continuing And Discontinued Operation": 226000000.0,
        "Total Expenses": 994000000.0,
        "Total Operating Income As Reported": 317000000.0,
        "Diluted Average Shares": 177000000.0,
        "Basic Average Shares": 176000000.0,
        "Diluted EPS": 1.28,
        "Basic EPS": 1.28,
        "Diluted NI Availto Com Stockholders": 226000000.0,
        "Net Income Common Stockholders": 226000000.0,
        "Net Income": 226000000.0,
        "Net Income Including Noncontrolling Interests": 226000000.0,
        "Net Income Continuous Operations": 226000000.0,
        "Tax Provision": 50000000.0,
        "Pretax Income": 276000000.0,
        "Other Income Expense": -53000000.0,
        "Other Non Operating Income Expenses": -53000000.0,
        "Net Non Operating Interest Income Expense": 12000000.0,
        "Interest Expense Non Operating": 20000000.0,
        "Interest Income Non Operating": 32000000.0,
        "Operating Income": 317000000.0,
        "Operating Expense": 527000000.0,
        "Other Operating Expenses": -4000000.0,
        "Research And Development": 218000000.0,
        "Selling General And Administration": 313000000.0,
        "Selling And Marketing Expense": NaN,
        "General And Administrative Expense": NaN,
        "Salaries And Wages": NaN,
        "Gross Profit": 844000000.0,
        "Cost Of Revenue": 467000000.0,
        "Total Revenue": 1311000000.0,
        "Operating Revenue": 1311000000.0
    },
    "2024-01-31": {
        "Tax Effect Of Unusual Items": NaN,
        "Tax Rate For Calcs": NaN,
        "Normalized EBITDA": NaN,
        "Net Income From Continuing Operation Net Minority Interest": NaN,
        "Reconciled Depreciation": NaN,
        "Reconciled Cost Of Revenue": NaN,
        "EBITDA": NaN,
        "EBIT": NaN,
        "Net Interest Income": NaN,
        "Interest Expense": NaN,
        "Interest Income": NaN,
        "Normalized Income": NaN,
        "Net Income From Continuing And Discontinued Operation": NaN,
        "Total Expenses": NaN,
        "Total Operating Income As Reported": NaN,
        "Diluted Average Shares": 176000000.0,
        "Basic Average Shares": 175000000.0,
        "Diluted EPS": 0.98,
        "Basic EPS": 0.98,
        "Diluted NI Availto Com Stockholders": NaN,
        "Net Income Common Stockholders": NaN,
        "Net Income": NaN,
        "Net Income Including Noncontrolling Interests": NaN,
        "Net Income Continuous Operations": NaN,
        "Tax Provision": NaN,
        "Pretax Income": NaN,
        "Other Income Expense": NaN,
        "Other Non Operating Income Expenses": NaN,
        "Net Non Operating Interest Income Expense": NaN,
        "Interest Expense Non Operating": NaN,
        "Interest Income Non Operating": NaN,
        "Operating Income": NaN,
        "Operating Expense": NaN,
        "Other Operating Expenses": NaN,
        "Research And Development": NaN,
        "Selling General And Administration": NaN,
        "Selling And Marketing Expense": NaN,
        "General And Administrative Expense": NaN,
        "Salaries And Wages": NaN,
        "Gross Profit": NaN,
        "Cost Of Revenue": NaN,
        "Total Revenue": NaN,
        "Operating Revenue": NaN
    }
}