{
    "2023-03-31": {
        "Tax Effect Of Unusual Items": 777305.898491,
        "Tax Rate For Calcs": 0.024586,
        "Total Unusual Items": 31616000.0,
        "Total Unusual Items Excluding Goodwill": 31616000.0,
        "Net Income From Continuing Operation Net Minority Interest": 27735000.0,
        "Reconciled Depreciation": 1492000.0,
        "EBIT": 31403000.0,
        "Net Interest Income": -2972000.0,
        "Interest Expense": 2972000.0,
        "Interest Income": 289000.0,
        "Normalized Income": -3103694.101509,
        "Net Income From Continuing And Discontinued Operation": 27842000.0,
        "Total Expenses": -1351000.0,
        "Diluted Average Shares": 26419000.0,
        "Basic Average Shares": 24061000.0,
        "Diluted EPS": 1.05,
        "Basic EPS": 1.15,
        "Diluted NI Availto Com Stockholders": 27773000.0,
        "Net Income Common Stockholders": 27773000.0,
        "Preferred Stock Dividends": 69000.0,
        "Net Income": 27842000.0,
        "Minority Interests": 3000.0,
        "Net Income Including Noncontrolling Interests": 27839000.0,
        "Net Income Discontinuous Operations": 107000.0,
        "Net Income Continuous Operations": 27732000.0,
        "Tax Provision": 699000.0,
        "Pretax Income": 28431000.0,
        "Special Income Charges": 31616000.0,
        "Other Special Charges": -31616000.0,
        "Net Non Operating Interest Income Expense": -2972000.0,
        "Interest Expense Non Operating": 2972000.0,
        "Other Operating Expenses": -164000.0,
        "Depreciation And Amortization In Income Statement": 1418000.0,
        "Amortization": 1418000.0,
        "Selling General And Administration": 10198000.0,
        "General And Administrative Expense": 10198000.0,
        "Other Gand A": 10198000.0,
        "Total Revenue": 27080000.0,
        "Operating Revenue": 27080000.0
    },
    "2022-12-31": {
        "Tax Effect Of Unusual Items": 0.0,
        "Tax Rate For Calcs": 0.148769,
        "Total Unusual Items": 0.0,
        "Total Unusual Items Excluding Goodwill": 0.0,
        "Net Income From Continuing Operation Net Minority Interest": 4270000.0,
        "Reconciled Depreciation": -467000.0,
        "EBIT": -7726000.0,
        "Net Interest Income": 2120000.0,
        "Interest Expense": -2120000.0,
        "Interest Income": 246000.0,
        "Normalized Income": 4270000.0,
        "Net Income From Continuing And Discontinued Operation": -8297000.0,
        "Total Expenses": 23684000.0,
        "Diluted Average Shares": 26051000.0,
        "Basic Average Shares": 23117000.0,
        "Diluted EPS": -0.37,
        "Basic EPS": -0.37,
        "Diluted NI Availto Com Stockholders": -8654000.0,
        "Net Income Common Stockholders": -8369000.0,
        "Preferred Stock Dividends": 72000.0,
        "Net Income": -8297000.0,
        "Minority Interests": 9042000.0,
        "Net Income Including Noncontrolling Interests": -17339000.0,
        "Net Income Discontinuous Operations": -12567000.0,
        "Net Income Continuous Operations": -4772000.0,
        "Tax Provision": -834000.0,
        "Pretax Income": -5606000.0,
        "Special Income Charges": 0.0,
        "Other Special Charges": 0.0,
        "Net Non Operating Interest Income Expense": 2120000.0,
        "Interest Expense Non Operating": -2120000.0,
        "Other Operating Expenses": -291000.0,
        "Depreciation And Amortization In Income Statement": 1736000.0,
        "Amortization": 1736000.0,
        "Selling General And Administration": 8545000.0,
        "General And Administrative Expense": 8545000.0,
        "Other Gand A": 8545000.0,
        "Total Revenue": 18078000.0,
        "Operating Revenue": 18078000.0
    },
    "2022-09-30": {
        "Tax Effect Of Unusual Items": 4306926.647327,
        "Tax Rate For Calcs": 0.132484,
        "Total Unusual Items": 32509000.0,
        "Total Unusual Items Excluding Goodwill": 32509000.0,
        "Net Income From Continuing Operation Net Minority Interest": 40840000.0,
        "Reconciled Depreciation": 2244000.0,
        "EBIT": 49637000.0,
        "Net Interest Income": -3790000.0,
        "Interest Expense": 3790000.0,
        "Interest Income": 195000.0,
        "Normalized Income": 12637926.647327,
        "Net Income From Continuing And Discontinued Operation": 38340000.0,
        "Total Expenses": -3565000.0,
        "Diluted Average Shares": 25716000.0,
        "Basic Average Shares": 22960000.0,
        "Diluted EPS": 1.49,
        "Basic EPS": 1.67,
        "Diluted NI Availto Com Stockholders": 38317000.0,
        "Average Dilution Earnings": 54000.0,
        "Net Income Common Stockholders": 38263000.0,
        "Preferred Stock Dividends": 77000.0,
        "Net Income": 38340000.0,
        "Minority Interests": 1067000.0,
        "Net Income Including Noncontrolling Interests": 37273000.0,
        "Net Income Discontinuous Operations": -2500000.0,
        "Net Income Continuous Operations": 39773000.0,
        "Tax Provision": 6074000.0,
        "Pretax Income": 45847000.0,
        "Other Income Expense": 3633000.0,
        "Special Income Charges": 32509000.0,
        "Other Special Charges": -32509000.0,
        "Net Non Operating Interest Income Expense": -3790000.0,
        "Interest Expense Non Operating": 3790000.0,
        "Other Operating Expenses": 1554000.0,
        "Depreciation And Amortization In Income Statement": 1409000.0,
        "Amortization": 1409000.0,
        "Selling General And Administration": 10764000.0,
        "General And Administrative Expense": 10764000.0,
        "Other Gand A": 10764000.0,
        "Total Revenue": 42282000.0,
        "Operating Revenue": 42282000.0
    },
    "2022-06-30": {
        "Tax Effect Of Unusual Items": 0.0,
        "Tax Rate For Calcs": 0.002531,
        "Total Unusual Items": 0.0,
        "Total Unusual Items Excluding Goodwill": 0.0,
        "Net Income From Continuing Operation Net Minority Interest": -2668000.0,
        "Reconciled Depreciation": 2342000.0,
        "EBIT": 996000.0,
        "Net Interest Income": -3367000.0,
        "Interest Expense": 3367000.0,
        "Interest Income": 150000.0,
        "Normalized Income": -2668000.0,
        "Net Income From Continuing And Discontinued Operation": -2668000.0,
        "Total Expenses": 30149000.0,
        "Diluted Average Shares": 22883000.0,
        "Basic Average Shares": 22883000.0,
        "Diluted EPS": -0.12,
        "Basic EPS": -0.12,
        "Diluted NI Availto Com Stockholders": -2747000.0,
        "Average Dilution Earnings": NaN,
        "Net Income Common Stockholders": -2747000.0,
        "Preferred Stock Dividends": 79000.0,
        "Net Income": -2668000.0,
        "Minority Interests": -303000.0,
        "Net Income Including Noncontrolling Interests": -2365000.0,
        "Net Income Discontinuous Operations": NaN,
        "Net Income Continuous Operations": -2365000.0,
        "Tax Provision": -6000.0,
        "Pretax Income": -2371000.0,
        "Other Income Expense": 3633000.0,
        "Special Income Charges": 0.0,
        "Other Special Charges": NaN,
        "Net Non Operating Interest Income Expense": -3367000.0,
        "Interest Expense Non Operating": 3367000.0,
        "Other Operating Expenses": 2207000.0,
        "Depreciation And Amortization In Income Statement": 1494000.0,
        "Amortization": 1494000.0,
        "Selling General And Administration": 11595000.0,
        "General And Administrative Expense": 11595000.0,
        "Other Gand A": 11595000.0,
        "Total Revenue": 27778000.0,
        "Operating Revenue": 27778000.0
    },
    "2022-03-31": {
        "Diluted EPS": -0.12,
        "Total Revenue": 22,
        "Gross Profit": 21,
        "Operating Income": -2,
        "EBIT": -1,
        "Net Income": -3
    },
    "2021-12-31": {
        "Diluted EPS": 0.02,
        "Total Revenue": 13,
        "Gross Profit": 11,
        "Operating Income": -3,
        "EBIT": -5,
        "Net Income": 1
    },
    "2021-09-30": {
        "Diluted EPS": -0.05,
        "Total Revenue": 21,
        "Gross Profit": 19,
        "Operating Income": -3,
        "EBIT": 1,
        "Net Income": -1
    },
    "2021-06-30": {
        "Diluted EPS": -0.03,
        "Total Revenue": 22,
        "Gross Profit": 21,
        "Operating Income": 0,
        "EBIT": 2,
        "Net Income": -1
    },
    "2021-03-31": {
        "Diluted EPS": 0.02,
        "Total Revenue": 22,
        "Gross Profit": 21,
        "Operating Income": 0,
        "EBIT": 2,
        "Net Income": 0
    },
    "2020-12-31": {
        "Diluted EPS": -0.13,
        "Total Revenue": 17,
        "Gross Profit": 16,
        "Operating Income": -3,
        "EBIT": -2,
        "Net Income": -3
    },
    "2020-09-30": {
        "Diluted EPS": -0.07,
        "Total Revenue": 15,
        "Gross Profit": 14,
        "Operating Income": -1,
        "EBIT": 1,
        "Net Income": -1
    },
    "2020-06-30": {
        "Diluted EPS": -0.08,
        "Total Revenue": 14,
        "Gross Profit": 13,
        "Operating Income": -1,
        "EBIT": 1,
        "Net Income": -2
    },
    "2020-03-31": {
        "Diluted EPS": -0.07,
        "Total Revenue": 15,
        "Gross Profit": 13,
        "Operating Income": -2,
        "EBIT": 0,
        "Net Income": -1
    },
    "2019-12-31": {
        "Diluted EPS": -0.21,
        "Total Revenue": 14,
        "Gross Profit": 13,
        "Operating Income": -2,
        "EBIT": 0,
        "Net Income": -4
    },
    "2019-09-30": {
        "Diluted EPS": -0.2,
        "Total Revenue": 16,
        "Gross Profit": 15,
        "Operating Income": 0,
        "EBIT": 2,
        "Net Income": -4
    },
    "2019-06-30": {
        "Diluted EPS": -0.04,
        "Total Revenue": 15,
        "Gross Profit": 14,
        "Operating Income": -1,
        "EBIT": 0,
        "Net Income": -1
    },
    "2019-03-31": {
        "Diluted EPS": 0.13,
        "Total Revenue": 14,
        "Gross Profit": 13,
        "Operating Income": 0,
        "EBIT": 1,
        "Net Income": 3
    },
    "2018-12-31": {
        "Diluted EPS": -0.61,
        "Total Revenue": 12,
        "Gross Profit": 11,
        "Operating Income": -4,
        "EBIT": -2,
        "Net Income": -13
    },
    "2018-09-30": {
        "Diluted EPS": -0.18,
        "Total Revenue": 13,
        "Gross Profit": 12,
        "Operating Income": 1,
        "EBIT": 3,
        "Net Income": -4
    },
    "2018-06-30": {
        "Diluted EPS": -0.49,
        "Total Revenue": 13,
        "Gross Profit": 11,
        "Operating Income": -1,
        "EBIT": 1,
        "Net Income": -11
    },
    "2018-03-31": {
        "Diluted EPS": -0.13,
        "Total Revenue": 13,
        "Gross Profit": 12,
        "Operating Income": -1,
        "EBIT": 0,
        "Net Income": -3
    },
    "2017-12-31": {
        "Diluted EPS": -0.25,
        "Total Revenue": 19,
        "Gross Profit": 45,
        "Operating Income": 27,
        "EBIT": 28,
        "Net Income": -5
    },
    "2017-09-30": {
        "Diluted EPS": -0.09,
        "Total Revenue": 12,
        "Gross Profit": 11,
        "Operating Income": 2,
        "EBIT": 4,
        "Net Income": -2
    },
    "2017-06-30": {
        "Diluted EPS": -0.37,
        "Total Revenue": 10,
        "Gross Profit": 9,
        "Operating Income": 2,
        "EBIT": 3,
        "Net Income": -8
    },
    "2017-03-31": {
        "Diluted EPS": -0.08,
        "Total Revenue": 10,
        "Gross Profit": -17,
        "Operating Income": -28,
        "EBIT": -26,
        "Net Income": -2
    },
    "2016-12-31": {
        "Diluted EPS": 0.06,
        "Total Revenue": 53,
        "Gross Profit": 11,
        "Operating Income": -3,
        "EBIT": -2,
        "Net Income": 1
    },
    "2016-09-30": {
        "Diluted EPS": 0.06,
        "Total Revenue": 46,
        "Gross Profit": 13,
        "Operating Income": 0,
        "EBIT": 1,
        "Net Income": 1
    },
    "2016-06-30": {
        "Diluted EPS": -0.03,
        "Total Revenue": 41,
        "Gross Profit": 10,
        "Operating Income": -1,
        "EBIT": -1,
        "Net Income": -1
    },
    "2016-03-31": {
        "Diluted EPS": -0.08,
        "Total Revenue": 37,
        "Gross Profit": 8,
        "Operating Income": -3,
        "EBIT": -2,
        "Net Income": -2
    },
    "2015-12-31": {
        "Diluted EPS": -0.1,
        "Total Revenue": 38,
        "Gross Profit": 9,
        "Operating Income": -1,
        "EBIT": 0,
        "Net Income": -2
    },
    "2015-09-30": {
        "Diluted EPS": -0.05,
        "Total Revenue": 39,
        "Gross Profit": 10,
        "Operating Income": -2,
        "EBIT": -1,
        "Net Income": -1
    },
    "2015-06-30": {
        "Diluted EPS": 0.09,
        "Total Revenue": 39,
        "Gross Profit": 9,
        "Operating Income": -2,
        "EBIT": -2,
        "Net Income": 2
    },
    "2015-03-31": {
        "Diluted EPS": 0.1,
        "Total Revenue": 44,
        "Gross Profit": 16,
        "Operating Income": 4,
        "EBIT": 4,
        "Net Income": 2
    },
    "2014-12-31": {
        "Diluted EPS": 0.06,
        "Total Revenue": 37,
        "Gross Profit": 10,
        "Operating Income": 5,
        "EBIT": 5,
        "Net Income": 1
    },
    "2014-09-30": {
        "Diluted EPS": -0.41,
        "Total Revenue": 39,
        "Gross Profit": 11,
        "Operating Income": -2,
        "EBIT": -1,
        "Net Income": -7
    },
    "2014-06-30": {
        "Diluted EPS": -0.3,
        "Total Revenue": 42,
        "Gross Profit": 15,
        "Operating Income": 1,
        "EBIT": 2,
        "Net Income": -5
    },
    "2014-03-31": {
        "Diluted EPS": -0.1,
        "Total Revenue": 40,
        "Gross Profit": 13,
        "Operating Income": -2,
        "EBIT": 0,
        "Net Income": -2
    },
    "2013-12-31": {
        "Diluted EPS": -0.64,
        "Total Revenue": 46,
        "Gross Profit": 22,
        "Operating Income": -4,
        "EBIT": -1,
        "Net Income": -11
    },
    "2013-09-30": {
        "Diluted EPS": 0.14,
        "Total Revenue": 42,
        "Gross Profit": 14,
        "Operating Income": -9,
        "EBIT": -6,
        "Net Income": 2
    },
    "2013-06-30": {
        "Diluted EPS": -0.78,
        "Total Revenue": 42,
        "Gross Profit": 12,
        "Operating Income": -13,
        "EBIT": -9,
        "Net Income": -10
    },
    "2013-03-31": {
        "Diluted EPS": -1.33,
        "Total Revenue": 43,
        "Gross Profit": 14,
        "Operating Income": -9,
        "EBIT": -5,
        "Net Income": -17
    },
    "2012-12-31": {
        "Diluted EPS": -0.98,
        "Total Revenue": 48,
        "Gross Profit": 23,
        "Operating Income": -1,
        "EBIT": 4,
        "Net Income": -16
    },
    "2012-09-30": {
        "Diluted EPS": -1.52,
        "Total Revenue": 35,
        "Gross Profit": -1,
        "Operating Income": -22,
        "EBIT": -19,
        "Net Income": -19
    },
    "2012-06-30": {
        "Diluted EPS": -0.59,
        "Total Revenue": 40,
        "Gross Profit": 11,
        "Operating Income": -8,
        "EBIT": -4,
        "Net Income": -6
    },
    "2012-03-31": {
        "Diluted EPS": -0.96,
        "Total Revenue": 37,
        "Gross Profit": 10,
        "Operating Income": -10,
        "EBIT": -7,
        "Net Income": -11
    },
    "2011-12-31": {
        "Diluted EPS": -0.8,
        "Total Revenue": 55,
        "Gross Profit": 16,
        "Operating Income": 2,
        "EBIT": 4,
        "Net Income": -11
    },
    "2011-09-30": {
        "Diluted EPS": 0.48,
        "Total Revenue": 68,
        "Gross Profit": 28,
        "Operating Income": 9,
        "EBIT": 11,
        "Net Income": 7
    },
    "2011-06-30": {
        "Diluted EPS": -0.36,
        "Total Revenue": 64,
        "Gross Profit": 20,
        "Operating Income": -5,
        "EBIT": -2,
        "Net Income": -3
    },
    "2011-03-31": {
        "Diluted EPS": -1.4,
        "Total Revenue": 55,
        "Gross Profit": 6,
        "Operating Income": -17,
        "EBIT": -15,
        "Net Income": -18
    },
    "2010-12-31": {
        "Diluted EPS": -3.56,
        "Total Revenue": 55,
        "Gross Profit": 21,
        "Operating Income": 14,
        "EBIT": 12,
        "Net Income": -46
    },
    "2010-09-30": {
        "Diluted EPS": 0.2,
        "Total Revenue": 70,
        "Gross Profit": 15,
        "Operating Income": -19,
        "EBIT": -16,
        "Net Income": 2
    },
    "2010-06-30": {
        "Diluted EPS": -1.44,
        "Total Revenue": 82,
        "Gross Profit": 23,
        "Operating Income": -13,
        "EBIT": -9,
        "Net Income": -18
    },
    "2010-03-31": {
        "Diluted EPS": 1.84,
        "Total Revenue": 83,
        "Gross Profit": 16,
        "Operating Income": -25,
        "EBIT": -21,
        "Net Income": 24
    },
    "2009-12-31": {
        "Diluted EPS": -5.84,
        "Total Revenue": -419,
        "Gross Profit": -15,
        "Operating Income": 79,
        "EBIT": 79,
        "Net Income": -76
    },
    "2009-09-30": {
        "Diluted EPS": -8.76,
        "Total Revenue": 273,
        "Gross Profit": 5,
        "Operating Income": -92,
        "EBIT": -83,
        "Net Income": -118
    },
    "2009-06-30": {
        "Diluted EPS": -2.8,
        "Total Revenue": 298,
        "Gross Profit": 52,
        "Operating Income": -40,
        "EBIT": -34,
        "Net Income": -38
    },
    "2009-03-31": {
        "Diluted EPS": -4.24,
        "Total Revenue": 291,
        "Gross Profit": 45,
        "Operating Income": -54,
        "EBIT": -50,
        "Net Income": -58
    },
    "2023-06-30": {
        "Tax Effect Of Unusual Items": 0.0,
        "Tax Rate For Calcs": 0.4,
        "Total Unusual Items": 0.0,
        "Total Unusual Items Excluding Goodwill": 0.0,
        "Net Income From Continuing Operation Net Minority Interest": -1550000.0,
        "Reconciled Depreciation": 1482000.0,
        "EBIT": -478000.0,
        "Net Interest Income": -1086000.0,
        "Interest Expense": 1086000.0,
        "Interest Income": 257000.0,
        "Normalized Income": -1550000.0,
        "Net Income From Continuing And Discontinued Operation": -1440000.0,
        "Total Expenses": 29825000.0,
        "Diluted Average Shares": 25295000.0,
        "Basic Average Shares": 25295000.0,
        "Diluted EPS": -0.06,
        "Basic EPS": -0.06,
        "Diluted NI Availto Com Stockholders": -1445000.0,
        "Net Income Common Stockholders": -1445000.0,
        "Preferred Stock Dividends": 5000.0,
        "Net Income": -1440000.0,
        "Minority Interests": 227000.0,
        "Net Income Including Noncontrolling Interests": -1667000.0,
        "Net Income Discontinuous Operations": 110000.0,
        "Net Income Continuous Operations": -1777000.0,
        "Tax Provision": 213000.0,
        "Pretax Income": -1564000.0,
        "Special Income Charges": 0.0,
        "Other Special Charges": NaN,
        "Net Non Operating Interest Income Expense": -1086000.0,
        "Interest Expense Non Operating": 1086000.0,
        "Other Operating Expenses": 1530000.0,
        "Depreciation And Amortization In Income Statement": 1410000.0,
        "Amortization": 1410000.0,
        "Selling General And Administration": 9870000.0,
        "General And Administrative Expense": 9870000.0,
        "Other Gand A": 9870000.0,
        "Total Revenue": 28261000.0,
        "Operating Revenue": 28261000.0
    },
    "2023-09-30": {
        "Tax Effect Of Unusual Items": 38803.114572,
        "Tax Rate For Calcs": 0.113459,
        "Total Unusual Items": 342000.0,
        "Total Unusual Items Excluding Goodwill": 342000.0,
        "Net Income From Continuing Operation Net Minority Interest": -1148000.0,
        "Reconciled Depreciation": 1492000.0,
        "EBIT": 162000.0,
        "Net Interest Income": -1061000.0,
        "Interest Expense": 1061000.0,
        "Interest Income": 275000.0,
        "Normalized Income": -1451196.885428,
        "Net Income From Continuing And Discontinued Operation": -1026000.0,
        "Total Expenses": 26775000.0,
        "Diluted Average Shares": 26239000.0,
        "Basic Average Shares": 26239000.0,
        "Diluted EPS": -0.04,
        "Basic EPS": -0.04,
        "Diluted NI Availto Com Stockholders": -1026000.0,
        "Net Income Common Stockholders": -1026000.0,
        "Preferred Stock Dividends": NaN,
        "Net Income": -1026000.0,
        "Minority Interests": -351000.0,
        "Net Income Including Noncontrolling Interests": -675000.0,
        "Net Income Discontinuous Operations": 122000.0,
        "Net Income Continuous Operations": -797000.0,
        "Tax Provision": -102000.0,
        "Pretax Income": -899000.0,
        "Special Income Charges": 342000.0,
        "Other Special Charges": -342000.0,
        "Net Non Operating Interest Income Expense": -1061000.0,
        "Interest Expense Non Operating": 1061000.0,
        "Other Operating Expenses": 9000.0,
        "Depreciation And Amortization In Income Statement": 1424000.0,
        "Amortization": 1424000.0,
        "Selling General And Administration": 10319000.0,
        "General And Administrative Expense": 10319000.0,
        "Other Gand A": 10319000.0,
        "Total Revenue": 25876000.0,
        "Operating Revenue": 25876000.0
    }
}