{
    "2023-03-31": {
        "Tax Effect Of Unusual Items": 0.0,
        "Tax Rate For Calcs": 0.305684,
        "Normalized EBITDA": 369600000.0,
        "Total Unusual Items": NaN,
        "Total Unusual Items Excluding Goodwill": NaN,
        "Net Income From Continuing Operation Net Minority Interest": 90200000.0,
        "Reconciled Depreciation": 211900000.0,
        "Reconciled Cost Of Revenue": 695800000.0,
        "EBITDA": 369600000.0,
        "EBIT": 157700000.0,
        "Net Interest Income": -18100000.0,
        "Interest Expense": 27500000.0,
        "Interest Income": 9400000.0,
        "Normalized Income": 90200000.0,
        "Net Income From Continuing And Discontinued Operation": 90200000.0,
        "Total Expenses": 785400000.0,
        "Total Operating Income As Reported": 143900000.0,
        "Diluted Average Shares": 1225000000.0,
        "Basic Average Shares": 1225000000.0,
        "Diluted EPS": 0.07,
        "Basic EPS": 0.07,
        "Diluted NI Availto Com Stockholders": 90200000.0,
        "Net Income Common Stockholders": 90200000.0,
        "Net Income": 90200000.0,
        "Minority Interests": -200000.0,
        "Net Income Including Noncontrolling Interests": 90400000.0,
        "Net Income Discontinuous Operations": 0.0,
        "Net Income Continuous Operations": 90400000.0,
        "Tax Provision": 39800000.0,
        "Pretax Income": 130200000.0,
        "Other Income Expense": 4400000.0,
        "Other Non Operating Income Expenses": 4400000.0,
        "Special Income Charges": NaN,
        "Gain On Sale Of Ppe": NaN,
        "Gain On Sale Of Security": NaN,
        "Net Non Operating Interest Income Expense": -18100000.0,
        "Interest Expense Non Operating": 27500000.0,
        "Interest Income Non Operating": 9400000.0,
        "Operating Income": 143900000.0,
        "Operating Expense": 89600000.0,
        "Other Operating Expenses": 65200000.0,
        "Selling General And Administration": 24400000.0,
        "General And Administrative Expense": 24400000.0,
        "Other Gand A": 24400000.0,
        "Gross Profit": 233500000.0,
        "Cost Of Revenue": 695800000.0,
        "Total Revenue": 929300000.0,
        "Operating Revenue": 929300000.0
    },
    "2022-12-31": {
        "Tax Effect Of Unusual Items": 3934391.534392,
        "Tax Rate For Calcs": 0.058201,
        "Normalized EBITDA": 88400000.0,
        "Total Unusual Items": 67600000.0,
        "Total Unusual Items Excluding Goodwill": 67600000.0,
        "Net Income From Continuing Operation Net Minority Interest": -106000000.0,
        "Reconciled Depreciation": 251900000.0,
        "Reconciled Cost Of Revenue": 1128400000.0,
        "EBITDA": 156000000.0,
        "EBIT": -95900000.0,
        "Net Interest Income": -9900000.0,
        "Interest Expense": 17500000.0,
        "Interest Income": 7600000.0,
        "Normalized Income": -169665608.465608,
        "Net Income From Continuing And Discontinued Operation": -106000000.0,
        "Total Expenses": 1244500000.0,
        "Total Operating Income As Reported": -160100000.0,
        "Diluted Average Shares": NaN,
        "Basic Average Shares": NaN,
        "Diluted EPS": NaN,
        "Basic EPS": NaN,
        "Diluted NI Availto Com Stockholders": -106000000.0,
        "Net Income Common Stockholders": -106000000.0,
        "Net Income": -106000000.0,
        "Minority Interests": 800000.0,
        "Net Income Including Noncontrolling Interests": -106800000.0,
        "Net Income Discontinuous Operations": 0.0,
        "Net Income Continuous Operations": -106800000.0,
        "Tax Provision": -6600000.0,
        "Pretax Income": -113400000.0,
        "Other Income Expense": 64800000.0,
        "Other Non Operating Income Expenses": -2800000.0,
        "Special Income Charges": 67700000.0,
        "Gain On Sale Of Ppe": -12100000.0,
        "Gain On Sale Of Security": NaN,
        "Net Non Operating Interest Income Expense": -9900000.0,
        "Interest Expense Non Operating": 17500000.0,
        "Interest Income Non Operating": 7600000.0,
        "Operating Income": -168300000.0,
        "Operating Expense": 116100000.0,
        "Other Operating Expenses": 86800000.0,
        "Selling General And Administration": 29300000.0,
        "General And Administrative Expense": 29300000.0,
        "Other Gand A": 29300000.0,
        "Gross Profit": -52200000.0,
        "Cost Of Revenue": 1128400000.0,
        "Total Revenue": 1076200000.0,
        "Operating Revenue": 1076200000.0
    },
    "2022-09-30": {
        "Tax Effect Of Unusual Items": 1240759.240759,
        "Tax Rate For Calcs": 0.344655,
        "Normalized EBITDA": 297800000.0,
        "Total Unusual Items": 3600000.0,
        "Total Unusual Items Excluding Goodwill": 3600000.0,
        "Net Income From Continuing Operation Net Minority Interest": 65700000.0,
        "Reconciled Depreciation": 185100000.0,
        "Reconciled Cost Of Revenue": 650400000.0,
        "EBITDA": 301400000.0,
        "EBIT": 116300000.0,
        "Net Interest Income": -9700000.0,
        "Interest Expense": 16200000.0,
        "Interest Income": 6500000.0,
        "Normalized Income": 63340759.240759,
        "Net Income From Continuing And Discontinued Operation": 64900000.0,
        "Total Expenses": 752300000.0,
        "Total Operating Income As Reported": 111300000.0,
        "Diluted Average Shares": 1312672000.0,
        "Basic Average Shares": 1299849000.0,
        "Diluted EPS": 0.05,
        "Basic EPS": 0.05,
        "Diluted NI Availto Com Stockholders": 64900000.0,
        "Net Income Common Stockholders": 64900000.0,
        "Net Income": 64900000.0,
        "Minority Interests": 100000.0,
        "Net Income Including Noncontrolling Interests": 64800000.0,
        "Net Income Discontinuous Operations": -800000.0,
        "Net Income Continuous Operations": 65600000.0,
        "Tax Provision": 34500000.0,
        "Pretax Income": 100100000.0,
        "Other Income Expense": 5600000.0,
        "Other Non Operating Income Expenses": 2000000.0,
        "Special Income Charges": -2300000.0,
        "Gain On Sale Of Ppe": -2300000.0,
        "Gain On Sale Of Security": 5900000.0,
        "Net Non Operating Interest Income Expense": -9700000.0,
        "Interest Expense Non Operating": 16200000.0,
        "Interest Income Non Operating": 6500000.0,
        "Operating Income": 104200000.0,
        "Operating Expense": 101900000.0,
        "Other Operating Expenses": 61600000.0,
        "Selling General And Administration": 40300000.0,
        "General And Administrative Expense": 40300000.0,
        "Other Gand A": 40300000.0,
        "Gross Profit": 206100000.0,
        "Cost Of Revenue": 650400000.0,
        "Total Revenue": 856500000.0,
        "Operating Revenue": 856500000.0
    },
    "2022-06-30": {
        "Tax Effect Of Unusual Items": -40000.0,
        "Tax Rate For Calcs": 0.4,
        "Normalized EBITDA": 241100000.0,
        "Total Unusual Items": -100000.0,
        "Total Unusual Items Excluding Goodwill": -100000.0,
        "Net Income From Continuing Operation Net Minority Interest": -10000000.0,
        "Reconciled Depreciation": 180500000.0,
        "Reconciled Cost Of Revenue": 631300000.0,
        "EBITDA": 241000000.0,
        "EBIT": 60500000.0,
        "Net Interest Income": -15300000.0,
        "Interest Expense": 17300000.0,
        "Interest Income": 2000000.0,
        "Normalized Income": -9940000.0,
        "Net Income From Continuing And Discontinued Operation": -40300000.0,
        "Total Expenses": 763700000.0,
        "Total Operating Income As Reported": 64000000.0,
        "Diluted Average Shares": 1299224000.0,
        "Basic Average Shares": 1299224000.0,
        "Diluted EPS": -0.03,
        "Basic EPS": -0.03,
        "Diluted NI Availto Com Stockholders": -40300000.0,
        "Net Income Common Stockholders": -40300000.0,
        "Net Income": -40300000.0,
        "Minority Interests": -500000.0,
        "Net Income Including Noncontrolling Interests": -39800000.0,
        "Net Income Discontinuous Operations": -30300000.0,
        "Net Income Continuous Operations": -9500000.0,
        "Tax Provision": 52700000.0,
        "Pretax Income": 43200000.0,
        "Other Income Expense": 700000.0,
        "Other Non Operating Income Expenses": 800000.0,
        "Special Income Charges": 1600000.0,
        "Gain On Sale Of Ppe": 1600000.0,
        "Gain On Sale Of Security": -1700000.0,
        "Net Non Operating Interest Income Expense": -15300000.0,
        "Interest Expense Non Operating": 17300000.0,
        "Interest Income Non Operating": 2000000.0,
        "Operating Income": 57800000.0,
        "Operating Expense": 132400000.0,
        "Other Operating Expenses": 102400000.0,
        "Selling General And Administration": 30000000.0,
        "General And Administrative Expense": 30000000.0,
        "Other Gand A": 30000000.0,
        "Gross Profit": 190200000.0,
        "Cost Of Revenue": 631300000.0,
        "Total Revenue": 821500000.0,
        "Operating Revenue": 821500000.0
    },
    "2023-06-30": {
        "Tax Effect Of Unusual Items": -3028651.949272,
        "Tax Rate For Calcs": 0.291217,
        "Normalized EBITDA": 477000000.0,
        "Total Unusual Items": -10400000.0,
        "Total Unusual Items Excluding Goodwill": -10400000.0,
        "Net Income From Continuing Operation Net Minority Interest": 151000000.0,
        "Reconciled Depreciation": 239300000.0,
        "Reconciled Cost Of Revenue": 737200000.0,
        "EBITDA": 466600000.0,
        "EBIT": 227300000.0,
        "Net Interest Income": -2900000.0,
        "Interest Expense": 14400000.0,
        "Interest Income": 11500000.0,
        "Normalized Income": 158371348.050728,
        "Net Income From Continuing And Discontinued Operation": 151000000.0,
        "Total Expenses": 866100000.0,
        "Total Operating Income As Reported": 237800000.0,
        "Diluted Average Shares": 1238351000.0,
        "Basic Average Shares": 1227569000.0,
        "Diluted EPS": 0.12,
        "Basic EPS": 0.12,
        "Diluted NI Availto Com Stockholders": 151000000.0,
        "Net Income Common Stockholders": 151000000.0,
        "Net Income": 151000000.0,
        "Minority Interests": 100000.0,
        "Net Income Including Noncontrolling Interests": 150900000.0,
        "Net Income Discontinuous Operations": 0.0,
        "Net Income Continuous Operations": 150900000.0,
        "Tax Provision": 62000000.0,
        "Pretax Income": 212900000.0,
        "Other Income Expense": -10400000.0,
        "Other Non Operating Income Expenses": NaN,
        "Special Income Charges": -300000.0,
        "Gain On Sale Of Ppe": -300000.0,
        "Gain On Sale Of Security": -10100000.0,
        "Net Non Operating Interest Income Expense": -2900000.0,
        "Interest Expense Non Operating": 14400000.0,
        "Interest Income Non Operating": 11500000.0,
        "Operating Income": 226200000.0,
        "Operating Expense": 128900000.0,
        "Other Operating Expenses": 96900000.0,
        "Selling General And Administration": 32000000.0,
        "General And Administrative Expense": 32000000.0,
        "Other Gand A": 32000000.0,
        "Gross Profit": 355100000.0,
        "Cost Of Revenue": 737200000.0,
        "Total Revenue": 1092300000.0,
        "Operating Revenue": 1092300000.0
    },
    "2022-03-31": {
        "Diluted EPS": -0.41,
        "Total Revenue": 701,
        "Gross Profit": 171,
        "Operating Income": 103,
        "EBIT": 269,
        "Net Income": -524
    },
    "2021-12-31": {
        "Diluted EPS": 0.0,
        "Total Revenue": 541,
        "Gross Profit": 1,
        "Operating Income": -136,
        "EBIT": 29,
        "Net Income": 27
    },
    "2021-09-30": {
        "Diluted EPS": -0.04,
        "Total Revenue": 582,
        "Gross Profit": 119,
        "Operating Income": -24,
        "EBIT": 150,
        "Net Income": -45
    },
    "2021-06-30": {
        "Diluted EPS": 0.09,
        "Total Revenue": 708,
        "Gross Profit": 187,
        "Operating Income": 88,
        "EBIT": 256,
        "Net Income": 89
    },
    "2021-03-31": {
        "Diluted EPS": 0.12,
        "Total Revenue": 769,
        "Gross Profit": 235,
        "Operating Income": 144,
        "EBIT": 333,
        "Net Income": 150
    },
    "2020-12-31": {
        "Diluted EPS": 0.62,
        "Total Revenue": NaN,
        "Gross Profit": NaN,
        "Operating Income": 992,
        "EBIT": NaN,
        "Net Income": 783
    },
    "2020-09-30": {
        "Diluted EPS": 0.19,
        "Total Revenue": NaN,
        "Gross Profit": 487,
        "Operating Income": 393,
        "EBIT": 598,
        "Net Income": 241
    },
    "2020-06-30": {
        "Diluted EPS": 0.15,
        "Total Revenue": NaN,
        "Gross Profit": 417,
        "Operating Income": 321,
        "EBIT": 532,
        "Net Income": 196
    },
    "2020-03-31": {
        "Diluted EPS": 0.1,
        "Total Revenue": 880,
        "Gross Profit": 265,
        "Operating Income": 193,
        "EBIT": 386,
        "Net Income": 123
    },
    "2019-12-31": {
        "Diluted EPS": 0.41,
        "Total Revenue": 996,
        "Gross Profit": 647,
        "Operating Income": 569,
        "EBIT": 779,
        "Net Income": 522
    },
    "2019-09-30": {
        "Diluted EPS": 0.05,
        "Total Revenue": 877,
        "Gross Profit": 260,
        "Operating Income": 163,
        "EBIT": 340,
        "Net Income": 61
    },
    "2019-06-30": {
        "Diluted EPS": 0.06,
        "Total Revenue": 838,
        "Gross Profit": 232,
        "Operating Income": 144,
        "EBIT": 324,
        "Net Income": 72
    },
    "2019-03-31": {
        "Diluted EPS": 0.05,
        "Total Revenue": 786,
        "Gross Profit": 210,
        "Operating Income": 115,
        "EBIT": 280,
        "Net Income": 65
    },
    "2018-12-31": {
        "Diluted EPS": -0.02,
        "Total Revenue": 787,
        "Gross Profit": 126,
        "Operating Income": 25,
        "EBIT": 209,
        "Net Income": -28
    },
    "2018-09-30": {
        "Diluted EPS": -0.08,
        "Total Revenue": 754,
        "Gross Profit": 65,
        "Operating Income": -49,
        "EBIT": 156,
        "Net Income": -104
    },
    "2018-06-30": {
        "Diluted EPS": 0.0,
        "Total Revenue": 775,
        "Gross Profit": 130,
        "Operating Income": 46,
        "EBIT": 237,
        "Net Income": 2
    },
    "2018-03-31": {
        "Diluted EPS": 0.08,
        "Total Revenue": 897,
        "Gross Profit": 260,
        "Operating Income": 178,
        "EBIT": 371,
        "Net Income": 106
    },
    "2017-12-31": {
        "Diluted EPS": 0.16,
        "Total Revenue": 810,
        "Gross Profit": 184,
        "Operating Income": 103,
        "EBIT": 293,
        "Net Income": 218
    },
    "2017-09-30": {
        "Diluted EPS": 0.05,
        "Total Revenue": 828,
        "Gross Profit": 193,
        "Operating Income": 80,
        "EBIT": 288,
        "Net Income": 60
    },
    "2017-06-30": {
        "Diluted EPS": 0.03,
        "Total Revenue": 869,
        "Gross Profit": 208,
        "Operating Income": 105,
        "EBIT": 309,
        "Net Income": 33
    },
    "2017-03-31": {
        "Diluted EPS": 0.11,
        "Total Revenue": 796,
        "Gross Profit": 120,
        "Operating Income": 49,
        "EBIT": 266,
        "Net Income": 135
    },
    "2016-12-31": {
        "Diluted EPS": -0.09,
        "Total Revenue": 903,
        "Gross Profit": 136,
        "Operating Income": -36,
        "EBIT": 202,
        "Net Income": -117
    },
    "2016-09-30": {
        "Diluted EPS": 0.0,
        "Total Revenue": 910,
        "Gross Profit": 67,
        "Operating Income": -30,
        "EBIT": 184,
        "Net Income": 3
    },
    "2016-06-30": {
        "Diluted EPS": -0.02,
        "Total Revenue": 876,
        "Gross Profit": 160,
        "Operating Income": 69,
        "EBIT": 279,
        "Net Income": -25
    },
    "2016-03-31": {
        "Diluted EPS": 0.03,
        "Total Revenue": 783,
        "Gross Profit": 132,
        "Operating Income": 43,
        "EBIT": 236,
        "Net Income": 35
    },
    "2015-12-31": {
        "Diluted EPS": -0.73,
        "Total Revenue": 706,
        "Gross Profit": -643,
        "Operating Income": -717,
        "EBIT": -482,
        "Net Income": -842
    },
    "2015-09-30": {
        "Diluted EPS": -0.05,
        "Total Revenue": 809,
        "Gross Profit": 87,
        "Operating Income": 0,
        "EBIT": 240,
        "Net Income": -53
    },
    "2015-06-30": {
        "Diluted EPS": -0.07,
        "Total Revenue": 755,
        "Gross Profit": 56,
        "Operating Income": -68,
        "EBIT": 149,
        "Net Income": -83
    },
    "2015-03-31": {
        "Diluted EPS": -0.01,
        "Total Revenue": 781,
        "Gross Profit": 121,
        "Operating Income": 43,
        "EBIT": 249,
        "Net Income": -7
    },
    "2014-12-31": {
        "Diluted EPS": -1.29,
        "Total Revenue": 791,
        "Gross Profit": NaN,
        "Operating Income": NaN,
        "EBIT": NaN,
        "Net Income": NaN
    },
    "2014-09-30": {
        "Diluted EPS": 0.0,
        "Total Revenue": 946,
        "Gross Profit": 192,
        "Operating Income": 113,
        "EBIT": 346,
        "Net Income": -5
    },
    "2014-06-30": {
        "Diluted EPS": 0.04,
        "Total Revenue": 912,
        "Gross Profit": 386,
        "Operating Income": 80,
        "EBIT": 296,
        "Net Income": 44
    },
    "2014-03-31": {
        "Diluted EPS": 0.03,
        "Total Revenue": 817,
        "Gross Profit": 165,
        "Operating Income": 81,
        "EBIT": 278,
        "Net Income": 30
    },
    "2013-12-31": {
        "Diluted EPS": -0.65,
        "Total Revenue": 877,
        "Gross Profit": -822,
        "Operating Income": -704,
        "EBIT": -498,
        "Net Income": -742
    },
    "2013-09-30": {
        "Diluted EPS": 0.04,
        "Total Revenue": 876,
        "Gross Profit": 205,
        "Operating Income": 102,
        "EBIT": 286,
        "Net Income": 42
    },
    "2013-06-30": {
        "Diluted EPS": -2.81,
        "Total Revenue": 968,
        "Gross Profit": NaN,
        "Operating Income": NaN,
        "EBIT": NaN,
        "Net Income": NaN
    },
    "2013-03-31": {
        "Diluted EPS": 0.14,
        "Total Revenue": NaN,
        "Gross Profit": 582,
        "Operating Income": 251,
        "EBIT": 479,
        "Net Income": 161
    },
    "2012-12-31": {
        "Diluted EPS": -2.62,
        "Total Revenue": NaN,
        "Gross Profit": 870,
        "Operating Income": 394,
        "EBIT": 594,
        "Net Income": NaN
    },
    "2012-09-30": {
        "Diluted EPS": 0.2,
        "Total Revenue": NaN,
        "Gross Profit": 654,
        "Operating Income": 343,
        "EBIT": 525,
        "Net Income": 225
    },
    "2012-06-30": {
        "Diluted EPS": 0.13,
        "Total Revenue": NaN,
        "Gross Profit": 542,
        "Operating Income": 259,
        "EBIT": 412,
        "Net Income": 154
    },
    "2012-03-31": {
        "Diluted EPS": 0.09,
        "Total Revenue": NaN,
        "Gross Profit": 424,
        "Operating Income": 313,
        "EBIT": 460,
        "Net Income": 106
    },
    "2011-12-31": {
        "Diluted EPS": -2.45,
        "Total Revenue": 949,
        "Gross Profit": NaN,
        "Operating Income": 281,
        "EBIT": 412,
        "Net Income": NaN
    },
    "2011-09-30": {
        "Diluted EPS": 0.19,
        "Total Revenue": NaN,
        "Gross Profit": 500,
        "Operating Income": 417,
        "EBIT": 560,
        "Net Income": 213
    },
    "2011-06-30": {
        "Diluted EPS": 0.22,
        "Total Revenue": 988,
        "Gross Profit": 435,
        "Operating Income": 358,
        "EBIT": 515,
        "Net Income": 247
    },
    "2011-03-31": {
        "Diluted EPS": 0.22,
        "Total Revenue": 937,
        "Gross Profit": 411,
        "Operating Income": 339,
        "EBIT": 485,
        "Net Income": 256
    },
    "2010-12-31": {
        "Diluted EPS": 0.19,
        "Total Revenue": 920,
        "Gross Profit": 546,
        "Operating Income": 307,
        "EBIT": 467,
        "Net Income": 210
    },
    "2010-09-30": {
        "Diluted EPS": 0.44,
        "Total Revenue": 736,
        "Gross Profit": 422,
        "Operating Income": 218,
        "EBIT": 335,
        "Net Income": 347
    },
    "2010-06-30": {
        "Diluted EPS": 0.15,
        "Total Revenue": 697,
        "Gross Profit": 407,
        "Operating Income": 226,
        "EBIT": 338,
        "Net Income": 104
    },
    "2010-03-31": {
        "Diluted EPS": 0.16,
        "Total Revenue": 658,
        "Gross Profit": 380,
        "Operating Income": 199,
        "EBIT": 328,
        "Net Income": 111
    },
    "2009-12-31": {
        "Diluted EPS": 0.34,
        "Total Revenue": 699,
        "Gross Profit": 428,
        "Operating Income": 236,
        "EBIT": 346,
        "Net Income": 236
    },
    "2009-09-30": {
        "Diluted EPS": -0.03,
        "Total Revenue": 582,
        "Gross Profit": 311,
        "Operating Income": 129,
        "EBIT": 239,
        "Net Income": -22
    },
    "2009-06-30": {
        "Diluted EPS": 0.03,
        "Total Revenue": 598,
        "Gross Profit": 328,
        "Operating Income": 159,
        "EBIT": 276,
        "Net Income": 19
    },
    "2009-03-31": {
        "Diluted EPS": 0.11,
        "Total Revenue": 533,
        "Gross Profit": 298,
        "Operating Income": 141,
        "EBIT": 252,
        "Net Income": 77
    },
    "2023-09-30": {
        "Tax Effect Of Unusual Items": -120000.0,
        "Tax Rate For Calcs": 0.4,
        "Normalized EBITDA": 495700000.0,
        "Total Unusual Items": -300000.0,
        "Total Unusual Items Excluding Goodwill": -300000.0,
        "Net Income From Continuing Operation Net Minority Interest": 109700000.0,
        "Reconciled Depreciation": 263900000.0,
        "Reconciled Cost Of Revenue": 784500000.0,
        "EBITDA": 495400000.0,
        "EBIT": 231500000.0,
        "Net Interest Income": -8900000.0,
        "Interest Expense": 20200000.0,
        "Interest Income": 11300000.0,
        "Normalized Income": 109880000.0,
        "Net Income From Continuing And Discontinued Operation": 109700000.0,
        "Total Expenses": 881900000.0,
        "Total Operating Income As Reported": 226200000.0,
        "Diluted Average Shares": 1237835000.0,
        "Basic Average Shares": 1227616000.0,
        "Diluted EPS": 0.09,
        "Basic EPS": 0.09,
        "Diluted NI Availto Com Stockholders": 109700000.0,
        "Net Income Common Stockholders": 109700000.0,
        "Net Income": 109700000.0,
        "Minority Interests": 800000.0,
        "Net Income Including Noncontrolling Interests": 108900000.0,
        "Net Income Discontinuous Operations": 0.0,
        "Net Income Continuous Operations": 108900000.0,
        "Tax Provision": 102400000.0,
        "Pretax Income": 211300000.0,
        "Other Income Expense": -300000.0,
        "Other Non Operating Income Expenses": NaN,
        "Special Income Charges": -7400000.0,
        "Gain On Sale Of Ppe": -7400000.0,
        "Gain On Sale Of Security": 7100000.0,
        "Net Non Operating Interest Income Expense": -8900000.0,
        "Interest Expense Non Operating": 20200000.0,
        "Interest Income Non Operating": 11300000.0,
        "Operating Income": 220500000.0,
        "Operating Expense": 97400000.0,
        "Other Operating Expenses": 71600000.0,
        "Selling General And Administration": 25800000.0,
        "General And Administrative Expense": 25800000.0,
        "Other Gand A": 25800000.0,
        "Gross Profit": 317900000.0,
        "Cost Of Revenue": 784500000.0,
        "Total Revenue": 1102400000.0,
        "Operating Revenue": 1102400000.0
    },
    "2023-12-31": {
        "Tax Effect Of Unusual Items": -8400000.0,
        "Tax Rate For Calcs": 0.4,
        "Normalized EBITDA": 462900000.0,
        "Total Unusual Items": -21000000.0,
        "Total Unusual Items Excluding Goodwill": -21000000.0,
        "Net Income From Continuing Operation Net Minority Interest": 65400000.0,
        "Reconciled Depreciation": 271700000.0,
        "Reconciled Cost Of Revenue": 862600000.0,
        "EBITDA": 441900000.0,
        "EBIT": 170200000.0,
        "Net Interest Income": -7700000.0,
        "Interest Expense": 16000000.0,
        "Interest Income": 8300000.0,
        "Normalized Income": 78000000.0,
        "Net Income From Continuing And Discontinued Operation": 65400000.0,
        "Total Expenses": 932800000.0,
        "Total Operating Income As Reported": 193500000.0,
        "Diluted Average Shares": NaN,
        "Basic Average Shares": NaN,
        "Diluted EPS": NaN,
        "Basic EPS": NaN,
        "Diluted NI Availto Com Stockholders": 65400000.0,
        "Net Income Common Stockholders": 65400000.0,
        "Net Income": 65400000.0,
        "Minority Interests": 200000.0,
        "Net Income Including Noncontrolling Interests": 65200000.0,
        "Net Income Discontinuous Operations": 0.0,
        "Net Income Continuous Operations": 65200000.0,
        "Tax Provision": 89000000.0,
        "Pretax Income": 154200000.0,
        "Other Income Expense": -21000000.0,
        "Other Non Operating Income Expenses": NaN,
        "Special Income Charges": -7700000.0,
        "Gain On Sale Of Ppe": -7700000.0,
        "Gain On Sale Of Security": -13300000.0,
        "Net Non Operating Interest Income Expense": -7700000.0,
        "Interest Expense Non Operating": 16000000.0,
        "Interest Income Non Operating": 8300000.0,
        "Operating Income": 182900000.0,
        "Operating Expense": 70200000.0,
        "Other Operating Expenses": 43700000.0,
        "Selling General And Administration": 26500000.0,
        "General And Administrative Expense": 26500000.0,
        "Other Gand A": 26500000.0,
        "Gross Profit": 253100000.0,
        "Cost Of Revenue": 862600000.0,
        "Total Revenue": 1115700000.0,
        "Operating Revenue": 1115700000.0
    }
}