{
    "2023-06-30": {
        "Tax Effect Of Unusual Items": 281078.186796,
        "Tax Rate For Calcs": 0.121996,
        "Normalized EBITDA": -1217000.0,
        "Total Unusual Items": 2304000.0,
        "Total Unusual Items Excluding Goodwill": 2304000.0,
        "Net Income From Continuing Operation Net Minority Interest": -2886000.0,
        "Reconciled Depreciation": 4080000.0,
        "Reconciled Cost Of Revenue": 9534000.0,
        "EBITDA": 1087000.0,
        "EBIT": -2993000.0,
        "Net Interest Income": -294000.0,
        "Interest Expense": 294000.0,
        "Normalized Income": -4908921.813204,
        "Net Income From Continuing And Discontinued Operation": -2886000.0,
        "Total Expenses": 45145000.0,
        "Total Operating Income As Reported": -5586000.0,
        "Diluted Average Shares": 22704723.0,
        "Basic Average Shares": 22704723.0,
        "Diluted EPS": -0.13,
        "Basic EPS": -0.13,
        "Diluted NI Availto Com Stockholders": -2886000.0,
        "Net Income Common Stockholders": -2886000.0,
        "Otherunder Preferred Stock Dividend": NaN,
        "Net Income": -2886000.0,
        "Net Income Including Noncontrolling Interests": -2886000.0,
        "Net Income Continuous Operations": -2886000.0,
        "Tax Provision": -401000.0,
        "Pretax Income": -3287000.0,
        "Other Income Expense": 2593000.0,
        "Other Non Operating Income Expenses": 289000.0,
        "Special Income Charges": 2304000.0,
        "Impairment Of Capital Assets": NaN,
        "Restructuring And Mergern Acquisition": -2304000.0,
        "Net Non Operating Interest Income Expense": -294000.0,
        "Total Other Finance Cost": NaN,
        "Interest Expense Non Operating": 294000.0,
        "Operating Income": -5586000.0,
        "Operating Expense": 35611000.0,
        "Research And Development": 2792000.0,
        "Selling General And Administration": 32819000.0,
        "Selling And Marketing Expense": 13165000.0,
        "General And Administrative Expense": 19654000.0,
        "Other Gand A": 19654000.0,
        "Gross Profit": 30025000.0,
        "Cost Of Revenue": 9534000.0,
        "Total Revenue": 39559000.0,
        "Operating Revenue": 39559000.0
    },
    "2023-03-31": {
        "Tax Effect Of Unusual Items": 52260.0,
        "Tax Rate For Calcs": 0.078,
        "Normalized EBITDA": -5413000.0,
        "Total Unusual Items": 670000.0,
        "Total Unusual Items Excluding Goodwill": 670000.0,
        "Net Income From Continuing Operation Net Minority Interest": -6806000.0,
        "Reconciled Depreciation": 3848000.0,
        "Reconciled Cost Of Revenue": 8027000.0,
        "EBITDA": -4743000.0,
        "EBIT": -8591000.0,
        "Net Interest Income": 210000.0,
        "Interest Expense": NaN,
        "Normalized Income": -7423740.0,
        "Net Income From Continuing And Discontinued Operation": -6806000.0,
        "Total Expenses": 40179000.0,
        "Total Operating Income As Reported": -8591000.0,
        "Diluted Average Shares": 22506024.0,
        "Basic Average Shares": 22506024.0,
        "Diluted EPS": -0.3,
        "Basic EPS": -0.3,
        "Diluted NI Availto Com Stockholders": -6806000.0,
        "Net Income Common Stockholders": -6806000.0,
        "Otherunder Preferred Stock Dividend": NaN,
        "Net Income": -6806000.0,
        "Net Income Including Noncontrolling Interests": -6806000.0,
        "Net Income Continuous Operations": -6806000.0,
        "Tax Provision": -574000.0,
        "Pretax Income": -7380000.0,
        "Other Income Expense": 1001000.0,
        "Other Non Operating Income Expenses": 331000.0,
        "Special Income Charges": 670000.0,
        "Impairment Of Capital Assets": NaN,
        "Restructuring And Mergern Acquisition": -670000.0,
        "Net Non Operating Interest Income Expense": 210000.0,
        "Total Other Finance Cost": -210000.0,
        "Interest Expense Non Operating": NaN,
        "Operating Income": -8591000.0,
        "Operating Expense": 32152000.0,
        "Research And Development": 2446000.0,
        "Selling General And Administration": 29706000.0,
        "Selling And Marketing Expense": 12549000.0,
        "General And Administrative Expense": 17157000.0,
        "Other Gand A": 17157000.0,
        "Gross Profit": 23561000.0,
        "Cost Of Revenue": 8027000.0,
        "Total Revenue": 31588000.0,
        "Operating Revenue": 31588000.0
    },
    "2022-12-31": {
        "Tax Effect Of Unusual Items": NaN,
        "Tax Rate For Calcs": NaN,
        "Normalized EBITDA": NaN,
        "Total Unusual Items": NaN,
        "Total Unusual Items Excluding Goodwill": NaN,
        "Net Income From Continuing Operation Net Minority Interest": NaN,
        "Reconciled Depreciation": NaN,
        "Reconciled Cost Of Revenue": NaN,
        "EBITDA": NaN,
        "EBIT": NaN,
        "Net Interest Income": NaN,
        "Interest Expense": -61000.0,
        "Normalized Income": NaN,
        "Net Income From Continuing And Discontinued Operation": NaN,
        "Total Expenses": NaN,
        "Total Operating Income As Reported": NaN,
        "Diluted Average Shares": 22473716.0,
        "Basic Average Shares": 22473716.0,
        "Diluted EPS": -0.35,
        "Basic EPS": -0.35,
        "Diluted NI Availto Com Stockholders": NaN,
        "Net Income Common Stockholders": NaN,
        "Otherunder Preferred Stock Dividend": NaN,
        "Net Income": NaN,
        "Net Income Including Noncontrolling Interests": NaN,
        "Net Income Continuous Operations": NaN,
        "Tax Provision": NaN,
        "Pretax Income": NaN,
        "Other Income Expense": NaN,
        "Other Non Operating Income Expenses": NaN,
        "Special Income Charges": NaN,
        "Impairment Of Capital Assets": 0.0,
        "Restructuring And Mergern Acquisition": NaN,
        "Net Non Operating Interest Income Expense": NaN,
        "Total Other Finance Cost": NaN,
        "Interest Expense Non Operating": -61000.0,
        "Operating Income": NaN,
        "Operating Expense": NaN,
        "Research And Development": NaN,
        "Selling General And Administration": NaN,
        "Selling And Marketing Expense": NaN,
        "General And Administrative Expense": NaN,
        "Other Gand A": NaN,
        "Gross Profit": NaN,
        "Cost Of Revenue": NaN,
        "Total Revenue": NaN,
        "Operating Revenue": NaN
    },
    "2022-09-30": {
        "Tax Effect Of Unusual Items": NaN,
        "Tax Rate For Calcs": NaN,
        "Normalized EBITDA": NaN,
        "Total Unusual Items": NaN,
        "Total Unusual Items Excluding Goodwill": NaN,
        "Net Income From Continuing Operation Net Minority Interest": NaN,
        "Reconciled Depreciation": NaN,
        "Reconciled Cost Of Revenue": NaN,
        "EBITDA": NaN,
        "EBIT": NaN,
        "Net Interest Income": NaN,
        "Interest Expense": 708000.0,
        "Normalized Income": NaN,
        "Net Income From Continuing And Discontinued Operation": NaN,
        "Total Expenses": NaN,
        "Total Operating Income As Reported": NaN,
        "Diluted Average Shares": NaN,
        "Basic Average Shares": NaN,
        "Diluted EPS": NaN,
        "Basic EPS": NaN,
        "Diluted NI Availto Com Stockholders": NaN,
        "Net Income Common Stockholders": NaN,
        "Otherunder Preferred Stock Dividend": 353000.0,
        "Net Income": NaN,
        "Net Income Including Noncontrolling Interests": NaN,
        "Net Income Continuous Operations": NaN,
        "Tax Provision": NaN,
        "Pretax Income": NaN,
        "Other Income Expense": NaN,
        "Other Non Operating Income Expenses": NaN,
        "Special Income Charges": NaN,
        "Impairment Of Capital Assets": 3609000.0,
        "Restructuring And Mergern Acquisition": NaN,
        "Net Non Operating Interest Income Expense": NaN,
        "Total Other Finance Cost": NaN,
        "Interest Expense Non Operating": 708000.0,
        "Operating Income": NaN,
        "Operating Expense": NaN,
        "Research And Development": NaN,
        "Selling General And Administration": NaN,
        "Selling And Marketing Expense": NaN,
        "General And Administrative Expense": NaN,
        "Other Gand A": NaN,
        "Gross Profit": NaN,
        "Cost Of Revenue": NaN,
        "Total Revenue": NaN,
        "Operating Revenue": NaN
    },
    "2022-06-30": {
        "Tax Effect Of Unusual Items": 2004000.0,
        "Tax Rate For Calcs": 0.4,
        "Normalized EBITDA": -4570000.0,
        "Total Unusual Items": 5010000.0,
        "Total Unusual Items Excluding Goodwill": 5010000.0,
        "Net Income From Continuing Operation Net Minority Interest": -333000.0,
        "Reconciled Depreciation": 3331000.0,
        "Reconciled Cost Of Revenue": 7947000.0,
        "EBITDA": 440000.0,
        "EBIT": 440000.0,
        "Net Interest Income": -1212000.0,
        "Interest Expense": 1212000.0,
        "Normalized Income": -3339000.0,
        "Net Income From Continuing And Discontinued Operation": -333000.0,
        "Total Expenses": 36671000.0,
        "Total Operating Income As Reported": -3743000.0,
        "Diluted Average Shares": 19792286.0,
        "Basic Average Shares": 19792286.0,
        "Diluted EPS": -0.02,
        "Basic EPS": -0.02,
        "Diluted NI Availto Com Stockholders": -333000.0,
        "Net Income Common Stockholders": -333000.0,
        "Net Income": -333000.0,
        "Net Income Including Noncontrolling Interests": -333000.0,
        "Net Income Continuous Operations": -333000.0,
        "Tax Provision": -439000.0,
        "Pretax Income": -772000.0,
        "Other Income Expense": 4183000.0,
        "Other Non Operating Income Expenses": -827000.0,
        "Special Income Charges": 5010000.0,
        "Impairment Of Capital Assets": NaN,
        "Restructuring And Mergern Acquisition": -5010000.0,
        "Net Non Operating Interest Income Expense": -1212000.0,
        "Total Other Finance Cost": NaN,
        "Interest Expense Non Operating": 1212000.0,
        "Operating Income": -3743000.0,
        "Operating Expense": 28724000.0,
        "Research And Development": 1747000.0,
        "Selling General And Administration": 26977000.0,
        "Selling And Marketing Expense": 12431000.0,
        "General And Administrative Expense": 14546000.0,
        "Other Gand A": 14546000.0,
        "Gross Profit": 24981000.0,
        "Cost Of Revenue": 7947000.0,
        "Total Revenue": 32928000.0,
        "Operating Revenue": 32928000.0
    },
    "2022-03-31": {
        "Diluted EPS": -0.47,
        "Total Revenue": 23,
        "Gross Profit": 19,
        "Operating Income": -6,
        "EBIT": -3,
        "Net Income": -9
    },
    "2021-12-31": {
        "Diluted EPS": 0.0,
        "Total Revenue": 25,
        "Gross Profit": 18,
        "Operating Income": -6,
        "EBIT": -3,
        "Net Income": 0
    },
    "2021-09-30": {
        "Diluted EPS": -0.11,
        "Total Revenue": 25,
        "Gross Profit": 19,
        "Operating Income": -4,
        "EBIT": -1,
        "Net Income": -2
    },
    "2021-06-30": {
        "Diluted EPS": -0.19,
        "Total Revenue": 27,
        "Gross Profit": 20,
        "Operating Income": -3,
        "EBIT": 0,
        "Net Income": -4
    },
    "2021-03-31": {
        "Diluted EPS": -0.54,
        "Total Revenue": 21,
        "Gross Profit": 16,
        "Operating Income": -6,
        "EBIT": -3,
        "Net Income": -10
    },
    "2020-12-31": {
        "Diluted EPS": -0.74,
        "Total Revenue": 19,
        "Gross Profit": 15,
        "Operating Income": -13,
        "EBIT": -10,
        "Net Income": -14
    },
    "2020-09-30": {
        "Diluted EPS": -0.24,
        "Total Revenue": 22,
        "Gross Profit": 18,
        "Operating Income": -2,
        "EBIT": 0,
        "Net Income": -5
    },
    "2020-06-30": {
        "Diluted EPS": -0.54,
        "Total Revenue": 14,
        "Gross Profit": 10,
        "Operating Income": -7,
        "EBIT": -5,
        "Net Income": -9
    },
    "2020-03-31": {
        "Diluted EPS": -0.3,
        "Total Revenue": 16,
        "Gross Profit": 12,
        "Operating Income": -4,
        "EBIT": -3,
        "Net Income": -5
    },
    "2019-12-31": {
        "Diluted EPS": -0.37,
        "Total Revenue": 19,
        "Gross Profit": 14,
        "Operating Income": -3,
        "EBIT": -2,
        "Net Income": -5
    },
    "2019-09-30": {
        "Diluted EPS": -0.18,
        "Total Revenue": 21,
        "Gross Profit": 16,
        "Operating Income": -2,
        "EBIT": 0,
        "Net Income": -3
    },
    "2019-06-30": {
        "Diluted EPS": -0.18,
        "Total Revenue": 18,
        "Gross Profit": 14,
        "Operating Income": -2,
        "EBIT": -1,
        "Net Income": -3
    },
    "2019-03-31": {
        "Diluted EPS": -0.21,
        "Total Revenue": 15,
        "Gross Profit": 11,
        "Operating Income": -3,
        "EBIT": -2,
        "Net Income": -3
    },
    "2018-12-31": {
        "Diluted EPS": -0.19,
        "Total Revenue": 15,
        "Gross Profit": 11,
        "Operating Income": -2,
        "EBIT": -1,
        "Net Income": -2
    },
    "2018-09-30": {
        "Diluted EPS": -0.15,
        "Total Revenue": 16,
        "Gross Profit": 12,
        "Operating Income": -1,
        "EBIT": 0,
        "Net Income": -2
    },
    "2018-06-30": {
        "Diluted EPS": -0.21,
        "Total Revenue": 15,
        "Gross Profit": 11,
        "Operating Income": -2,
        "EBIT": -1,
        "Net Income": -3
    },
    "2018-03-31": {
        "Diluted EPS": -0.41,
        "Total Revenue": 12,
        "Gross Profit": 9,
        "Operating Income": -4,
        "EBIT": -4,
        "Net Income": -5
    },
    "2017-12-31": {
        "Diluted EPS": -1.05,
        "Total Revenue": 12,
        "Gross Profit": 9,
        "Operating Income": -4,
        "EBIT": -4,
        "Net Income": -15
    },
    "2017-09-30": {
        "Diluted EPS": -1.7,
        "Total Revenue": 12,
        "Gross Profit": 9,
        "Operating Income": -1,
        "EBIT": 0,
        "Net Income": -3
    },
    "2017-06-30": {
        "Diluted EPS": -1.56,
        "Total Revenue": 12,
        "Gross Profit": 9,
        "Operating Income": -1,
        "EBIT": 0,
        "Net Income": -3
    },
    "2017-03-31": {
        "Diluted EPS": -1.55,
        "Total Revenue": 10,
        "Gross Profit": 7,
        "Operating Income": -1,
        "EBIT": 0,
        "Net Income": -3
    },
    "2016-12-31": {
        "Diluted EPS": 0.0,
        "Total Revenue": NaN,
        "Gross Profit": NaN,
        "Operating Income": NaN,
        "EBIT": NaN,
        "Net Income": NaN
    },
    "2016-09-30": {
        "Diluted EPS": -1.38,
        "Total Revenue": 10,
        "Gross Profit": 7,
        "Operating Income": -1,
        "EBIT": -1,
        "Net Income": -2
    },
    "2015-12-31": {
        "Diluted EPS": 0.0,
        "Total Revenue": NaN,
        "Gross Profit": NaN,
        "Operating Income": NaN,
        "EBIT": NaN,
        "Net Income": NaN
    },
    "2023-09-30": {
        "Tax Effect Of Unusual Items": -206850.0,
        "Tax Rate For Calcs": 0.21,
        "Normalized EBITDA": 1534000.0,
        "Total Unusual Items": -985000.0,
        "Total Unusual Items Excluding Goodwill": -985000.0,
        "Net Income From Continuing Operation Net Minority Interest": -4591000.0,
        "Reconciled Depreciation": 4270000.0,
        "Reconciled Cost Of Revenue": 9019000.0,
        "EBITDA": 549000.0,
        "EBIT": -3721000.0,
        "Net Interest Income": -21000.0,
        "Interest Expense": 21000.0,
        "Normalized Income": -3812850.0,
        "Net Income From Continuing And Discontinued Operation": -4591000.0,
        "Total Expenses": 43495000.0,
        "Total Operating Income As Reported": -4508000.0,
        "Diluted Average Shares": 22762823.0,
        "Basic Average Shares": 22762823.0,
        "Diluted EPS": -0.2,
        "Basic EPS": -0.2,
        "Diluted NI Availto Com Stockholders": -4591000.0,
        "Net Income Common Stockholders": -4591000.0,
        "Otherunder Preferred Stock Dividend": 0.0,
        "Net Income": -4591000.0,
        "Net Income Including Noncontrolling Interests": -4591000.0,
        "Net Income Continuous Operations": -4591000.0,
        "Tax Provision": 849000.0,
        "Pretax Income": -3742000.0,
        "Other Income Expense": -198000.0,
        "Other Non Operating Income Expenses": 787000.0,
        "Special Income Charges": -985000.0,
        "Impairment Of Capital Assets": 985000.0,
        "Restructuring And Mergern Acquisition": 0.0,
        "Net Non Operating Interest Income Expense": -21000.0,
        "Total Other Finance Cost": NaN,
        "Interest Expense Non Operating": 21000.0,
        "Operating Income": -3523000.0,
        "Operating Expense": 34476000.0,
        "Research And Development": 2387000.0,
        "Selling General And Administration": 32089000.0,
        "Selling And Marketing Expense": 13582000.0,
        "General And Administrative Expense": 18507000.0,
        "Other Gand A": 18507000.0,
        "Gross Profit": 30953000.0,
        "Cost Of Revenue": 9019000.0,
        "Total Revenue": 39972000.0,
        "Operating Revenue": 39972000.0
    },
    "2023-12-31": {
        "Tax Effect Of Unusual Items": 184.26771,
        "Tax Rate For Calcs": 0.030711,
        "Normalized EBITDA": -6281000.0,
        "Total Unusual Items": 6000.0,
        "Total Unusual Items Excluding Goodwill": 6000.0,
        "Net Income From Continuing Operation Net Minority Interest": -6691000.0,
        "Reconciled Depreciation": 5187000.0,
        "Reconciled Cost Of Revenue": 10899000.0,
        "EBITDA": -6275000.0,
        "EBIT": -11462000.0,
        "Net Interest Income": 303000.0,
        "Interest Expense": NaN,
        "Normalized Income": -6696815.73229,
        "Net Income From Continuing And Discontinued Operation": -6691000.0,
        "Total Expenses": 45679000.0,
        "Total Operating Income As Reported": -8066000.0,
        "Diluted Average Shares": NaN,
        "Basic Average Shares": NaN,
        "Diluted EPS": NaN,
        "Basic EPS": NaN,
        "Diluted NI Availto Com Stockholders": -6691000.0,
        "Net Income Common Stockholders": -6691000.0,
        "Otherunder Preferred Stock Dividend": 0.0,
        "Net Income": -6691000.0,
        "Net Income Including Noncontrolling Interests": -6691000.0,
        "Net Income Continuous Operations": -6691000.0,
        "Tax Provision": -212000.0,
        "Pretax Income": -6903000.0,
        "Other Income Expense": 860000.0,
        "Other Non Operating Income Expenses": 854000.0,
        "Special Income Charges": 6000.0,
        "Impairment Of Capital Assets": 0.0,
        "Restructuring And Mergern Acquisition": -6000.0,
        "Net Non Operating Interest Income Expense": 303000.0,
        "Total Other Finance Cost": NaN,
        "Interest Expense Non Operating": NaN,
        "Operating Income": -8066000.0,
        "Operating Expense": 34780000.0,
        "Research And Development": 2747000.0,
        "Selling General And Administration": 32033000.0,
        "Selling And Marketing Expense": 12439000.0,
        "General And Administrative Expense": 19594000.0,
        "Other Gand A": 19594000.0,
        "Gross Profit": 26714000.0,
        "Cost Of Revenue": 10899000.0,
        "Total Revenue": 37613000.0,
        "Operating Revenue": 37613000.0
    },
    "2024-03-31": {
        "Tax Effect Of Unusual Items": 0.0,
        "Tax Rate For Calcs": 0.245,
        "Normalized EBITDA": -4695000.0,
        "Total Unusual Items": 0.0,
        "Total Unusual Items Excluding Goodwill": 0.0,
        "Net Income From Continuing Operation Net Minority Interest": -7805000.0,
        "Reconciled Depreciation": 5028000.0,
        "Reconciled Cost Of Revenue": 12511000.0,
        "EBITDA": -4695000.0,
        "EBIT": -9723000.0,
        "Net Interest Income": -637000.0,
        "Interest Expense": NaN,
        "Normalized Income": -7805000.0,
        "Net Income From Continuing And Discontinued Operation": -7805000.0,
        "Total Expenses": 54408000.0,
        "Total Operating Income As Reported": -9723000.0,
        "Diluted Average Shares": 22820779.0,
        "Basic Average Shares": 22820779.0,
        "Diluted EPS": -0.34,
        "Basic EPS": -0.34,
        "Diluted NI Availto Com Stockholders": -7805000.0,
        "Net Income Common Stockholders": -7805000.0,
        "Otherunder Preferred Stock Dividend": NaN,
        "Net Income": -7805000.0,
        "Net Income Including Noncontrolling Interests": -7805000.0,
        "Net Income Continuous Operations": -7805000.0,
        "Tax Provision": -2531000.0,
        "Pretax Income": -10336000.0,
        "Other Income Expense": 24000.0,
        "Other Non Operating Income Expenses": 24000.0,
        "Special Income Charges": 0.0,
        "Impairment Of Capital Assets": NaN,
        "Restructuring And Mergern Acquisition": 0.0,
        "Net Non Operating Interest Income Expense": -637000.0,
        "Total Other Finance Cost": 637000.0,
        "Interest Expense Non Operating": NaN,
        "Operating Income": -9723000.0,
        "Operating Expense": 41897000.0,
        "Research And Development": 2998000.0,
        "Selling General And Administration": 38899000.0,
        "Selling And Marketing Expense": 14169000.0,
        "General And Administrative Expense": 24730000.0,
        "Other Gand A": 24730000.0,
        "Gross Profit": 32174000.0,
        "Cost Of Revenue": 12511000.0,
        "Total Revenue": 44685000.0,
        "Operating Revenue": 44685000.0
    }
}