{
    "2023-03-31": {
        "Tax Effect Of Unusual Items": NaN,
        "Tax Rate For Calcs": NaN,
        "Normalized EBITDA": NaN,
        "Net Income From Continuing Operation Net Minority Interest": NaN,
        "Reconciled Depreciation": NaN,
        "Reconciled Cost Of Revenue": NaN,
        "EBITDA": NaN,
        "EBIT": NaN,
        "Net Interest Income": NaN,
        "Interest Income": NaN,
        "Normalized Income": NaN,
        "Net Income From Continuing And Discontinued Operation": NaN,
        "Total Expenses": NaN,
        "Total Operating Income As Reported": NaN,
        "Diluted Average Shares": 373025000.0,
        "Basic Average Shares": 373025000.0,
        "Diluted EPS": -0.09,
        "Basic EPS": -0.09,
        "Diluted NI Availto Com Stockholders": NaN,
        "Net Income Common Stockholders": NaN,
        "Net Income": NaN,
        "Net Income Including Noncontrolling Interests": NaN,
        "Net Income Continuous Operations": NaN,
        "Tax Provision": NaN,
        "Pretax Income": NaN,
        "Other Income Expense": NaN,
        "Other Non Operating Income Expenses": NaN,
        "Net Non Operating Interest Income Expense": NaN,
        "Interest Income Non Operating": NaN,
        "Operating Income": NaN,
        "Operating Expense": NaN,
        "Research And Development": NaN,
        "Selling General And Administration": NaN,
        "Selling And Marketing Expense": NaN,
        "General And Administrative Expense": NaN,
        "Other Gand A": NaN,
        "Salaries And Wages": NaN,
        "Gross Profit": NaN,
        "Cost Of Revenue": NaN,
        "Total Revenue": NaN,
        "Operating Revenue": NaN
    },
    "2022-12-31": {
        "Tax Effect Of Unusual Items": NaN,
        "Tax Rate For Calcs": NaN,
        "Normalized EBITDA": NaN,
        "Net Income From Continuing Operation Net Minority Interest": NaN,
        "Reconciled Depreciation": NaN,
        "Reconciled Cost Of Revenue": NaN,
        "EBITDA": NaN,
        "EBIT": NaN,
        "Net Interest Income": NaN,
        "Interest Income": NaN,
        "Normalized Income": NaN,
        "Net Income From Continuing And Discontinued Operation": NaN,
        "Total Expenses": NaN,
        "Total Operating Income As Reported": NaN,
        "Diluted Average Shares": 370305000.0,
        "Basic Average Shares": 370305000.0,
        "Diluted EPS": -0.09,
        "Basic EPS": -0.09,
        "Diluted NI Availto Com Stockholders": NaN,
        "Net Income Common Stockholders": NaN,
        "Net Income": NaN,
        "Net Income Including Noncontrolling Interests": NaN,
        "Net Income Continuous Operations": NaN,
        "Tax Provision": NaN,
        "Pretax Income": NaN,
        "Other Income Expense": NaN,
        "Other Non Operating Income Expenses": NaN,
        "Net Non Operating Interest Income Expense": NaN,
        "Interest Income Non Operating": NaN,
        "Operating Income": NaN,
        "Operating Expense": NaN,
        "Research And Development": NaN,
        "Selling General And Administration": NaN,
        "Selling And Marketing Expense": NaN,
        "General And Administrative Expense": NaN,
        "Other Gand A": NaN,
        "Salaries And Wages": NaN,
        "Gross Profit": NaN,
        "Cost Of Revenue": NaN,
        "Total Revenue": NaN,
        "Operating Revenue": NaN
    },
    "2022-09-30": {
        "Tax Effect Of Unusual Items": NaN,
        "Tax Rate For Calcs": NaN,
        "Normalized EBITDA": NaN,
        "Net Income From Continuing Operation Net Minority Interest": NaN,
        "Reconciled Depreciation": NaN,
        "Reconciled Cost Of Revenue": NaN,
        "EBITDA": NaN,
        "EBIT": NaN,
        "Net Interest Income": NaN,
        "Interest Income": NaN,
        "Normalized Income": NaN,
        "Net Income From Continuing And Discontinued Operation": NaN,
        "Total Expenses": NaN,
        "Total Operating Income As Reported": NaN,
        "Diluted Average Shares": NaN,
        "Basic Average Shares": NaN,
        "Diluted EPS": NaN,
        "Basic EPS": NaN,
        "Diluted NI Availto Com Stockholders": NaN,
        "Net Income Common Stockholders": NaN,
        "Net Income": NaN,
        "Net Income Including Noncontrolling Interests": NaN,
        "Net Income Continuous Operations": NaN,
        "Tax Provision": NaN,
        "Pretax Income": NaN,
        "Other Income Expense": NaN,
        "Other Non Operating Income Expenses": NaN,
        "Net Non Operating Interest Income Expense": NaN,
        "Interest Income Non Operating": NaN,
        "Operating Income": NaN,
        "Operating Expense": NaN,
        "Research And Development": NaN,
        "Selling General And Administration": NaN,
        "Selling And Marketing Expense": NaN,
        "General And Administrative Expense": NaN,
        "Other Gand A": NaN,
        "Salaries And Wages": 19451000.0,
        "Gross Profit": NaN,
        "Cost Of Revenue": NaN,
        "Total Revenue": NaN,
        "Operating Revenue": NaN
    },
    "2022-06-30": {
        "Tax Effect Of Unusual Items": 0.0,
        "Tax Rate For Calcs": 0.4,
        "Normalized EBITDA": -36881000.0,
        "Net Income From Continuing Operation Net Minority Interest": -36843000.0,
        "Reconciled Depreciation": 1374000.0,
        "Reconciled Cost Of Revenue": 10187000.0,
        "EBITDA": -36881000.0,
        "EBIT": -38255000.0,
        "Net Interest Income": 2153000.0,
        "Interest Income": 2153000.0,
        "Normalized Income": -36843000.0,
        "Net Income From Continuing And Discontinued Operation": -36843000.0,
        "Total Expenses": 92796000.0,
        "Total Operating Income As Reported": -38255000.0,
        "Diluted Average Shares": 385127000.0,
        "Basic Average Shares": 385127000.0,
        "Diluted EPS": -0.1,
        "Basic EPS": -0.1,
        "Diluted NI Availto Com Stockholders": -36843000.0,
        "Net Income Common Stockholders": -36843000.0,
        "Net Income": -36843000.0,
        "Net Income Including Noncontrolling Interests": -36843000.0,
        "Net Income Continuous Operations": -36843000.0,
        "Tax Provision": 33000.0,
        "Pretax Income": -36810000.0,
        "Other Income Expense": -708000.0,
        "Other Non Operating Income Expenses": -708000.0,
        "Net Non Operating Interest Income Expense": 2153000.0,
        "Interest Income Non Operating": 2153000.0,
        "Operating Income": -38255000.0,
        "Operating Expense": 82609000.0,
        "Research And Development": 32699000.0,
        "Selling General And Administration": 49910000.0,
        "Selling And Marketing Expense": 32627000.0,
        "General And Administrative Expense": 17283000.0,
        "Other Gand A": 17283000.0,
        "Gross Profit": 44354000.0,
        "Cost Of Revenue": 10187000.0,
        "Total Revenue": 54541000.0,
        "Operating Revenue": 54541000.0
    },
    "2022-03-31": {
        "Diluted EPS": -0.09,
        "Total Revenue": 51,
        "Gross Profit": 42,
        "Operating Income": -33,
        "EBIT": -32,
        "Net Income": -33
    },
    "2021-12-31": {
        "Diluted EPS": 0.0,
        "Total Revenue": 59,
        "Gross Profit": 51,
        "Operating Income": -29,
        "EBIT": -28,
        "Net Income": -29
    },
    "2021-09-30": {
        "Diluted EPS": -0.18,
        "Total Revenue": 53,
        "Gross Profit": 45,
        "Operating Income": -19,
        "EBIT": -18,
        "Net Income": -19
    },
    "2021-06-30": {
        "Diluted EPS": -0.21,
        "Total Revenue": 46,
        "Gross Profit": 39,
        "Operating Income": -21,
        "EBIT": -20,
        "Net Income": -21
    },
    "2021-03-31": {
        "Diluted EPS": -0.26,
        "Total Revenue": 34,
        "Gross Profit": 28,
        "Operating Income": -25,
        "EBIT": -24,
        "Net Income": -25
    },
    "2020-12-31": {
        "Diluted EPS": 0.0,
        "Total Revenue": NaN,
        "Gross Profit": NaN,
        "Operating Income": NaN,
        "EBIT": NaN,
        "Net Income": NaN
    },
    "2023-06-30": {
        "Tax Effect Of Unusual Items": NaN,
        "Tax Rate For Calcs": NaN,
        "Normalized EBITDA": NaN,
        "Net Income From Continuing Operation Net Minority Interest": NaN,
        "Reconciled Depreciation": NaN,
        "Reconciled Cost Of Revenue": NaN,
        "EBITDA": NaN,
        "EBIT": NaN,
        "Net Interest Income": NaN,
        "Interest Income": NaN,
        "Normalized Income": NaN,
        "Net Income From Continuing And Discontinued Operation": NaN,
        "Total Expenses": NaN,
        "Total Operating Income As Reported": NaN,
        "Diluted Average Shares": 375896000.0,
        "Basic Average Shares": 375896000.0,
        "Diluted EPS": -0.09,
        "Basic EPS": -0.09,
        "Diluted NI Availto Com Stockholders": NaN,
        "Net Income Common Stockholders": NaN,
        "Net Income": NaN,
        "Net Income Including Noncontrolling Interests": NaN,
        "Net Income Continuous Operations": NaN,
        "Tax Provision": NaN,
        "Pretax Income": NaN,
        "Other Income Expense": NaN,
        "Other Non Operating Income Expenses": NaN,
        "Net Non Operating Interest Income Expense": NaN,
        "Interest Income Non Operating": NaN,
        "Operating Income": NaN,
        "Operating Expense": NaN,
        "Research And Development": NaN,
        "Selling General And Administration": NaN,
        "Selling And Marketing Expense": NaN,
        "General And Administrative Expense": NaN,
        "Other Gand A": NaN,
        "Salaries And Wages": NaN,
        "Gross Profit": NaN,
        "Cost Of Revenue": NaN,
        "Total Revenue": NaN,
        "Operating Revenue": NaN
    },
    "2023-09-30": {
        "Tax Effect Of Unusual Items": 0.0,
        "Tax Rate For Calcs": 0.21,
        "Normalized EBITDA": -42925000.0,
        "Net Income From Continuing Operation Net Minority Interest": -38116000.0,
        "Reconciled Depreciation": 1451000.0,
        "Reconciled Cost Of Revenue": 10723000.0,
        "EBITDA": -42925000.0,
        "EBIT": -44376000.0,
        "Net Interest Income": 6766000.0,
        "Interest Income": 6766000.0,
        "Normalized Income": -38116000.0,
        "Net Income From Continuing And Discontinued Operation": -38116000.0,
        "Total Expenses": 100468000.0,
        "Total Operating Income As Reported": -44376000.0,
        "Diluted Average Shares": 381482000.0,
        "Basic Average Shares": 381482000.0,
        "Diluted EPS": -0.1,
        "Basic EPS": -0.1,
        "Diluted NI Availto Com Stockholders": -38116000.0,
        "Net Income Common Stockholders": -38116000.0,
        "Net Income": -38116000.0,
        "Net Income Including Noncontrolling Interests": -38116000.0,
        "Net Income Continuous Operations": -38116000.0,
        "Tax Provision": 289000.0,
        "Pretax Income": -37827000.0,
        "Other Income Expense": -217000.0,
        "Other Non Operating Income Expenses": -217000.0,
        "Net Non Operating Interest Income Expense": 6766000.0,
        "Interest Income Non Operating": 6766000.0,
        "Operating Income": -44376000.0,
        "Operating Expense": 89745000.0,
        "Research And Development": 39649000.0,
        "Selling General And Administration": 50096000.0,
        "Selling And Marketing Expense": 6970000.0,
        "General And Administrative Expense": 43126000.0,
        "Other Gand A": 19532000.0,
        "Salaries And Wages": 23594000.0,
        "Gross Profit": 45369000.0,
        "Cost Of Revenue": 10723000.0,
        "Total Revenue": 56092000.0,
        "Operating Revenue": 56092000.0
    },
    "2023-12-31": {
        "Tax Effect Of Unusual Items": 0.0,
        "Tax Rate For Calcs": 0.21,
        "Normalized EBITDA": -46241000.0,
        "Net Income From Continuing Operation Net Minority Interest": -40530000.0,
        "Reconciled Depreciation": 1413000.0,
        "Reconciled Cost Of Revenue": 10539000.0,
        "EBITDA": -46241000.0,
        "EBIT": -47654000.0,
        "Net Interest Income": 7145000.0,
        "Interest Income": 7145000.0,
        "Normalized Income": -40530000.0,
        "Net Income From Continuing And Discontinued Operation": -40530000.0,
        "Total Expenses": 103211000.0,
        "Total Operating Income As Reported": -47654000.0,
        "Diluted Average Shares": NaN,
        "Basic Average Shares": NaN,
        "Diluted EPS": NaN,
        "Basic EPS": NaN,
        "Diluted NI Availto Com Stockholders": -40530000.0,
        "Net Income Common Stockholders": -40530000.0,
        "Net Income": -40530000.0,
        "Net Income Including Noncontrolling Interests": -40530000.0,
        "Net Income Continuous Operations": -40530000.0,
        "Tax Provision": 42000.0,
        "Pretax Income": -40488000.0,
        "Other Income Expense": 21000.0,
        "Other Non Operating Income Expenses": 21000.0,
        "Net Non Operating Interest Income Expense": 7145000.0,
        "Interest Income Non Operating": 7145000.0,
        "Operating Income": -47654000.0,
        "Operating Expense": 92672000.0,
        "Research And Development": 40250000.0,
        "Selling General And Administration": 52422000.0,
        "Selling And Marketing Expense": 6241000.0,
        "General And Administrative Expense": 46181000.0,
        "Other Gand A": 20656000.0,
        "Salaries And Wages": 25525000.0,
        "Gross Profit": 45018000.0,
        "Cost Of Revenue": 10539000.0,
        "Total Revenue": 55557000.0,
        "Operating Revenue": 55557000.0
    },
    "2024-03-31": {
        "Tax Effect Of Unusual Items": 0.0,
        "Tax Rate For Calcs": 0.21,
        "Normalized EBITDA": -33362000.0,
        "Net Income From Continuing Operation Net Minority Interest": -28261000.0,
        "Reconciled Depreciation": 1387000.0,
        "Reconciled Cost Of Revenue": 9978000.0,
        "EBITDA": -33362000.0,
        "EBIT": -34749000.0,
        "Net Interest Income": 6846000.0,
        "Interest Income": 6846000.0,
        "Normalized Income": -28261000.0,
        "Net Income From Continuing And Discontinued Operation": -28261000.0,
        "Total Expenses": 87895000.0,
        "Total Operating Income As Reported": -34749000.0,
        "Diluted Average Shares": 392219000.0,
        "Basic Average Shares": 392219000.0,
        "Diluted EPS": -0.07,
        "Basic EPS": -0.07,
        "Diluted NI Availto Com Stockholders": -28261000.0,
        "Net Income Common Stockholders": -28261000.0,
        "Net Income": -28261000.0,
        "Net Income Including Noncontrolling Interests": -28261000.0,
        "Net Income Continuous Operations": -28261000.0,
        "Tax Provision": 199000.0,
        "Pretax Income": -28062000.0,
        "Other Income Expense": -159000.0,
        "Other Non Operating Income Expenses": -159000.0,
        "Net Non Operating Interest Income Expense": 6846000.0,
        "Interest Income Non Operating": 6846000.0,
        "Operating Income": -34749000.0,
        "Operating Expense": 77917000.0,
        "Research And Development": 31319000.0,
        "Selling General And Administration": 46598000.0,
        "Selling And Marketing Expense": 8956000.0,
        "General And Administrative Expense": 37642000.0,
        "Other Gand A": 16726000.0,
        "Salaries And Wages": 20916000.0,
        "Gross Profit": 43168000.0,
        "Cost Of Revenue": 9978000.0,
        "Total Revenue": 53146000.0,
        "Operating Revenue": 53146000.0
    },
    "2024-06-30": {
        "Tax Effect Of Unusual Items": 0.0,
        "Tax Rate For Calcs": 0.21,
        "Normalized EBITDA": -47873000.0,
        "Net Income From Continuing Operation Net Minority Interest": -42781000.0,
        "Reconciled Depreciation": 1143000.0,
        "Reconciled Cost Of Revenue": 10280000.0,
        "EBITDA": -47873000.0,
        "EBIT": -49016000.0,
        "Net Interest Income": 6409000.0,
        "Interest Income": 6409000.0,
        "Normalized Income": -42781000.0,
        "Net Income From Continuing And Discontinued Operation": -42781000.0,
        "Total Expenses": 112308000.0,
        "Total Operating Income As Reported": -49016000.0,
        "Diluted Average Shares": 388090000.0,
        "Basic Average Shares": 388090000.0,
        "Diluted EPS": -0.11,
        "Basic EPS": -0.11,
        "Diluted NI Availto Com Stockholders": -42781000.0,
        "Net Income Common Stockholders": -42781000.0,
        "Net Income": -42781000.0,
        "Net Income Including Noncontrolling Interests": -42781000.0,
        "Net Income Continuous Operations": -42781000.0,
        "Tax Provision": 316000.0,
        "Pretax Income": -42465000.0,
        "Other Income Expense": 142000.0,
        "Other Non Operating Income Expenses": 142000.0,
        "Net Non Operating Interest Income Expense": 6409000.0,
        "Interest Income Non Operating": 6409000.0,
        "Operating Income": -49016000.0,
        "Operating Expense": 102028000.0,
        "Research And Development": 31102000.0,
        "Selling General And Administration": 70926000.0,
        "Selling And Marketing Expense": 7938000.0,
        "General And Administrative Expense": 62988000.0,
        "Other Gand A": 40488000.0,
        "Salaries And Wages": 22500000.0,
        "Gross Profit": 53012000.0,
        "Cost Of Revenue": 10280000.0,
        "Total Revenue": 63292000.0,
        "Operating Revenue": 63292000.0
    },
    "2024-09-30": {
        "Tax Effect Of Unusual Items": 0.0,
        "Tax Rate For Calcs": 0.21,
        "Normalized EBITDA": -20000000.0,
        "Net Income From Continuing Operation Net Minority Interest": -14898000.0,
        "Reconciled Depreciation": 777000.0,
        "Reconciled Cost Of Revenue": 11129000.0,
        "EBITDA": -20000000.0,
        "EBIT": -20777000.0,
        "Net Interest Income": 5804000.0,
        "Interest Income": 5804000.0,
        "Normalized Income": -14898000.0,
        "Net Income From Continuing And Discontinued Operation": -14898000.0,
        "Total Expenses": 86387000.0,
        "Total Operating Income As Reported": -20777000.0,
        "Diluted Average Shares": 378437000.0,
        "Basic Average Shares": 378437000.0,
        "Diluted EPS": -0.04,
        "Basic EPS": -0.04,
        "Diluted NI Availto Com Stockholders": -14898000.0,
        "Net Income Common Stockholders": -14898000.0,
        "Net Income": -14898000.0,
        "Net Income Including Noncontrolling Interests": -14898000.0,
        "Net Income Continuous Operations": -14898000.0,
        "Tax Provision": 168000.0,
        "Pretax Income": -14730000.0,
        "Other Income Expense": 243000.0,
        "Other Non Operating Income Expenses": 243000.0,
        "Net Non Operating Interest Income Expense": 5804000.0,
        "Interest Income Non Operating": 5804000.0,
        "Operating Income": -20777000.0,
        "Operating Expense": 75258000.0,
        "Research And Development": 31897000.0,
        "Selling General And Administration": 43361000.0,
        "Selling And Marketing Expense": 9003000.0,
        "General And Administrative Expense": 34358000.0,
        "Other Gand A": 17203000.0,
        "Salaries And Wages": 17155000.0,
        "Gross Profit": 54481000.0,
        "Cost Of Revenue": 11129000.0,
        "Total Revenue": 65610000.0,
        "Operating Revenue": 65610000.0
    }
}