{
    "2023-03-31": {
        "Tax Effect Of Unusual Items": 0.0,
        "Tax Rate For Calcs": 0.198,
        "Net Income From Continuing Operation Net Minority Interest": -5054710.0,
        "Reconciled Depreciation": 808130.0,
        "EBIT": -5293792.0,
        "Net Interest Income": -1009891.0,
        "Interest Expense": 1009891.0,
        "Normalized Income": -5054710.0,
        "Net Income From Continuing And Discontinued Operation": -5054710.0,
        "Total Expenses": 42931446.0,
        "Diluted Average Shares": 10756913.0,
        "Basic Average Shares": 10756913.0,
        "Diluted EPS": -0.47,
        "Basic EPS": -0.47,
        "Diluted NI Availto Com Stockholders": -5054710.0,
        "Net Income Common Stockholders": -5054710.0,
        "Net Income": -5054710.0,
        "Net Income Including Noncontrolling Interests": -5054710.0,
        "Net Income Continuous Operations": -5054710.0,
        "Tax Provision": -1248973.0,
        "Pretax Income": -6303683.0,
        "Other Income Expense": 161040.0,
        "Net Non Operating Interest Income Expense": -1009891.0,
        "Interest Expense Non Operating": 1009891.0,
        "Other Operating Expenses": 662634.0,
        "Depreciation And Amortization In Income Statement": 808130.0,
        "Selling General And Administration": NaN,
        "General And Administrative Expense": NaN,
        "Other Gand A": NaN,
        "Total Revenue": 36627763.0,
        "Operating Revenue": 36627763.0
    },
    "2022-12-31": {
        "Tax Effect Of Unusual Items": 0.0,
        "Tax Rate For Calcs": 0.1996,
        "Net Income From Continuing Operation Net Minority Interest": -3950022.0,
        "Reconciled Depreciation": 828097.0,
        "EBIT": -4285649.0,
        "Net Interest Income": -649412.0,
        "Interest Expense": 649412.0,
        "Normalized Income": -3950022.0,
        "Net Income From Continuing And Discontinued Operation": -3950022.0,
        "Total Expenses": 42026171.0,
        "Diluted Average Shares": NaN,
        "Basic Average Shares": NaN,
        "Diluted EPS": NaN,
        "Basic EPS": NaN,
        "Diluted NI Availto Com Stockholders": -3950022.0,
        "Net Income Common Stockholders": -3950022.0,
        "Net Income": -3950022.0,
        "Net Income Including Noncontrolling Interests": -3950022.0,
        "Net Income Continuous Operations": -3950022.0,
        "Tax Provision": -985039.0,
        "Pretax Income": -4935061.0,
        "Other Income Expense": 160286.0,
        "Net Non Operating Interest Income Expense": -649412.0,
        "Interest Expense Non Operating": 649412.0,
        "Other Operating Expenses": 756106.0,
        "Depreciation And Amortization In Income Statement": 828097.0,
        "Selling General And Administration": NaN,
        "General And Administrative Expense": NaN,
        "Other Gand A": NaN,
        "Total Revenue": 37091110.0,
        "Operating Revenue": 37091110.0
    },
    "2022-09-30": {
        "Tax Effect Of Unusual Items": 0.0,
        "Tax Rate For Calcs": 0.193,
        "Net Income From Continuing Operation Net Minority Interest": -3997621.0,
        "Reconciled Depreciation": 824975.0,
        "EBIT": -4102744.0,
        "Net Interest Income": -456545.0,
        "Interest Expense": 456545.0,
        "Normalized Income": -3997621.0,
        "Net Income From Continuing And Discontinued Operation": -3997621.0,
        "Total Expenses": 40096924.0,
        "Diluted Average Shares": 10645675.0,
        "Basic Average Shares": 10645675.0,
        "Diluted EPS": -0.38,
        "Basic EPS": -0.38,
        "Diluted NI Availto Com Stockholders": -3997621.0,
        "Net Income Common Stockholders": -3997621.0,
        "Net Income": -3997621.0,
        "Net Income Including Noncontrolling Interests": -3997621.0,
        "Net Income Continuous Operations": -3997621.0,
        "Tax Provision": -561668.0,
        "Pretax Income": -4559289.0,
        "Other Income Expense": 269702.0,
        "Net Non Operating Interest Income Expense": -456545.0,
        "Interest Expense Non Operating": 456545.0,
        "Other Operating Expenses": 809597.0,
        "Depreciation And Amortization In Income Statement": 824975.0,
        "Selling General And Administration": NaN,
        "General And Administrative Expense": NaN,
        "Other Gand A": NaN,
        "Total Revenue": 35537635.0,
        "Operating Revenue": 35537635.0
    },
    "2022-06-30": {
        "Tax Effect Of Unusual Items": 0.0,
        "Tax Rate For Calcs": 0.207,
        "Net Income From Continuing Operation Net Minority Interest": -5379619.0,
        "Reconciled Depreciation": 877263.0,
        "EBIT": -6325897.0,
        "Net Interest Income": -456545.0,
        "Interest Expense": 456545.0,
        "Normalized Income": -5379619.0,
        "Net Income From Continuing And Discontinued Operation": -5379619.0,
        "Total Expenses": 35761692.0,
        "Diluted Average Shares": 10644578.0,
        "Basic Average Shares": 10644578.0,
        "Diluted EPS": -0.51,
        "Basic EPS": -0.51,
        "Diluted NI Availto Com Stockholders": -5379619.0,
        "Net Income Common Stockholders": -5379619.0,
        "Net Income": -5379619.0,
        "Net Income Including Noncontrolling Interests": -5379619.0,
        "Net Income Continuous Operations": -5379619.0,
        "Tax Provision": -1402823.0,
        "Pretax Income": -6782442.0,
        "Other Income Expense": 244643.0,
        "Net Non Operating Interest Income Expense": -456545.0,
        "Interest Expense Non Operating": 456545.0,
        "Other Operating Expenses": 665815.0,
        "Depreciation And Amortization In Income Statement": 877263.0,
        "Selling General And Administration": 665815.0,
        "General And Administrative Expense": 665815.0,
        "Other Gand A": 665815.0,
        "Total Revenue": 28979250.0,
        "Operating Revenue": 28979250.0
    },
    "2022-03-31": {
        "Diluted EPS": -0.87,
        "Total Revenue": 29,
        "Gross Profit": 29,
        "Operating Income": -11,
        "EBIT": -10,
        "Net Income": -9
    },
    "2021-12-31": {
        "Diluted EPS": 0.22,
        "Total Revenue": 43,
        "Gross Profit": 43,
        "Operating Income": 3,
        "EBIT": 4,
        "Net Income": 2
    },
    "2021-09-30": {
        "Diluted EPS": -1.01,
        "Total Revenue": 39,
        "Gross Profit": 39,
        "Operating Income": -13,
        "EBIT": -12,
        "Net Income": -11
    },
    "2021-06-30": {
        "Diluted EPS": 0.12,
        "Total Revenue": 40,
        "Gross Profit": 40,
        "Operating Income": 2,
        "EBIT": 3,
        "Net Income": 1
    },
    "2021-03-31": {
        "Diluted EPS": -0.03,
        "Total Revenue": 40,
        "Gross Profit": 40,
        "Operating Income": 0,
        "EBIT": 1,
        "Net Income": 0
    },
    "2020-12-31": {
        "Diluted EPS": 0.28,
        "Total Revenue": 36,
        "Gross Profit": 36,
        "Operating Income": 3,
        "EBIT": 4,
        "Net Income": 3
    },
    "2020-09-30": {
        "Diluted EPS": -0.12,
        "Total Revenue": 35,
        "Gross Profit": 35,
        "Operating Income": -1,
        "EBIT": 0,
        "Net Income": -1
    },
    "2020-06-30": {
        "Diluted EPS": 0.43,
        "Total Revenue": 35,
        "Gross Profit": 35,
        "Operating Income": 6,
        "EBIT": 7,
        "Net Income": 5
    },
    "2020-03-31": {
        "Diluted EPS": -0.5,
        "Total Revenue": 26,
        "Gross Profit": 26,
        "Operating Income": -7,
        "EBIT": -6,
        "Net Income": -5
    },
    "2019-12-31": {
        "Diluted EPS": 0.14,
        "Total Revenue": 37,
        "Gross Profit": 37,
        "Operating Income": 2,
        "EBIT": 3,
        "Net Income": 1
    },
    "2019-09-30": {
        "Diluted EPS": -0.16,
        "Total Revenue": 38,
        "Gross Profit": 38,
        "Operating Income": -2,
        "EBIT": -1,
        "Net Income": -2
    },
    "2019-06-30": {
        "Diluted EPS": 0.15,
        "Total Revenue": 35,
        "Gross Profit": 35,
        "Operating Income": 2,
        "EBIT": 3,
        "Net Income": 2
    },
    "2019-03-31": {
        "Diluted EPS": -0.68,
        "Total Revenue": 35,
        "Gross Profit": 35,
        "Operating Income": -9,
        "EBIT": -8,
        "Net Income": -7
    },
    "2018-12-31": {
        "Diluted EPS": -0.07,
        "Total Revenue": 30,
        "Gross Profit": 30,
        "Operating Income": -1,
        "EBIT": 0,
        "Net Income": -1
    },
    "2018-09-30": {
        "Diluted EPS": 0.36,
        "Total Revenue": 31,
        "Gross Profit": 31,
        "Operating Income": 5,
        "EBIT": 5,
        "Net Income": 4
    },
    "2018-06-30": {
        "Diluted EPS": 0.25,
        "Total Revenue": 28,
        "Gross Profit": 28,
        "Operating Income": 4,
        "EBIT": 5,
        "Net Income": 3
    },
    "2018-03-31": {
        "Diluted EPS": -0.25,
        "Total Revenue": 26,
        "Gross Profit": 26,
        "Operating Income": -3,
        "EBIT": -2,
        "Net Income": -3
    },
    "2017-12-31": {
        "Diluted EPS": 0.18,
        "Total Revenue": 26,
        "Gross Profit": 26,
        "Operating Income": 2,
        "EBIT": 3,
        "Net Income": 2
    },
    "2017-09-30": {
        "Diluted EPS": 0.38,
        "Total Revenue": 25,
        "Gross Profit": 25,
        "Operating Income": 6,
        "EBIT": 7,
        "Net Income": 4
    },
    "2017-06-30": {
        "Diluted EPS": 0.23,
        "Total Revenue": 22,
        "Gross Profit": 22,
        "Operating Income": 4,
        "EBIT": 4,
        "Net Income": 3
    },
    "2017-03-31": {
        "Diluted EPS": 0.15,
        "Total Revenue": 21,
        "Gross Profit": 21,
        "Operating Income": 2,
        "EBIT": 3,
        "Net Income": 1
    },
    "2016-12-31": {
        "Diluted EPS": 0.28,
        "Total Revenue": 20,
        "Gross Profit": 20,
        "Operating Income": 3,
        "EBIT": 4,
        "Net Income": 2
    },
    "2016-09-30": {
        "Diluted EPS": 0.43,
        "Total Revenue": 20,
        "Gross Profit": 20,
        "Operating Income": 5,
        "EBIT": 6,
        "Net Income": 3
    },
    "2016-06-30": {
        "Diluted EPS": 0.36,
        "Total Revenue": 19,
        "Gross Profit": 19,
        "Operating Income": 4,
        "EBIT": 5,
        "Net Income": 3
    },
    "2016-03-31": {
        "Diluted EPS": 0.07,
        "Total Revenue": 18,
        "Gross Profit": 18,
        "Operating Income": 1,
        "EBIT": 1,
        "Net Income": 1
    },
    "2015-12-31": {
        "Diluted EPS": 0.25,
        "Total Revenue": 17,
        "Gross Profit": 17,
        "Operating Income": 3,
        "EBIT": 3,
        "Net Income": 2
    },
    "2015-09-30": {
        "Diluted EPS": 0.32,
        "Total Revenue": 17,
        "Gross Profit": 17,
        "Operating Income": 3,
        "EBIT": 4,
        "Net Income": 2
    },
    "2015-06-30": {
        "Diluted EPS": 0.32,
        "Total Revenue": 16,
        "Gross Profit": 16,
        "Operating Income": 4,
        "EBIT": 4,
        "Net Income": 2
    },
    "2015-03-31": {
        "Diluted EPS": 0.05,
        "Total Revenue": 15,
        "Gross Profit": 15,
        "Operating Income": 1,
        "EBIT": 1,
        "Net Income": 0
    },
    "2014-12-31": {
        "Diluted EPS": 0.24,
        "Total Revenue": 15,
        "Gross Profit": 15,
        "Operating Income": 3,
        "EBIT": 3,
        "Net Income": 2
    },
    "2014-09-30": {
        "Diluted EPS": 0.26,
        "Total Revenue": 14,
        "Gross Profit": 14,
        "Operating Income": 3,
        "EBIT": 3,
        "Net Income": 2
    },
    "2014-06-30": {
        "Diluted EPS": 0.18,
        "Total Revenue": 11,
        "Gross Profit": 11,
        "Operating Income": 2,
        "EBIT": 2,
        "Net Income": 1
    },
    "2014-03-31": {
        "Diluted EPS": 0.04,
        "Total Revenue": 10,
        "Gross Profit": 10,
        "Operating Income": 0,
        "EBIT": 1,
        "Net Income": 0
    },
    "2013-12-31": {
        "Diluted EPS": 0.0,
        "Total Revenue": 11,
        "Gross Profit": 11,
        "Operating Income": 0,
        "EBIT": 0,
        "Net Income": 0
    },
    "2013-09-30": {
        "Diluted EPS": 0.43,
        "Total Revenue": 10,
        "Gross Profit": 10,
        "Operating Income": 2,
        "EBIT": 2,
        "Net Income": 2
    },
    "2013-06-30": {
        "Diluted EPS": 0.02,
        "Total Revenue": 8,
        "Gross Profit": 8,
        "Operating Income": 0,
        "EBIT": 0,
        "Net Income": 0
    },
    "2013-03-31": {
        "Diluted EPS": 0.05,
        "Total Revenue": 8,
        "Gross Profit": 8,
        "Operating Income": 0,
        "EBIT": 1,
        "Net Income": 0
    },
    "2012-12-31": {
        "Diluted EPS": -0.26,
        "Total Revenue": 6,
        "Gross Profit": 6,
        "Operating Income": -2,
        "EBIT": -1,
        "Net Income": -1
    },
    "2012-09-30": {
        "Diluted EPS": 0.11,
        "Total Revenue": 8,
        "Gross Profit": 8,
        "Operating Income": 1,
        "EBIT": 1,
        "Net Income": 0
    },
    "2012-06-30": {
        "Diluted EPS": 0.15,
        "Total Revenue": 8,
        "Gross Profit": 8,
        "Operating Income": 1,
        "EBIT": 1,
        "Net Income": 1
    },
    "2012-03-31": {
        "Diluted EPS": 0.2,
        "Total Revenue": 7,
        "Gross Profit": 7,
        "Operating Income": 1,
        "EBIT": 1,
        "Net Income": 1
    },
    "2011-12-31": {
        "Diluted EPS": 0.35,
        "Total Revenue": 8,
        "Gross Profit": 8,
        "Operating Income": 2,
        "EBIT": 2,
        "Net Income": 1
    },
    "2011-09-30": {
        "Diluted EPS": 0.06,
        "Total Revenue": 7,
        "Gross Profit": 7,
        "Operating Income": 0,
        "EBIT": 0,
        "Net Income": 0
    },
    "2011-06-30": {
        "Diluted EPS": 0.2,
        "Total Revenue": 7,
        "Gross Profit": 7,
        "Operating Income": 1,
        "EBIT": 1,
        "Net Income": 1
    },
    "2011-03-31": {
        "Diluted EPS": 0.03,
        "Total Revenue": 6,
        "Gross Profit": 6,
        "Operating Income": 0,
        "EBIT": 0,
        "Net Income": 0
    },
    "2010-12-31": {
        "Diluted EPS": 0.04,
        "Total Revenue": 6,
        "Gross Profit": 6,
        "Operating Income": 1,
        "EBIT": 1,
        "Net Income": 0
    },
    "2010-09-30": {
        "Diluted EPS": 0.06,
        "Total Revenue": 6,
        "Gross Profit": 6,
        "Operating Income": 0,
        "EBIT": 1,
        "Net Income": 0
    },
    "2010-06-30": {
        "Diluted EPS": 0.11,
        "Total Revenue": 5,
        "Gross Profit": 5,
        "Operating Income": 1,
        "EBIT": 1,
        "Net Income": 0
    },
    "2010-03-31": {
        "Diluted EPS": 0.08,
        "Total Revenue": 5,
        "Gross Profit": 5,
        "Operating Income": 0,
        "EBIT": 1,
        "Net Income": 0
    },
    "2009-12-31": {
        "Diluted EPS": 0.22,
        "Total Revenue": 4,
        "Gross Profit": 4,
        "Operating Income": 0,
        "EBIT": 0,
        "Net Income": 0
    },
    "2009-09-30": {
        "Diluted EPS": 1.54,
        "Total Revenue": 4,
        "Gross Profit": 4,
        "Operating Income": 0,
        "EBIT": 1,
        "Net Income": 6
    },
    "2009-06-30": {
        "Diluted EPS": -0.08,
        "Total Revenue": 0,
        "Gross Profit": 0,
        "Operating Income": 0,
        "EBIT": 0,
        "Net Income": 0
    },
    "2009-03-31": {
        "Diluted EPS": -0.06,
        "Total Revenue": 0,
        "Gross Profit": 0,
        "Operating Income": 0,
        "EBIT": 0,
        "Net Income": 0
    }
}