{
    "2023-06-30": {
        "Tax Effect Of Unusual Items": 0.0,
        "Tax Rate For Calcs": 0.231,
        "Normalized EBITDA": 50000000.0,
        "Net Income From Continuing Operation Net Minority Interest": 27000000.0,
        "Reconciled Depreciation": 15000000.0,
        "Reconciled Cost Of Revenue": 509000000.0,
        "EBITDA": 50000000.0,
        "EBIT": 35000000.0,
        "Net Interest Income": 0.0,
        "Interest Expense": 0.0,
        "Normalized Income": 27000000.0,
        "Net Income From Continuing And Discontinued Operation": 27000000.0,
        "Total Expenses": 672000000.0,
        "Total Operating Income As Reported": 28000000.0,
        "Diluted Average Shares": 85595123.0,
        "Basic Average Shares": 85595123.0,
        "Diluted EPS": 0.315439,
        "Basic EPS": 0.315439,
        "Diluted NI Availto Com Stockholders": 27000000.0,
        "Net Income Common Stockholders": 27000000.0,
        "Net Income": 27000000.0,
        "Net Income Including Noncontrolling Interests": 27000000.0,
        "Net Income Continuous Operations": 27000000.0,
        "Tax Provision": 8000000.0,
        "Pretax Income": 35000000.0,
        "Other Income Expense": 7000000.0,
        "Other Non Operating Income Expenses": 7000000.0,
        "Net Non Operating Interest Income Expense": 0.0,
        "Interest Expense Non Operating": 0.0,
        "Operating Income": 28000000.0,
        "Operating Expense": 163000000.0,
        "Selling General And Administration": 163000000.0,
        "Gross Profit": 191000000.0,
        "Cost Of Revenue": 509000000.0,
        "Total Revenue": 700000000.0,
        "Operating Revenue": 700000000.0
    },
    "2023-03-31": {
        "Tax Effect Of Unusual Items": NaN,
        "Tax Rate For Calcs": NaN,
        "Normalized EBITDA": NaN,
        "Net Income From Continuing Operation Net Minority Interest": NaN,
        "Reconciled Depreciation": NaN,
        "Reconciled Cost Of Revenue": NaN,
        "EBITDA": NaN,
        "EBIT": NaN,
        "Net Interest Income": 0.0,
        "Interest Expense": 0.0,
        "Normalized Income": NaN,
        "Net Income From Continuing And Discontinued Operation": NaN,
        "Total Expenses": NaN,
        "Total Operating Income As Reported": NaN,
        "Diluted Average Shares": NaN,
        "Basic Average Shares": NaN,
        "Diluted EPS": NaN,
        "Basic EPS": NaN,
        "Diluted NI Availto Com Stockholders": NaN,
        "Net Income Common Stockholders": NaN,
        "Net Income": NaN,
        "Net Income Including Noncontrolling Interests": NaN,
        "Net Income Continuous Operations": NaN,
        "Tax Provision": NaN,
        "Pretax Income": NaN,
        "Other Income Expense": NaN,
        "Other Non Operating Income Expenses": NaN,
        "Net Non Operating Interest Income Expense": 0.0,
        "Interest Expense Non Operating": 0.0,
        "Operating Income": NaN,
        "Operating Expense": NaN,
        "Selling General And Administration": NaN,
        "Gross Profit": NaN,
        "Cost Of Revenue": NaN,
        "Total Revenue": NaN,
        "Operating Revenue": NaN
    },
    "2023-09-30": {
        "Tax Effect Of Unusual Items": 0.0,
        "Tax Rate For Calcs": 0.239,
        "Normalized EBITDA": 34000000.0,
        "Net Income From Continuing Operation Net Minority Interest": 42000000.0,
        "Reconciled Depreciation": 17000000.0,
        "Reconciled Cost Of Revenue": 496000000.0,
        "EBITDA": 34000000.0,
        "EBIT": 17000000.0,
        "Net Interest Income": NaN,
        "Interest Expense": NaN,
        "Normalized Income": 42000000.0,
        "Net Income From Continuing And Discontinued Operation": 42000000.0,
        "Total Expenses": 675000000.0,
        "Total Operating Income As Reported": 17000000.0,
        "Diluted Average Shares": 86000000.0,
        "Basic Average Shares": 86000000.0,
        "Diluted EPS": 0.49,
        "Basic EPS": 0.49,
        "Diluted NI Availto Com Stockholders": 42000000.0,
        "Net Income Common Stockholders": 42000000.0,
        "Net Income": 42000000.0,
        "Net Income Including Noncontrolling Interests": 42000000.0,
        "Net Income Continuous Operations": 42000000.0,
        "Tax Provision": 13000000.0,
        "Pretax Income": 55000000.0,
        "Other Income Expense": 38000000.0,
        "Other Non Operating Income Expenses": 38000000.0,
        "Net Non Operating Interest Income Expense": NaN,
        "Interest Expense Non Operating": NaN,
        "Operating Income": 17000000.0,
        "Operating Expense": 179000000.0,
        "Selling General And Administration": 179000000.0,
        "Gross Profit": 196000000.0,
        "Cost Of Revenue": 496000000.0,
        "Total Revenue": 692000000.0,
        "Operating Revenue": 692000000.0
    },
    "2022-12-31": {
        "Tax Effect Of Unusual Items": 0.0,
        "Tax Rate For Calcs": 0.201681,
        "Normalized EBITDA": -102000000.0,
        "Net Income From Continuing Operation Net Minority Interest": -190000000.0,
        "Reconciled Depreciation": 20000000.0,
        "Reconciled Cost Of Revenue": 479000000.0,
        "EBITDA": -102000000.0,
        "EBIT": -122000000.0,
        "Net Interest Income": NaN,
        "Interest Expense": NaN,
        "Normalized Income": -190000000.0,
        "Net Income From Continuing And Discontinued Operation": -190000000.0,
        "Total Expenses": 656000000.0,
        "Total Operating Income As Reported": -9000000.0,
        "Diluted Average Shares": NaN,
        "Basic Average Shares": NaN,
        "Diluted EPS": NaN,
        "Basic EPS": NaN,
        "Diluted NI Availto Com Stockholders": -190000000.0,
        "Net Income Common Stockholders": -190000000.0,
        "Net Income": -190000000.0,
        "Net Income Including Noncontrolling Interests": -190000000.0,
        "Net Income Continuous Operations": -190000000.0,
        "Tax Provision": -48000000.0,
        "Pretax Income": -238000000.0,
        "Other Income Expense": -192000000.0,
        "Other Non Operating Income Expenses": -192000000.0,
        "Net Non Operating Interest Income Expense": NaN,
        "Interest Expense Non Operating": NaN,
        "Operating Income": -9000000.0,
        "Operating Expense": 177000000.0,
        "Selling General And Administration": 177000000.0,
        "Gross Profit": 168000000.0,
        "Cost Of Revenue": 479000000.0,
        "Total Revenue": 647000000.0,
        "Operating Revenue": 647000000.0
    },
    "2022-09-30": {
        "Tax Effect Of Unusual Items": NaN,
        "Tax Rate For Calcs": NaN,
        "Normalized EBITDA": NaN,
        "Net Income From Continuing Operation Net Minority Interest": NaN,
        "Reconciled Depreciation": NaN,
        "Reconciled Cost Of Revenue": NaN,
        "EBITDA": NaN,
        "EBIT": NaN,
        "Net Interest Income": NaN,
        "Interest Expense": NaN,
        "Normalized Income": NaN,
        "Net Income From Continuing And Discontinued Operation": NaN,
        "Total Expenses": NaN,
        "Total Operating Income As Reported": NaN,
        "Diluted Average Shares": 86000000.0,
        "Basic Average Shares": 86000000.0,
        "Diluted EPS": 0.267442,
        "Basic EPS": 0.267442,
        "Diluted NI Availto Com Stockholders": NaN,
        "Net Income Common Stockholders": NaN,
        "Net Income": NaN,
        "Net Income Including Noncontrolling Interests": NaN,
        "Net Income Continuous Operations": NaN,
        "Tax Provision": NaN,
        "Pretax Income": NaN,
        "Other Income Expense": NaN,
        "Other Non Operating Income Expenses": NaN,
        "Net Non Operating Interest Income Expense": NaN,
        "Interest Expense Non Operating": NaN,
        "Operating Income": NaN,
        "Operating Expense": NaN,
        "Selling General And Administration": NaN,
        "Gross Profit": NaN,
        "Cost Of Revenue": NaN,
        "Total Revenue": NaN,
        "Operating Revenue": NaN
    },
    "2023-12-31": {
        "Tax Effect Of Unusual Items": 0.0,
        "Tax Rate For Calcs": 0.285714,
        "Normalized EBITDA": 101000000.0,
        "Net Income From Continuing Operation Net Minority Interest": 15000000.0,
        "Reconciled Depreciation": 17000000.0,
        "Reconciled Cost Of Revenue": 465000000.0,
        "EBITDA": 101000000.0,
        "EBIT": 84000000.0,
        "Net Interest Income": NaN,
        "Interest Expense": NaN,
        "Normalized Income": 15000000.0,
        "Net Income From Continuing And Discontinued Operation": 15000000.0,
        "Total Expenses": 630000000.0,
        "Total Operating Income As Reported": 21000000.0,
        "Diluted Average Shares": 86000000.0,
        "Basic Average Shares": 86000000.0,
        "Diluted EPS": 0.18,
        "Basic EPS": 0.18,
        "Diluted NI Availto Com Stockholders": 15000000.0,
        "Net Income Common Stockholders": 15000000.0,
        "Net Income": 15000000.0,
        "Net Income Including Noncontrolling Interests": 15000000.0,
        "Net Income Continuous Operations": 15000000.0,
        "Tax Provision": 6000000.0,
        "Pretax Income": 21000000.0,
        "Other Income Expense": 10000000.0,
        "Other Non Operating Income Expenses": 10000000.0,
        "Net Non Operating Interest Income Expense": NaN,
        "Interest Expense Non Operating": NaN,
        "Operating Income": 21000000.0,
        "Operating Expense": 165000000.0,
        "Selling General And Administration": 165000000.0,
        "Gross Profit": 186000000.0,
        "Cost Of Revenue": 465000000.0,
        "Total Revenue": 651000000.0,
        "Operating Revenue": 651000000.0
    },
    "2024-03-31": {
        "Tax Effect Of Unusual Items": 0.0,
        "Tax Rate For Calcs": 0.259,
        "Normalized EBITDA": 71000000.0,
        "Net Income From Continuing Operation Net Minority Interest": 33000000.0,
        "Reconciled Depreciation": 19000000.0,
        "Reconciled Cost Of Revenue": 504000000.0,
        "EBITDA": 71000000.0,
        "EBIT": 52000000.0,
        "Net Interest Income": -8000000.0,
        "Interest Expense": 8000000.0,
        "Normalized Income": 33000000.0,
        "Net Income From Continuing And Discontinued Operation": 33000000.0,
        "Total Expenses": 661000000.0,
        "Total Operating Income As Reported": 46000000.0,
        "Diluted Average Shares": 86000000.0,
        "Basic Average Shares": 86000000.0,
        "Diluted EPS": 0.37,
        "Basic EPS": 0.38,
        "Diluted NI Availto Com Stockholders": 33000000.0,
        "Net Income Common Stockholders": 33000000.0,
        "Net Income": 33000000.0,
        "Net Income Including Noncontrolling Interests": 33000000.0,
        "Net Income Continuous Operations": 33000000.0,
        "Tax Provision": 11000000.0,
        "Pretax Income": 44000000.0,
        "Other Income Expense": 6000000.0,
        "Other Non Operating Income Expenses": 6000000.0,
        "Net Non Operating Interest Income Expense": -8000000.0,
        "Interest Expense Non Operating": 8000000.0,
        "Operating Income": 46000000.0,
        "Operating Expense": 157000000.0,
        "Selling General And Administration": 157000000.0,
        "Gross Profit": 203000000.0,
        "Cost Of Revenue": 504000000.0,
        "Total Revenue": 707000000.0,
        "Operating Revenue": 707000000.0
    },
    "2024-06-30": {
        "Tax Effect Of Unusual Items": 0.0,
        "Tax Rate For Calcs": 0.268,
        "Normalized EBITDA": 71000000.0,
        "Net Income From Continuing Operation Net Minority Interest": 31000000.0,
        "Reconciled Depreciation": 20000000.0,
        "Reconciled Cost Of Revenue": 476000000.0,
        "EBITDA": 71000000.0,
        "EBIT": 51000000.0,
        "Net Interest Income": -8000000.0,
        "Interest Expense": 8000000.0,
        "Normalized Income": 31000000.0,
        "Net Income From Continuing And Discontinued Operation": 31000000.0,
        "Total Expenses": 625000000.0,
        "Total Operating Income As Reported": 47000000.0,
        "Diluted Average Shares": 88000000.0,
        "Basic Average Shares": 86000000.0,
        "Diluted EPS": 0.36,
        "Basic EPS": 0.37,
        "Diluted NI Availto Com Stockholders": 31000000.0,
        "Net Income Common Stockholders": 31000000.0,
        "Net Income": 31000000.0,
        "Net Income Including Noncontrolling Interests": 31000000.0,
        "Net Income Continuous Operations": 31000000.0,
        "Tax Provision": 12000000.0,
        "Pretax Income": 43000000.0,
        "Other Income Expense": 4000000.0,
        "Other Non Operating Income Expenses": 4000000.0,
        "Net Non Operating Interest Income Expense": -8000000.0,
        "Interest Expense Non Operating": 8000000.0,
        "Operating Income": 47000000.0,
        "Operating Expense": 149000000.0,
        "Selling General And Administration": 149000000.0,
        "Gross Profit": 196000000.0,
        "Cost Of Revenue": 476000000.0,
        "Total Revenue": 672000000.0,
        "Operating Revenue": 672000000.0
    }
}