{
    "2023-03-31": {
        "Tax Effect Of Unusual Items": 0.0,
        "Tax Rate For Calcs": 0.269748,
        "Normalized EBITDA": 27171000.0,
        "Total Unusual Items": 0.0,
        "Total Unusual Items Excluding Goodwill": 0.0,
        "Net Income From Continuing Operation Net Minority Interest": 15041000.0,
        "Reconciled Depreciation": 6542000.0,
        "Reconciled Cost Of Revenue": 88929000.0,
        "EBITDA": 27171000.0,
        "EBIT": 20629000.0,
        "Net Interest Income": 7968000.0,
        "Interest Expense": 32000.0,
        "Interest Income": 8000000.0,
        "Normalized Income": 15041000.0,
        "Net Income From Continuing And Discontinued Operation": 15041000.0,
        "Total Expenses": 160392000.0,
        "Total Operating Income As Reported": 12629000.0,
        "Diluted Average Shares": 57577000.0,
        "Basic Average Shares": 56684000.0,
        "Diluted EPS": 0.26,
        "Basic EPS": 0.27,
        "Diluted NI Availto Com Stockholders": 15041000.0,
        "Net Income Common Stockholders": 15041000.0,
        "Net Income": 15041000.0,
        "Net Income Including Noncontrolling Interests": 15041000.0,
        "Net Income Continuous Operations": 15041000.0,
        "Tax Provision": 5556000.0,
        "Pretax Income": 20597000.0,
        "Other Income Expense": NaN,
        "Special Income Charges": 0.0,
        "Impairment Of Capital Assets": 0.0,
        "Net Non Operating Interest Income Expense": 7968000.0,
        "Interest Expense Non Operating": 32000.0,
        "Interest Income Non Operating": 8000000.0,
        "Operating Income": 12629000.0,
        "Operating Expense": 71463000.0,
        "Research And Development": 35999000.0,
        "Selling General And Administration": 35464000.0,
        "Gross Profit": 84092000.0,
        "Cost Of Revenue": 88929000.0,
        "Total Revenue": 173021000.0,
        "Operating Revenue": 173021000.0
    },
    "2022-12-31": {
        "Tax Effect Of Unusual Items": 0.0,
        "Tax Rate For Calcs": 0.205,
        "Normalized EBITDA": 23994000.0,
        "Total Unusual Items": NaN,
        "Total Unusual Items Excluding Goodwill": NaN,
        "Net Income From Continuing Operation Net Minority Interest": 14589000.0,
        "Reconciled Depreciation": 5613000.0,
        "Reconciled Cost Of Revenue": 87527000.0,
        "EBITDA": 23994000.0,
        "EBIT": 18381000.0,
        "Net Interest Income": 6525000.0,
        "Interest Expense": 34000.0,
        "Interest Income": 6559000.0,
        "Normalized Income": 14589000.0,
        "Net Income From Continuing And Discontinued Operation": 14589000.0,
        "Total Expenses": 164411000.0,
        "Total Operating Income As Reported": 11822000.0,
        "Diluted Average Shares": 57729000.0,
        "Basic Average Shares": 57051000.0,
        "Diluted EPS": 0.25,
        "Basic EPS": 0.26,
        "Diluted NI Availto Com Stockholders": 14589000.0,
        "Net Income Common Stockholders": 14589000.0,
        "Net Income": 14589000.0,
        "Net Income Including Noncontrolling Interests": 14589000.0,
        "Net Income Continuous Operations": 14589000.0,
        "Tax Provision": 3758000.0,
        "Pretax Income": 18347000.0,
        "Other Income Expense": NaN,
        "Special Income Charges": NaN,
        "Impairment Of Capital Assets": NaN,
        "Net Non Operating Interest Income Expense": 6525000.0,
        "Interest Expense Non Operating": 34000.0,
        "Interest Income Non Operating": 6559000.0,
        "Operating Income": 11822000.0,
        "Operating Expense": 76884000.0,
        "Research And Development": 34508000.0,
        "Selling General And Administration": 42376000.0,
        "Gross Profit": 88706000.0,
        "Cost Of Revenue": 87527000.0,
        "Total Revenue": 176233000.0,
        "Operating Revenue": 176233000.0
    },
    "2022-09-30": {
        "Tax Effect Of Unusual Items": -12790.281544,
        "Tax Rate For Calcs": 0.092683,
        "Normalized EBITDA": 73081000.0,
        "Total Unusual Items": -138000.0,
        "Total Unusual Items Excluding Goodwill": -138000.0,
        "Net Income From Continuing Operation Net Minority Interest": 64904000.0,
        "Reconciled Depreciation": 1374000.0,
        "Reconciled Cost Of Revenue": 153626000.0,
        "EBITDA": 72943000.0,
        "EBIT": 71569000.0,
        "Net Interest Income": 3990000.0,
        "Interest Expense": 35000.0,
        "Interest Income": 4025000.0,
        "Normalized Income": 65029209.718456,
        "Net Income From Continuing And Discontinued Operation": 64904000.0,
        "Total Expenses": 218631000.0,
        "Total Operating Income As Reported": 67544000.0,
        "Diluted Average Shares": 58816000.0,
        "Basic Average Shares": 57804000.0,
        "Diluted EPS": 1.1,
        "Basic EPS": 1.12,
        "Diluted NI Availto Com Stockholders": 64904000.0,
        "Net Income Common Stockholders": 64904000.0,
        "Net Income": 64904000.0,
        "Net Income Including Noncontrolling Interests": 64904000.0,
        "Net Income Continuous Operations": 64904000.0,
        "Earnings From Equity Interest Net Of Tax": 0.0,
        "Tax Provision": 6630000.0,
        "Pretax Income": 71534000.0,
        "Other Income Expense": -138000.0,
        "Special Income Charges": -138000.0,
        "Impairment Of Capital Assets": NaN,
        "Restructuring And Mergern Acquisition": 138000.0,
        "Net Non Operating Interest Income Expense": 3990000.0,
        "Interest Expense Non Operating": 35000.0,
        "Interest Income Non Operating": 4025000.0,
        "Operating Income": 67682000.0,
        "Operating Expense": 65005000.0,
        "Depreciation Amortization Depletion Income Statement": 1374000.0,
        "Depreciation And Amortization In Income Statement": 1374000.0,
        "Amortization": 1374000.0,
        "Amortization Of Intangibles Income Statement": 1374000.0,
        "Research And Development": 32356000.0,
        "Selling General And Administration": 31275000.0,
        "General And Administrative Expense": NaN,
        "Other Gand A": NaN,
        "Salaries And Wages": NaN,
        "Gross Profit": 132687000.0,
        "Cost Of Revenue": 153626000.0,
        "Total Revenue": 286313000.0,
        "Operating Revenue": 286313000.0
    },
    "2022-06-30": {
        "Tax Effect Of Unusual Items": 0.0,
        "Tax Rate For Calcs": 0.041586,
        "Normalized EBITDA": 125344000.0,
        "Total Unusual Items": 0.0,
        "Total Unusual Items Excluding Goodwill": 0.0,
        "Net Income From Continuing Operation Net Minority Interest": 119034000.0,
        "Reconciled Depreciation": 1109000.0,
        "Reconciled Cost Of Revenue": 181452000.0,
        "EBITDA": 125344000.0,
        "EBIT": 124235000.0,
        "Net Interest Income": 2122000.0,
        "Interest Expense": 36000.0,
        "Interest Income": 2158000.0,
        "Normalized Income": 119034000.0,
        "Net Income From Continuing And Discontinued Operation": 119034000.0,
        "Total Expenses": 250060000.0,
        "Total Operating Income As Reported": 122077000.0,
        "Diluted Average Shares": 59955000.0,
        "Basic Average Shares": 58985000.0,
        "Diluted EPS": 1.99,
        "Basic EPS": 2.02,
        "Diluted NI Availto Com Stockholders": 119034000.0,
        "Net Income Common Stockholders": 119034000.0,
        "Net Income": 119034000.0,
        "Net Income Including Noncontrolling Interests": 119034000.0,
        "Net Income Continuous Operations": 119034000.0,
        "Earnings From Equity Interest Net Of Tax": 0.0,
        "Tax Provision": 5165000.0,
        "Pretax Income": 124199000.0,
        "Other Income Expense": NaN,
        "Special Income Charges": 0.0,
        "Impairment Of Capital Assets": NaN,
        "Restructuring And Mergern Acquisition": 0.0,
        "Net Non Operating Interest Income Expense": 2122000.0,
        "Interest Expense Non Operating": 36000.0,
        "Interest Income Non Operating": 2158000.0,
        "Operating Income": 122077000.0,
        "Operating Expense": 68608000.0,
        "Depreciation Amortization Depletion Income Statement": 1109000.0,
        "Depreciation And Amortization In Income Statement": 1109000.0,
        "Amortization": 1109000.0,
        "Amortization Of Intangibles Income Statement": 1109000.0,
        "Research And Development": 34046000.0,
        "Selling General And Administration": 33453000.0,
        "General And Administrative Expense": NaN,
        "Other Gand A": NaN,
        "Salaries And Wages": NaN,
        "Gross Profit": 190685000.0,
        "Cost Of Revenue": 181452000.0,
        "Total Revenue": 372137000.0,
        "Operating Revenue": 372137000.0
    },
    "2022-03-31": {
        "Diluted EPS": 1.86,
        "Total Revenue": 384,
        "Gross Profit": 202,
        "Operating Income": 129,
        "EBIT": 135,
        "Net Income": 116
    },
    "2021-12-31": {
        "Diluted EPS": 2.11,
        "Total Revenue": 461,
        "Gross Profit": 223,
        "Operating Income": 151,
        "EBIT": 156,
        "Net Income": 134
    },
    "2021-09-30": {
        "Diluted EPS": 2.09,
        "Total Revenue": 485,
        "Gross Profit": 231,
        "Operating Income": 155,
        "EBIT": 160,
        "Net Income": 134
    },
    "2021-06-30": {
        "Diluted EPS": 1.79,
        "Total Revenue": 424,
        "Gross Profit": 196,
        "Operating Income": 120,
        "EBIT": 125,
        "Net Income": 114
    },
    "2021-03-31": {
        "Diluted EPS": 1.13,
        "Total Revenue": 340,
        "Gross Profit": 148,
        "Operating Income": 83,
        "EBIT": 88,
        "Net Income": 71
    },
    "2020-12-31": {
        "Diluted EPS": 0.77,
        "Total Revenue": 268,
        "Gross Profit": 121,
        "Operating Income": 54,
        "EBIT": 59,
        "Net Income": 48
    },
    "2020-09-30": {
        "Diluted EPS": 0.25,
        "Total Revenue": 178,
        "Gross Profit": 89,
        "Operating Income": 23,
        "EBIT": 28,
        "Net Income": 16
    },
    "2020-06-30": {
        "Diluted EPS": 0.18,
        "Total Revenue": 150,
        "Gross Profit": 69,
        "Operating Income": 11,
        "EBIT": 16,
        "Net Income": 11
    },
    "2020-03-31": {
        "Diluted EPS": 0.19,
        "Total Revenue": 151,
        "Gross Profit": 69,
        "Operating Income": 11,
        "EBIT": 16,
        "Net Income": 12
    },
    "2019-12-31": {
        "Diluted EPS": 0.21,
        "Total Revenue": 144,
        "Gross Profit": 70,
        "Operating Income": 13,
        "EBIT": 18,
        "Net Income": 13
    },
    "2019-09-30": {
        "Diluted EPS": 0.1,
        "Total Revenue": 140,
        "Gross Profit": 65,
        "Operating Income": 8,
        "EBIT": 13,
        "Net Income": 6
    },
    "2019-06-30": {
        "Diluted EPS": 0.02,
        "Total Revenue": 127,
        "Gross Profit": 59,
        "Operating Income": 2,
        "EBIT": 7,
        "Net Income": 1
    },
    "2019-03-31": {
        "Diluted EPS": -0.05,
        "Total Revenue": 116,
        "Gross Profit": 56,
        "Operating Income": -2,
        "EBIT": 3,
        "Net Income": -4
    },
    "2018-12-31": {
        "Diluted EPS": 0.11,
        "Total Revenue": 157,
        "Gross Profit": 75,
        "Operating Income": 15,
        "EBIT": 19,
        "Net Income": 8
    },
    "2018-09-30": {
        "Diluted EPS": 0.42,
        "Total Revenue": 185,
        "Gross Profit": 86,
        "Operating Income": 25,
        "EBIT": 29,
        "Net Income": 30
    },
    "2018-06-30": {
        "Diluted EPS": 0.86,
        "Total Revenue": 269,
        "Gross Profit": 127,
        "Operating Income": 64,
        "EBIT": 69,
        "Net Income": 60
    },
    "2018-03-31": {
        "Diluted EPS": 0.51,
        "Total Revenue": 222,
        "Gross Profit": 99,
        "Operating Income": 38,
        "EBIT": 43,
        "Net Income": 36
    },
    "2017-12-31": {
        "Diluted EPS": -0.99,
        "Total Revenue": 214,
        "Gross Profit": 97,
        "Operating Income": 39,
        "EBIT": 44,
        "Net Income": -70
    },
    "2017-09-30": {
        "Diluted EPS": 0.58,
        "Total Revenue": 216,
        "Gross Profit": 107,
        "Operating Income": 42,
        "EBIT": 11,
        "Net Income": 41
    },
    "2017-06-30": {
        "Diluted EPS": 0.48,
        "Total Revenue": 244,
        "Gross Profit": 114,
        "Operating Income": 16,
        "EBIT": 55,
        "Net Income": 35
    },
    "2017-03-31": {
        "Diluted EPS": 0.45,
        "Total Revenue": 200,
        "Gross Profit": 92,
        "Operating Income": 37,
        "EBIT": 40,
        "Net Income": 33
    },
    "2016-12-31": {
        "Diluted EPS": 0.24,
        "Total Revenue": 150,
        "Gross Profit": 68,
        "Operating Income": 19,
        "EBIT": 23,
        "Net Income": 17
    },
    "2016-09-30": {
        "Diluted EPS": 0.16,
        "Total Revenue": 146,
        "Gross Profit": 61,
        "Operating Income": 5,
        "EBIT": 9,
        "Net Income": 12
    },
    "2016-06-30": {
        "Diluted EPS": 0.45,
        "Total Revenue": 216,
        "Gross Profit": 100,
        "Operating Income": 39,
        "EBIT": 43,
        "Net Income": 32
    },
    "2016-03-31": {
        "Diluted EPS": 0.07,
        "Total Revenue": 156,
        "Gross Profit": 70,
        "Operating Income": 12,
        "EBIT": 16,
        "Net Income": 5
    },
    "2015-12-31": {
        "Diluted EPS": -0.0,
        "Total Revenue": 109,
        "Gross Profit": 50,
        "Operating Income": -2,
        "EBIT": 2,
        "Net Income": 0
    },
    "2015-09-30": {
        "Diluted EPS": 0.16,
        "Total Revenue": 119,
        "Gross Profit": 51,
        "Operating Income": 3,
        "EBIT": 8,
        "Net Income": 11
    },
    "2015-06-30": {
        "Diluted EPS": 0.33,
        "Total Revenue": 165,
        "Gross Profit": 78,
        "Operating Income": 16,
        "EBIT": 22,
        "Net Income": 25
    },
    "2015-03-31": {
        "Diluted EPS": 0.1,
        "Total Revenue": 145,
        "Gross Profit": 69,
        "Operating Income": 10,
        "EBIT": 15,
        "Net Income": 8
    },
    "2014-12-31": {
        "Diluted EPS": 0.1,
        "Total Revenue": 107,
        "Gross Profit": 55,
        "Operating Income": 10,
        "EBIT": 13,
        "Net Income": 8
    },
    "2014-09-30": {
        "Diluted EPS": 0.38,
        "Total Revenue": 195,
        "Gross Profit": 92,
        "Operating Income": 37,
        "EBIT": 41,
        "Net Income": 29
    },
    "2014-06-30": {
        "Diluted EPS": 0.34,
        "Total Revenue": 181,
        "Gross Profit": 85,
        "Operating Income": 32,
        "EBIT": 35,
        "Net Income": 27
    },
    "2014-03-31": {
        "Diluted EPS": 0.12,
        "Total Revenue": 114,
        "Gross Profit": 58,
        "Operating Income": 10,
        "EBIT": 14,
        "Net Income": 9
    },
    "2013-12-31": {
        "Diluted EPS": -0.03,
        "Total Revenue": 79,
        "Gross Profit": 38,
        "Operating Income": -2,
        "EBIT": 1,
        "Net Income": -2
    },
    "2013-09-30": {
        "Diluted EPS": 0.38,
        "Total Revenue": 174,
        "Gross Profit": 81,
        "Operating Income": 35,
        "EBIT": 39,
        "Net Income": 30
    },
    "2013-06-30": {
        "Diluted EPS": 0.25,
        "Total Revenue": 141,
        "Gross Profit": 66,
        "Operating Income": 19,
        "EBIT": 24,
        "Net Income": 19
    },
    "2013-03-31": {
        "Diluted EPS": 0.1,
        "Total Revenue": 106,
        "Gross Profit": 49,
        "Operating Income": 8,
        "EBIT": 13,
        "Net Income": 7
    },
    "2012-12-31": {
        "Diluted EPS": 0.05,
        "Total Revenue": 114,
        "Gross Profit": 52,
        "Operating Income": 4,
        "EBIT": 9,
        "Net Income": 4
    },
    "2012-09-30": {
        "Diluted EPS": 0.9,
        "Total Revenue": 269,
        "Gross Profit": 123,
        "Operating Income": 70,
        "EBIT": 75,
        "Net Income": 67
    },
    "2012-06-30": {
        "Diluted EPS": 0.9,
        "Total Revenue": 256,
        "Gross Profit": 122,
        "Operating Income": 76,
        "EBIT": 82,
        "Net Income": 68
    },
    "2012-03-31": {
        "Diluted EPS": 0.22,
        "Total Revenue": 146,
        "Gross Profit": 67,
        "Operating Income": 20,
        "EBIT": 26,
        "Net Income": 17
    },
    "2011-12-31": {
        "Diluted EPS": 0.11,
        "Total Revenue": 120,
        "Gross Profit": 55,
        "Operating Income": 12,
        "EBIT": 19,
        "Net Income": 9
    },
    "2011-09-30": {
        "Diluted EPS": 0.03,
        "Total Revenue": 180,
        "Gross Profit": 83,
        "Operating Income": 23,
        "EBIT": 29,
        "Net Income": 1
    },
    "2011-06-30": {
        "Diluted EPS": 0.95,
        "Total Revenue": 294,
        "Gross Profit": 134,
        "Operating Income": 82,
        "EBIT": 88,
        "Net Income": 71
    },
    "2011-03-31": {
        "Diluted EPS": 0.54,
        "Total Revenue": 207,
        "Gross Profit": 99,
        "Operating Income": 44,
        "EBIT": 50,
        "Net Income": 40
    },
    "2010-12-31": {
        "Diluted EPS": 0.21,
        "Total Revenue": 149,
        "Gross Profit": 72,
        "Operating Income": 22,
        "EBIT": 28,
        "Net Income": 15
    },
    "2010-09-30": {
        "Diluted EPS": 0.78,
        "Total Revenue": 259,
        "Gross Profit": 112,
        "Operating Income": 57,
        "EBIT": 63,
        "Net Income": 55
    },
    "2010-06-30": {
        "Diluted EPS": 0.65,
        "Total Revenue": 221,
        "Gross Profit": 99,
        "Operating Income": 50,
        "EBIT": 56,
        "Net Income": 49
    },
    "2010-03-31": {
        "Diluted EPS": 0.28,
        "Total Revenue": 154,
        "Gross Profit": 68,
        "Operating Income": 23,
        "EBIT": 29,
        "Net Income": 21
    },
    "2009-12-31": {
        "Diluted EPS": 0.21,
        "Total Revenue": 128,
        "Gross Profit": 56,
        "Operating Income": 18,
        "EBIT": 24,
        "Net Income": 16
    },
    "2009-09-30": {
        "Diluted EPS": 0.09,
        "Total Revenue": 111,
        "Gross Profit": 47,
        "Operating Income": 8,
        "EBIT": 18,
        "Net Income": 7
    },
    "2009-06-30": {
        "Diluted EPS": -0.25,
        "Total Revenue": 52,
        "Gross Profit": 20,
        "Operating Income": -14,
        "EBIT": -11,
        "Net Income": -15
    },
    "2009-03-31": {
        "Diluted EPS": -0.57,
        "Total Revenue": 25,
        "Gross Profit": 8,
        "Operating Income": -36,
        "EBIT": -26,
        "Net Income": -35
    },
    "2023-06-30": {
        "Tax Effect Of Unusual Items": -732190.0,
        "Tax Rate For Calcs": 0.034,
        "Normalized EBITDA": 34485000.0,
        "Total Unusual Items": -21535000.0,
        "Total Unusual Items Excluding Goodwill": -21535000.0,
        "Net Income From Continuing Operation Net Minority Interest": 4161000.0,
        "Reconciled Depreciation": 8591000.0,
        "Reconciled Cost Of Revenue": 100899000.0,
        "EBITDA": 12950000.0,
        "EBIT": 4359000.0,
        "Net Interest Income": 8797000.0,
        "Interest Expense": 50000.0,
        "Interest Income": 8847000.0,
        "Normalized Income": 24963810.0,
        "Net Income From Continuing And Discontinued Operation": 4161000.0,
        "Total Expenses": 173870000.0,
        "Total Operating Income As Reported": -4488000.0,
        "Diluted Average Shares": 57519000.0,
        "Basic Average Shares": 56553000.0,
        "Diluted EPS": 0.07,
        "Basic EPS": 0.07,
        "Diluted NI Availto Com Stockholders": 4161000.0,
        "Net Income Common Stockholders": 4161000.0,
        "Net Income": 4161000.0,
        "Net Income Including Noncontrolling Interests": 4161000.0,
        "Net Income Continuous Operations": 4161000.0,
        "Tax Provision": 148000.0,
        "Pretax Income": 4309000.0,
        "Other Income Expense": -21535000.0,
        "Special Income Charges": -21535000.0,
        "Impairment Of Capital Assets": 21535000.0,
        "Net Non Operating Interest Income Expense": 8797000.0,
        "Interest Expense Non Operating": 50000.0,
        "Interest Income Non Operating": 8847000.0,
        "Operating Income": 17047000.0,
        "Operating Expense": 72971000.0,
        "Research And Development": 36578000.0,
        "Selling General And Administration": 36393000.0,
        "Gross Profit": 90018000.0,
        "Cost Of Revenue": 100899000.0,
        "Total Revenue": 190917000.0,
        "Operating Revenue": 190917000.0
    },
    "2023-09-30": {
        "Tax Effect Of Unusual Items": 0.0,
        "Tax Rate For Calcs": 0.193139,
        "Normalized EBITDA": 37085000.0,
        "Total Unusual Items": 0.0,
        "Total Unusual Items Excluding Goodwill": 0.0,
        "Net Income From Continuing Operation Net Minority Interest": 23357000.0,
        "Reconciled Depreciation": 8111000.0,
        "Reconciled Cost Of Revenue": 106481000.0,
        "EBITDA": 37085000.0,
        "EBIT": 28974000.0,
        "Net Interest Income": 9474000.0,
        "Interest Expense": 26000.0,
        "Interest Income": 9500000.0,
        "Normalized Income": 23357000.0,
        "Net Income From Continuing And Discontinued Operation": 23357000.0,
        "Total Expenses": 182846000.0,
        "Total Operating Income As Reported": 19474000.0,
        "Diluted Average Shares": 57408000.0,
        "Basic Average Shares": 56442000.0,
        "Diluted EPS": 0.41,
        "Basic EPS": 0.41,
        "Diluted NI Availto Com Stockholders": 23357000.0,
        "Net Income Common Stockholders": 23357000.0,
        "Net Income": 23357000.0,
        "Net Income Including Noncontrolling Interests": 23357000.0,
        "Net Income Continuous Operations": 23357000.0,
        "Tax Provision": 5591000.0,
        "Pretax Income": 28948000.0,
        "Other Income Expense": 0.0,
        "Special Income Charges": 0.0,
        "Impairment Of Capital Assets": 0.0,
        "Net Non Operating Interest Income Expense": 9474000.0,
        "Interest Expense Non Operating": 26000.0,
        "Interest Income Non Operating": 9500000.0,
        "Operating Income": 19474000.0,
        "Operating Expense": 76365000.0,
        "Research And Development": 37616000.0,
        "Selling General And Administration": 38749000.0,
        "Gross Profit": 95839000.0,
        "Cost Of Revenue": 106481000.0,
        "Total Revenue": 202320000.0,
        "Operating Revenue": 202320000.0
    },
    "2023-12-31": {
        "Tax Effect Of Unusual Items": 0.0,
        "Tax Rate For Calcs": 0.197,
        "Normalized EBITDA": 19577000.0,
        "Total Unusual Items": NaN,
        "Total Unusual Items Excluding Goodwill": NaN,
        "Net Income From Continuing Operation Net Minority Interest": 9293000.0,
        "Reconciled Depreciation": 7985000.0,
        "Reconciled Cost Of Revenue": 91293000.0,
        "EBITDA": 19577000.0,
        "EBIT": 11592000.0,
        "Net Interest Income": 9877000.0,
        "Interest Expense": 22000.0,
        "Interest Income": 9899000.0,
        "Normalized Income": 9293000.0,
        "Net Income From Continuing And Discontinued Operation": 9293000.0,
        "Total Expenses": 169496000.0,
        "Total Operating Income As Reported": 1693000.0,
        "Diluted Average Shares": 57023000.0,
        "Basic Average Shares": 56650000.0,
        "Diluted EPS": 0.16,
        "Basic EPS": 0.16,
        "Diluted NI Availto Com Stockholders": 9293000.0,
        "Net Income Common Stockholders": 9293000.0,
        "Net Income": 9293000.0,
        "Net Income Including Noncontrolling Interests": 9293000.0,
        "Net Income Continuous Operations": 9293000.0,
        "Tax Provision": 2277000.0,
        "Pretax Income": 11570000.0,
        "Other Income Expense": NaN,
        "Special Income Charges": NaN,
        "Impairment Of Capital Assets": NaN,
        "Net Non Operating Interest Income Expense": 9877000.0,
        "Interest Expense Non Operating": 22000.0,
        "Interest Income Non Operating": 9899000.0,
        "Operating Income": 1693000.0,
        "Operating Expense": 78203000.0,
        "Research And Development": 36810000.0,
        "Selling General And Administration": 41393000.0,
        "Gross Profit": 79896000.0,
        "Cost Of Revenue": 91293000.0,
        "Total Revenue": 171189000.0,
        "Operating Revenue": 171189000.0
    },
    "2024-03-31": {
        "Tax Effect Of Unusual Items": -17788800.0,
        "Tax Rate For Calcs": 0.4,
        "Normalized EBITDA": -44868000.0,
        "Total Unusual Items": -44472000.0,
        "Total Unusual Items Excluding Goodwill": -44472000.0,
        "Net Income From Continuing Operation Net Minority Interest": -102680000.0,
        "Reconciled Depreciation": 6967000.0,
        "Reconciled Cost Of Revenue": 155603000.0,
        "EBITDA": -89340000.0,
        "EBIT": -96307000.0,
        "Net Interest Income": 8830000.0,
        "Interest Expense": 18000.0,
        "Interest Income": 8848000.0,
        "Normalized Income": -75996800.0,
        "Net Income From Continuing And Discontinued Operation": -102680000.0,
        "Total Expenses": 232757000.0,
        "Total Operating Income As Reported": -105155000.0,
        "Diluted Average Shares": 56154000.0,
        "Basic Average Shares": 56154000.0,
        "Diluted EPS": -1.83,
        "Basic EPS": -1.83,
        "Diluted NI Availto Com Stockholders": -102680000.0,
        "Net Income Common Stockholders": -102680000.0,
        "Net Income": -102680000.0,
        "Net Income Including Noncontrolling Interests": -102680000.0,
        "Net Income Continuous Operations": -102680000.0,
        "Tax Provision": 6355000.0,
        "Pretax Income": -96325000.0,
        "Other Income Expense": -44472000.0,
        "Special Income Charges": -44472000.0,
        "Impairment Of Capital Assets": 44472000.0,
        "Net Non Operating Interest Income Expense": 8830000.0,
        "Interest Expense Non Operating": 18000.0,
        "Interest Income Non Operating": 8848000.0,
        "Operating Income": -60683000.0,
        "Operating Expense": 77154000.0,
        "Research And Development": 37704000.0,
        "Selling General And Administration": 39450000.0,
        "Gross Profit": 16471000.0,
        "Cost Of Revenue": 155603000.0,
        "Total Revenue": 172074000.0,
        "Operating Revenue": 172074000.0
    }
}