{
    "2023-03-31": {
        "Tax Effect Of Unusual Items": -387600.0,
        "Tax Rate For Calcs": 0.4,
        "Normalized EBITDA": 98000.0,
        "Total Unusual Items": -969000.0,
        "Total Unusual Items Excluding Goodwill": -969000.0,
        "Net Income From Continuing Operation Net Minority Interest": -9964000.0,
        "Reconciled Depreciation": 4435000.0,
        "Reconciled Cost Of Revenue": 62518000.0,
        "EBIT": -5306000.0,
        "Net Interest Income": -3634000.0,
        "Interest Expense": 3634000.0,
        "Normalized Income": -9382600.0,
        "Net Income From Continuing And Discontinued Operation": -9964000.0,
        "Total Expenses": 87970000.0,
        "Total Operating Income As Reported": -4352000.0,
        "Diluted Average Shares": 13044570.0,
        "Basic Average Shares": 13044570.0,
        "Diluted EPS": -0.76,
        "Basic EPS": -0.76,
        "Diluted NI Availto Com Stockholders": -9964000.0,
        "Net Income Common Stockholders": -9964000.0,
        "Net Income": -9964000.0,
        "Net Income Including Noncontrolling Interests": -9964000.0,
        "Net Income Continuous Operations": -9964000.0,
        "Tax Provision": 1024000.0,
        "Pretax Income": -8940000.0,
        "Other Income Expense": -954000.0,
        "Other Non Operating Income Expenses": 15000.0,
        "Special Income Charges": NaN,
        "Impairment Of Capital Assets": NaN,
        "Gain On Sale Of Security": -969000.0,
        "Net Non Operating Interest Income Expense": -3634000.0,
        "Interest Expense Non Operating": 3634000.0,
        "Operating Income": -4352000.0,
        "Operating Expense": 25452000.0,
        "Research And Development": 5402000.0,
        "Selling General And Administration": 20050000.0,
        "Selling And Marketing Expense": 6014000.0,
        "General And Administrative Expense": 14036000.0,
        "Other Gand A": 14036000.0,
        "Gross Profit": 21100000.0,
        "Cost Of Revenue": 62518000.0,
        "Total Revenue": 83618000.0,
        "Operating Revenue": 83618000.0
    },
    "2022-12-31": {
        "Tax Effect Of Unusual Items": -4400749.367289,
        "Tax Rate For Calcs": 0.085021,
        "Normalized EBITDA": -7684000.0,
        "Total Unusual Items": -51761000.0,
        "Total Unusual Items Excluding Goodwill": -51761000.0,
        "Net Income From Continuing Operation Net Minority Interest": -57845000.0,
        "Reconciled Depreciation": 5952000.0,
        "Reconciled Cost Of Revenue": 76635000.0,
        "EBIT": -59445000.0,
        "Net Interest Income": -3775000.0,
        "Interest Expense": 3775000.0,
        "Normalized Income": -10484749.367289,
        "Net Income From Continuing And Discontinued Operation": -57845000.0,
        "Total Expenses": 101411000.0,
        "Total Operating Income As Reported": -57195000.0,
        "Diluted Average Shares": 12910363.0,
        "Basic Average Shares": 12910363.0,
        "Diluted EPS": -4.48,
        "Basic EPS": -4.48,
        "Diluted NI Availto Com Stockholders": -57845000.0,
        "Net Income Common Stockholders": -57845000.0,
        "Net Income": -57845000.0,
        "Net Income Including Noncontrolling Interests": -57845000.0,
        "Net Income Continuous Operations": -57845000.0,
        "Tax Provision": -5375000.0,
        "Pretax Income": -63220000.0,
        "Other Income Expense": -51696000.0,
        "Other Non Operating Income Expenses": 65000.0,
        "Special Income Charges": -49446000.0,
        "Impairment Of Capital Assets": 49446000.0,
        "Gain On Sale Of Security": -2315000.0,
        "Net Non Operating Interest Income Expense": -3775000.0,
        "Interest Expense Non Operating": 3775000.0,
        "Operating Income": -7749000.0,
        "Operating Expense": 24776000.0,
        "Research And Development": 2834000.0,
        "Selling General And Administration": 21942000.0,
        "Selling And Marketing Expense": 7763000.0,
        "General And Administrative Expense": 14179000.0,
        "Other Gand A": 14179000.0,
        "Gross Profit": 17027000.0,
        "Cost Of Revenue": 76635000.0,
        "Total Revenue": 93662000.0,
        "Operating Revenue": 93662000.0
    },
    "2022-09-30": {
        "Tax Effect Of Unusual Items": 710000.0,
        "Tax Rate For Calcs": 0.4,
        "Normalized EBITDA": -3479000.0,
        "Total Unusual Items": 1775000.0,
        "Total Unusual Items Excluding Goodwill": 1775000.0,
        "Net Income From Continuing Operation Net Minority Interest": -11674000.0,
        "Reconciled Depreciation": 5719000.0,
        "Reconciled Cost Of Revenue": 67226000.0,
        "EBIT": -7423000.0,
        "Net Interest Income": -3627000.0,
        "Interest Expense": 3627000.0,
        "Normalized Income": -12739000.0,
        "Net Income From Continuing And Discontinued Operation": -11674000.0,
        "Total Expenses": 93151000.0,
        "Total Operating Income As Reported": -9235000.0,
        "Diluted Average Shares": 12757317.0,
        "Basic Average Shares": 12757317.0,
        "Diluted EPS": -0.91,
        "Basic EPS": -0.91,
        "Diluted NI Availto Com Stockholders": -11674000.0,
        "Net Income Common Stockholders": -11674000.0,
        "Net Income": -11674000.0,
        "Net Income Including Noncontrolling Interests": -11674000.0,
        "Net Income Continuous Operations": -11674000.0,
        "Tax Provision": 624000.0,
        "Pretax Income": -11050000.0,
        "Other Income Expense": 1812000.0,
        "Other Non Operating Income Expenses": 37000.0,
        "Special Income Charges": NaN,
        "Impairment Of Capital Assets": NaN,
        "Gain On Sale Of Security": 1775000.0,
        "Net Non Operating Interest Income Expense": -3627000.0,
        "Interest Expense Non Operating": 3627000.0,
        "Operating Income": -9235000.0,
        "Operating Expense": 25925000.0,
        "Research And Development": 5246000.0,
        "Selling General And Administration": 20679000.0,
        "Selling And Marketing Expense": 7181000.0,
        "General And Administrative Expense": 13498000.0,
        "Other Gand A": 13498000.0,
        "Gross Profit": 16690000.0,
        "Cost Of Revenue": 67226000.0,
        "Total Revenue": 83916000.0,
        "Operating Revenue": 83916000.0
    },
    "2022-06-30": {
        "Tax Effect Of Unusual Items": -6702.0,
        "Tax Rate For Calcs": 0.006,
        "Normalized EBITDA": -5462000.0,
        "Total Unusual Items": -1117000.0,
        "Total Unusual Items Excluding Goodwill": -1117000.0,
        "Net Income From Continuing Operation Net Minority Interest": -15837000.0,
        "Reconciled Depreciation": 5936000.0,
        "Reconciled Cost Of Revenue": 62459000.0,
        "EBIT": -12515000.0,
        "Net Interest Income": -3417000.0,
        "Interest Expense": 3417000.0,
        "Normalized Income": -14726702.0,
        "Net Income From Continuing And Discontinued Operation": -15837000.0,
        "Total Expenses": 92544000.0,
        "Total Operating Income As Reported": -11435000.0,
        "Diluted Average Shares": 12403102.0,
        "Basic Average Shares": 12403102.0,
        "Diluted EPS": -1.28,
        "Basic EPS": -1.28,
        "Diluted NI Availto Com Stockholders": -15837000.0,
        "Net Income Common Stockholders": -15837000.0,
        "Net Income": -15837000.0,
        "Net Income Including Noncontrolling Interests": -15837000.0,
        "Net Income Continuous Operations": -15837000.0,
        "Tax Provision": -95000.0,
        "Pretax Income": -15932000.0,
        "Other Income Expense": -1080000.0,
        "Other Non Operating Income Expenses": 37000.0,
        "Special Income Charges": NaN,
        "Impairment Of Capital Assets": NaN,
        "Gain On Sale Of Security": -1117000.0,
        "Net Non Operating Interest Income Expense": -3417000.0,
        "Interest Expense Non Operating": 3417000.0,
        "Operating Income": -11435000.0,
        "Operating Expense": 30085000.0,
        "Research And Development": 6265000.0,
        "Selling General And Administration": 23820000.0,
        "Selling And Marketing Expense": 7226000.0,
        "General And Administrative Expense": 16594000.0,
        "Other Gand A": 16594000.0,
        "Gross Profit": 18650000.0,
        "Cost Of Revenue": 62459000.0,
        "Total Revenue": 81109000.0,
        "Operating Revenue": 81109000.0
    },
    "2022-03-31": {
        "Diluted EPS": -1.09,
        "Total Revenue": 80,
        "Gross Profit": 18,
        "Operating Income": -10,
        "EBIT": -4,
        "Net Income": -13
    },
    "2021-12-31": {
        "Diluted EPS": -0.55,
        "Total Revenue": 90,
        "Gross Profit": 21,
        "Operating Income": -5,
        "EBIT": 1,
        "Net Income": -7
    },
    "2021-09-30": {
        "Diluted EPS": -1.02,
        "Total Revenue": 84,
        "Gross Profit": 20,
        "Operating Income": -7,
        "EBIT": -2,
        "Net Income": -12
    },
    "2021-06-30": {
        "Diluted EPS": -0.46,
        "Total Revenue": 54,
        "Gross Profit": 10,
        "Operating Income": -11,
        "EBIT": -8,
        "Net Income": -4
    },
    "2021-03-31": {
        "Diluted EPS": -1.19,
        "Total Revenue": 40,
        "Gross Profit": 6,
        "Operating Income": -10,
        "EBIT": -9,
        "Net Income": -10
    },
    "2020-12-31": {
        "Diluted EPS": -0.25,
        "Total Revenue": 44,
        "Gross Profit": 8,
        "Operating Income": -5,
        "EBIT": -4,
        "Net Income": -5
    },
    "2020-09-30": {
        "Diluted EPS": -0.67,
        "Total Revenue": 38,
        "Gross Profit": 8,
        "Operating Income": -5,
        "EBIT": -4,
        "Net Income": -5
    },
    "2020-06-30": {
        "Diluted EPS": -1.37,
        "Total Revenue": 31,
        "Gross Profit": 4,
        "Operating Income": -8,
        "EBIT": -7,
        "Net Income": -8
    },
    "2020-03-31": {
        "Diluted EPS": -1.54,
        "Total Revenue": 34,
        "Gross Profit": 5,
        "Operating Income": -10,
        "EBIT": -9,
        "Net Income": -9
    },
    "2019-12-31": {
        "Diluted EPS": -1.09,
        "Total Revenue": 36,
        "Gross Profit": 8,
        "Operating Income": -2,
        "EBIT": -1,
        "Net Income": -4
    },
    "2019-09-30": {
        "Diluted EPS": 0.28,
        "Total Revenue": 35,
        "Gross Profit": 7,
        "Operating Income": 1,
        "EBIT": 2,
        "Net Income": 1
    },
    "2019-06-30": {
        "Diluted EPS": -0.42,
        "Total Revenue": 31,
        "Gross Profit": 6,
        "Operating Income": -1,
        "EBIT": 0,
        "Net Income": -1
    },
    "2019-03-31": {
        "Diluted EPS": -0.46,
        "Total Revenue": 28,
        "Gross Profit": 5,
        "Operating Income": -1,
        "EBIT": -1,
        "Net Income": -1
    },
    "2018-12-31": {
        "Diluted EPS": -0.49,
        "Total Revenue": NaN,
        "Gross Profit": NaN,
        "Operating Income": -1,
        "EBIT": NaN,
        "Net Income": 0
    },
    "2018-09-30": {
        "Diluted EPS": 0.0,
        "Total Revenue": NaN,
        "Gross Profit": NaN,
        "Operating Income": NaN,
        "EBIT": NaN,
        "Net Income": NaN
    },
    "2018-06-30": {
        "Diluted EPS": -0.18,
        "Total Revenue": NaN,
        "Gross Profit": NaN,
        "Operating Income": 0,
        "EBIT": 0,
        "Net Income": 0
    },
    "2018-03-31": {
        "Diluted EPS": -0.21,
        "Total Revenue": NaN,
        "Gross Profit": NaN,
        "Operating Income": 0,
        "EBIT": 0,
        "Net Income": 0
    },
    "2017-12-31": {
        "Diluted EPS": -0.14,
        "Total Revenue": NaN,
        "Gross Profit": NaN,
        "Operating Income": 0,
        "EBIT": 0,
        "Net Income": 0
    },
    "2023-06-30": {
        "Tax Effect Of Unusual Items": -190800.0,
        "Tax Rate For Calcs": 0.4,
        "Normalized EBITDA": 119000.0,
        "Total Unusual Items": -477000.0,
        "Total Unusual Items Excluding Goodwill": -477000.0,
        "Net Income From Continuing Operation Net Minority Interest": -9089000.0,
        "Reconciled Depreciation": 4513000.0,
        "Reconciled Cost Of Revenue": 64981000.0,
        "EBIT": -4871000.0,
        "Net Interest Income": -3821000.0,
        "Interest Expense": 3821000.0,
        "Normalized Income": -8802800.0,
        "Net Income From Continuing And Discontinued Operation": -9089000.0,
        "Total Expenses": 90946000.0,
        "Total Operating Income As Reported": -4515000.0,
        "Diluted Average Shares": 13256071.0,
        "Basic Average Shares": 13256071.0,
        "Diluted EPS": -0.69,
        "Basic EPS": -0.69,
        "Diluted NI Availto Com Stockholders": -9089000.0,
        "Net Income Common Stockholders": -9089000.0,
        "Net Income": -9089000.0,
        "Net Income Including Noncontrolling Interests": -9089000.0,
        "Net Income Continuous Operations": -9089000.0,
        "Tax Provision": 397000.0,
        "Pretax Income": -8692000.0,
        "Other Income Expense": -677000.0,
        "Other Non Operating Income Expenses": -200000.0,
        "Special Income Charges": -321000.0,
        "Impairment Of Capital Assets": 321000.0,
        "Gain On Sale Of Security": -156000.0,
        "Net Non Operating Interest Income Expense": -3821000.0,
        "Interest Expense Non Operating": 3821000.0,
        "Operating Income": -4194000.0,
        "Operating Expense": 25965000.0,
        "Research And Development": 5314000.0,
        "Selling General And Administration": 20651000.0,
        "Selling And Marketing Expense": 5459000.0,
        "General And Administrative Expense": 15192000.0,
        "Other Gand A": 15192000.0,
        "Gross Profit": 21771000.0,
        "Cost Of Revenue": 64981000.0,
        "Total Revenue": 86752000.0,
        "Operating Revenue": 86752000.0
    }
}