{
    "2023-03-31": {
        "Tax Effect Of Unusual Items": NaN,
        "Tax Rate For Calcs": NaN,
        "Normalized EBITDA": NaN,
        "Total Unusual Items": NaN,
        "Total Unusual Items Excluding Goodwill": NaN,
        "Net Income From Continuing Operation Net Minority Interest": NaN,
        "Reconciled Depreciation": NaN,
        "Reconciled Cost Of Revenue": NaN,
        "EBITDA": NaN,
        "EBIT": NaN,
        "Net Interest Income": NaN,
        "Interest Expense": NaN,
        "Interest Income": NaN,
        "Normalized Income": NaN,
        "Net Income From Continuing And Discontinued Operation": NaN,
        "Total Expenses": NaN,
        "Total Operating Income As Reported": NaN,
        "Diluted Average Shares": NaN,
        "Basic Average Shares": NaN,
        "Diluted EPS": NaN,
        "Basic EPS": NaN,
        "Diluted NI Availto Com Stockholders": NaN,
        "Net Income Common Stockholders": NaN,
        "Net Income": NaN,
        "Net Income Including Noncontrolling Interests": NaN,
        "Net Income Continuous Operations": NaN,
        "Tax Provision": NaN,
        "Pretax Income": NaN,
        "Other Income Expense": NaN,
        "Special Income Charges": NaN,
        "Gain On Sale Of Ppe": NaN,
        "Restructuring And Mergern Acquisition": NaN,
        "Gain On Sale Of Security": NaN,
        "Net Non Operating Interest Income Expense": NaN,
        "Total Other Finance Cost": NaN,
        "Interest Expense Non Operating": NaN,
        "Interest Income Non Operating": NaN,
        "Operating Income": NaN,
        "Operating Expense": NaN,
        "Other Operating Expenses": 381000.0,
        "Research And Development": NaN,
        "Selling General And Administration": NaN,
        "Selling And Marketing Expense": NaN,
        "General And Administrative Expense": NaN,
        "Other Gand A": NaN,
        "Salaries And Wages": NaN,
        "Gross Profit": NaN,
        "Cost Of Revenue": NaN,
        "Total Revenue": NaN,
        "Operating Revenue": NaN
    },
    "2022-12-31": {
        "Tax Effect Of Unusual Items": NaN,
        "Tax Rate For Calcs": NaN,
        "Normalized EBITDA": NaN,
        "Total Unusual Items": NaN,
        "Total Unusual Items Excluding Goodwill": NaN,
        "Net Income From Continuing Operation Net Minority Interest": NaN,
        "Reconciled Depreciation": NaN,
        "Reconciled Cost Of Revenue": NaN,
        "EBITDA": NaN,
        "EBIT": NaN,
        "Net Interest Income": NaN,
        "Interest Expense": NaN,
        "Interest Income": NaN,
        "Normalized Income": NaN,
        "Net Income From Continuing And Discontinued Operation": NaN,
        "Total Expenses": NaN,
        "Total Operating Income As Reported": NaN,
        "Diluted Average Shares": NaN,
        "Basic Average Shares": NaN,
        "Diluted EPS": NaN,
        "Basic EPS": NaN,
        "Diluted NI Availto Com Stockholders": NaN,
        "Net Income Common Stockholders": NaN,
        "Net Income": NaN,
        "Net Income Including Noncontrolling Interests": NaN,
        "Net Income Continuous Operations": NaN,
        "Tax Provision": NaN,
        "Pretax Income": NaN,
        "Other Income Expense": NaN,
        "Special Income Charges": NaN,
        "Gain On Sale Of Ppe": 0.0,
        "Restructuring And Mergern Acquisition": NaN,
        "Gain On Sale Of Security": NaN,
        "Net Non Operating Interest Income Expense": NaN,
        "Total Other Finance Cost": NaN,
        "Interest Expense Non Operating": NaN,
        "Interest Income Non Operating": NaN,
        "Operating Income": NaN,
        "Operating Expense": NaN,
        "Other Operating Expenses": NaN,
        "Research And Development": NaN,
        "Selling General And Administration": NaN,
        "Selling And Marketing Expense": NaN,
        "General And Administrative Expense": NaN,
        "Other Gand A": NaN,
        "Salaries And Wages": NaN,
        "Gross Profit": NaN,
        "Cost Of Revenue": NaN,
        "Total Revenue": NaN,
        "Operating Revenue": NaN
    },
    "2022-09-30": {
        "Tax Effect Of Unusual Items": NaN,
        "Tax Rate For Calcs": NaN,
        "Normalized EBITDA": NaN,
        "Total Unusual Items": NaN,
        "Total Unusual Items Excluding Goodwill": NaN,
        "Net Income From Continuing Operation Net Minority Interest": NaN,
        "Reconciled Depreciation": NaN,
        "Reconciled Cost Of Revenue": NaN,
        "EBITDA": NaN,
        "EBIT": NaN,
        "Net Interest Income": NaN,
        "Interest Expense": NaN,
        "Interest Income": NaN,
        "Normalized Income": NaN,
        "Net Income From Continuing And Discontinued Operation": NaN,
        "Total Expenses": NaN,
        "Total Operating Income As Reported": NaN,
        "Diluted Average Shares": NaN,
        "Basic Average Shares": NaN,
        "Diluted EPS": NaN,
        "Basic EPS": NaN,
        "Diluted NI Availto Com Stockholders": NaN,
        "Net Income Common Stockholders": NaN,
        "Net Income": NaN,
        "Net Income Including Noncontrolling Interests": NaN,
        "Net Income Continuous Operations": NaN,
        "Tax Provision": NaN,
        "Pretax Income": NaN,
        "Other Income Expense": NaN,
        "Special Income Charges": NaN,
        "Gain On Sale Of Ppe": 0.0,
        "Restructuring And Mergern Acquisition": NaN,
        "Gain On Sale Of Security": NaN,
        "Net Non Operating Interest Income Expense": NaN,
        "Total Other Finance Cost": NaN,
        "Interest Expense Non Operating": NaN,
        "Interest Income Non Operating": NaN,
        "Operating Income": NaN,
        "Operating Expense": NaN,
        "Other Operating Expenses": 366000.0,
        "Research And Development": NaN,
        "Selling General And Administration": NaN,
        "Selling And Marketing Expense": NaN,
        "General And Administrative Expense": NaN,
        "Other Gand A": NaN,
        "Salaries And Wages": NaN,
        "Gross Profit": NaN,
        "Cost Of Revenue": NaN,
        "Total Revenue": NaN,
        "Operating Revenue": NaN
    },
    "2022-06-30": {
        "Tax Effect Of Unusual Items": 0.0,
        "Tax Rate For Calcs": 0.4,
        "Normalized EBITDA": -15506000.0,
        "Total Unusual Items": 773000.0,
        "Total Unusual Items Excluding Goodwill": 773000.0,
        "Net Income From Continuing Operation Net Minority Interest": -17347000.0,
        "Reconciled Depreciation": 738000.0,
        "Reconciled Cost Of Revenue": 15289000.0,
        "EBITDA": -15506000.0,
        "EBIT": -15506000.0,
        "Net Interest Income": 241000.0,
        "Interest Expense": 489000.0,
        "Interest Income": 166000.0,
        "Normalized Income": -17347000.0,
        "Net Income From Continuing And Discontinued Operation": -17347000.0,
        "Total Expenses": 57484000.0,
        "Total Operating Income As Reported": -15506000.0,
        "Diluted Average Shares": 129745162.0,
        "Basic Average Shares": 129745162.0,
        "Diluted EPS": -0.13,
        "Basic EPS": -0.13,
        "Diluted NI Availto Com Stockholders": -17347000.0,
        "Average Dilution Earnings": 0.0,
        "Net Income Common Stockholders": -17347000.0,
        "Otherunder Preferred Stock Dividend": 0.0,
        "Net Income": -17347000.0,
        "Net Income Including Noncontrolling Interests": -17347000.0,
        "Net Income Continuous Operations": -17347000.0,
        "Tax Provision": 2082000.0,
        "Pretax Income": -15265000.0,
        "Other Income Expense": 773000.0,
        "Special Income Charges": NaN,
        "Gain On Sale Of Ppe": NaN,
        "Restructuring And Mergern Acquisition": NaN,
        "Gain On Sale Of Security": 773000.0,
        "Net Non Operating Interest Income Expense": 241000.0,
        "Total Other Finance Cost": -241000.0,
        "Interest Expense Non Operating": 489000.0,
        "Interest Income Non Operating": 166000.0,
        "Operating Income": -15506000.0,
        "Operating Expense": 42195000.0,
        "Other Operating Expenses": 504000.0,
        "Research And Development": 14441000.0,
        "Selling General And Administration": 27754000.0,
        "Selling And Marketing Expense": 16416000.0,
        "General And Administrative Expense": 11338000.0,
        "Other Gand A": 11338000.0,
        "Salaries And Wages": 20993000.0,
        "Gross Profit": 26689000.0,
        "Cost Of Revenue": 15289000.0,
        "Total Revenue": 41978000.0,
        "Operating Revenue": 41978000.0
    },
    "2023-06-30": {
        "Tax Effect Of Unusual Items": 363720.0,
        "Tax Rate For Calcs": 0.21,
        "Normalized EBITDA": -8173000.0,
        "Total Unusual Items": 1732000.0,
        "Total Unusual Items Excluding Goodwill": 1732000.0,
        "Net Income From Continuing Operation Net Minority Interest": -10778000.0,
        "Reconciled Depreciation": 1146000.0,
        "Reconciled Cost Of Revenue": 15278000.0,
        "EBITDA": -6441000.0,
        "EBIT": -7587000.0,
        "Net Interest Income": -589000.0,
        "Interest Expense": 808000.0,
        "Interest Income": 586000.0,
        "Normalized Income": -12146280.0,
        "Net Income From Continuing And Discontinued Operation": -10778000.0,
        "Total Expenses": 53418000.0,
        "Total Operating Income As Reported": -9561000.0,
        "Diluted Average Shares": 136782051.0,
        "Basic Average Shares": 136782051.0,
        "Diluted EPS": -0.08,
        "Basic EPS": -0.08,
        "Diluted NI Availto Com Stockholders": -10778000.0,
        "Net Income Common Stockholders": -10778000.0,
        "Net Income": -10778000.0,
        "Net Income Including Noncontrolling Interests": -10778000.0,
        "Net Income Continuous Operations": -10778000.0,
        "Tax Provision": 2383000.0,
        "Pretax Income": -8395000.0,
        "Other Income Expense": 1732000.0,
        "Special Income Charges": -23000.0,
        "Gain On Sale Of Ppe": NaN,
        "Restructuring And Mergern Acquisition": 23000.0,
        "Gain On Sale Of Security": 1755000.0,
        "Net Non Operating Interest Income Expense": -589000.0,
        "Total Other Finance Cost": 367000.0,
        "Interest Expense Non Operating": 808000.0,
        "Interest Income Non Operating": 586000.0,
        "Operating Income": -9538000.0,
        "Operating Expense": 38140000.0,
        "Other Operating Expenses": 454000.0,
        "Research And Development": 12975000.0,
        "Selling General And Administration": 25165000.0,
        "Selling And Marketing Expense": 2733000.0,
        "General And Administrative Expense": 22432000.0,
        "Other Gand A": 3556000.0,
        "Salaries And Wages": 18876000.0,
        "Gross Profit": 28602000.0,
        "Cost Of Revenue": 15278000.0,
        "Total Revenue": 43880000.0,
        "Operating Revenue": 43880000.0
    },
    "2022-03-31": {
        "Diluted EPS": -0.13,
        "Total Revenue": 42,
        "Gross Profit": 26,
        "Operating Income": -15,
        "EBIT": -12,
        "Net Income": -17
    },
    "2021-12-31": {
        "Diluted EPS": 0.41,
        "Total Revenue": 43,
        "Gross Profit": 27,
        "Operating Income": -12,
        "EBIT": -9,
        "Net Income": -16
    },
    "2021-09-30": {
        "Diluted EPS": -0.26,
        "Total Revenue": 43,
        "Gross Profit": 28,
        "Operating Income": -6,
        "EBIT": -3,
        "Net Income": -27
    },
    "2021-06-30": {
        "Diluted EPS": -0.37,
        "Total Revenue": 42,
        "Gross Profit": 26,
        "Operating Income": -6,
        "EBIT": -3,
        "Net Income": -6
    },
    "2021-03-31": {
        "Diluted EPS": -0.73,
        "Total Revenue": 38,
        "Gross Profit": 22,
        "Operating Income": -9,
        "EBIT": -7,
        "Net Income": -19
    },
    "2020-12-31": {
        "Diluted EPS": -1.57,
        "Total Revenue": 35,
        "Gross Profit": 21,
        "Operating Income": -1,
        "EBIT": -4,
        "Net Income": -36
    },
    "2020-09-30": {
        "Diluted EPS": -0.38,
        "Total Revenue": 31,
        "Gross Profit": 18,
        "Operating Income": -4,
        "EBIT": 4,
        "Net Income": -10
    },
    "2020-06-30": {
        "Diluted EPS": -0.56,
        "Total Revenue": 29,
        "Gross Profit": 18,
        "Operating Income": 1,
        "EBIT": 2,
        "Net Income": -14
    },
    "2020-03-31": {
        "Diluted EPS": -0.32,
        "Total Revenue": 26,
        "Gross Profit": 15,
        "Operating Income": -4,
        "EBIT": -3,
        "Net Income": -8
    },
    "2019-12-31": {
        "Diluted EPS": 0.0,
        "Total Revenue": NaN,
        "Gross Profit": NaN,
        "Operating Income": NaN,
        "EBIT": NaN,
        "Net Income": NaN
    },
    "2023-09-30": {
        "Tax Effect Of Unusual Items": 85050.0,
        "Tax Rate For Calcs": 0.21,
        "Normalized EBITDA": -6581000.0,
        "Total Unusual Items": 405000.0,
        "Total Unusual Items Excluding Goodwill": 405000.0,
        "Net Income From Continuing Operation Net Minority Interest": -10726000.0,
        "Reconciled Depreciation": 1254000.0,
        "Reconciled Cost Of Revenue": 15843000.0,
        "EBITDA": -6176000.0,
        "EBIT": -7430000.0,
        "Net Interest Income": -315000.0,
        "Interest Expense": 789000.0,
        "Interest Income": 689000.0,
        "Normalized Income": -11045950.0,
        "Net Income From Continuing And Discontinued Operation": -10726000.0,
        "Total Expenses": 51851000.0,
        "Total Operating Income As Reported": -8314000.0,
        "Diluted Average Shares": 139186364.0,
        "Basic Average Shares": 139186364.0,
        "Diluted EPS": -0.08,
        "Basic EPS": -0.08,
        "Diluted NI Availto Com Stockholders": -10726000.0,
        "Net Income Common Stockholders": -10726000.0,
        "Net Income": -10726000.0,
        "Net Income Including Noncontrolling Interests": -10726000.0,
        "Net Income Continuous Operations": -10726000.0,
        "Tax Provision": 2507000.0,
        "Pretax Income": -8219000.0,
        "Other Income Expense": 405000.0,
        "Special Income Charges": -5000.0,
        "Gain On Sale Of Ppe": NaN,
        "Restructuring And Mergern Acquisition": 5000.0,
        "Gain On Sale Of Security": 410000.0,
        "Net Non Operating Interest Income Expense": -315000.0,
        "Total Other Finance Cost": 215000.0,
        "Interest Expense Non Operating": 789000.0,
        "Interest Income Non Operating": 689000.0,
        "Operating Income": -8309000.0,
        "Operating Expense": 36008000.0,
        "Other Operating Expenses": NaN,
        "Research And Development": 12558000.0,
        "Selling General And Administration": 23450000.0,
        "Selling And Marketing Expense": 2303000.0,
        "General And Administrative Expense": 21147000.0,
        "Other Gand A": 3090000.0,
        "Salaries And Wages": 18057000.0,
        "Gross Profit": 27699000.0,
        "Cost Of Revenue": 15843000.0,
        "Total Revenue": 43542000.0,
        "Operating Revenue": 43542000.0
    },
    "2023-12-31": {
        "Tax Effect Of Unusual Items": -468930.0,
        "Tax Rate For Calcs": 0.21,
        "Normalized EBITDA": -6347000.0,
        "Total Unusual Items": -2233000.0,
        "Total Unusual Items Excluding Goodwill": -2233000.0,
        "Net Income From Continuing Operation Net Minority Interest": -12067000.0,
        "Reconciled Depreciation": 1308000.0,
        "Reconciled Cost Of Revenue": 15831000.0,
        "EBITDA": -8580000.0,
        "EBIT": -9888000.0,
        "Net Interest Income": 1586000.0,
        "Interest Expense": 778000.0,
        "Interest Income": 2122000.0,
        "Normalized Income": -10302930.0,
        "Net Income From Continuing And Discontinued Operation": -12067000.0,
        "Total Expenses": 53297000.0,
        "Total Operating Income As Reported": -8819000.0,
        "Diluted Average Shares": 141791191.0,
        "Basic Average Shares": 141791191.0,
        "Diluted EPS": -0.09,
        "Basic EPS": -0.09,
        "Diluted NI Availto Com Stockholders": -12067000.0,
        "Net Income Common Stockholders": -12067000.0,
        "Net Income": -12067000.0,
        "Net Income Including Noncontrolling Interests": -12067000.0,
        "Net Income Continuous Operations": -12067000.0,
        "Tax Provision": 1401000.0,
        "Pretax Income": -10666000.0,
        "Other Income Expense": -2233000.0,
        "Special Income Charges": 0.0,
        "Gain On Sale Of Ppe": NaN,
        "Restructuring And Mergern Acquisition": 0.0,
        "Gain On Sale Of Security": -2233000.0,
        "Net Non Operating Interest Income Expense": 1586000.0,
        "Total Other Finance Cost": -242000.0,
        "Interest Expense Non Operating": 778000.0,
        "Interest Income Non Operating": 2122000.0,
        "Operating Income": -8819000.0,
        "Operating Expense": 37466000.0,
        "Other Operating Expenses": NaN,
        "Research And Development": 12737000.0,
        "Selling General And Administration": 24729000.0,
        "Selling And Marketing Expense": 41824000.0,
        "General And Administrative Expense": -17095000.0,
        "Other Gand A": 3139000.0,
        "Salaries And Wages": -20234000.0,
        "Gross Profit": 28647000.0,
        "Cost Of Revenue": 15831000.0,
        "Total Revenue": 44478000.0,
        "Operating Revenue": 44478000.0
    },
    "2024-03-31": {
        "Tax Effect Of Unusual Items": -406900.0,
        "Tax Rate For Calcs": 0.26,
        "Normalized EBITDA": -5214000.0,
        "Total Unusual Items": -1565000.0,
        "Total Unusual Items Excluding Goodwill": -1565000.0,
        "Net Income From Continuing Operation Net Minority Interest": -11096000.0,
        "Reconciled Depreciation": 1305000.0,
        "Reconciled Cost Of Revenue": 16173000.0,
        "EBITDA": -6779000.0,
        "EBIT": -8084000.0,
        "Net Interest Income": 68000.0,
        "Interest Expense": 704000.0,
        "Interest Income": 818000.0,
        "Normalized Income": -9937900.0,
        "Net Income From Continuing And Discontinued Operation": -11096000.0,
        "Total Expenses": 52072000.0,
        "Total Operating Income As Reported": -7291000.0,
        "Diluted Average Shares": 144253660.0,
        "Basic Average Shares": 144253660.0,
        "Diluted EPS": -0.08,
        "Basic EPS": -0.08,
        "Diluted NI Availto Com Stockholders": -11096000.0,
        "Net Income Common Stockholders": -11096000.0,
        "Net Income": -11096000.0,
        "Net Income Including Noncontrolling Interests": -11096000.0,
        "Net Income Continuous Operations": -11096000.0,
        "Tax Provision": 2308000.0,
        "Pretax Income": -8788000.0,
        "Other Income Expense": -1565000.0,
        "Special Income Charges": 0.0,
        "Gain On Sale Of Ppe": NaN,
        "Restructuring And Mergern Acquisition": 0.0,
        "Gain On Sale Of Security": -1565000.0,
        "Net Non Operating Interest Income Expense": 68000.0,
        "Total Other Finance Cost": 46000.0,
        "Interest Expense Non Operating": 704000.0,
        "Interest Income Non Operating": 818000.0,
        "Operating Income": -7291000.0,
        "Operating Expense": 35899000.0,
        "Other Operating Expenses": NaN,
        "Research And Development": 12005000.0,
        "Selling General And Administration": 23894000.0,
        "Selling And Marketing Expense": 2110000.0,
        "General And Administrative Expense": 21784000.0,
        "Other Gand A": 4027000.0,
        "Salaries And Wages": 17757000.0,
        "Gross Profit": 28608000.0,
        "Cost Of Revenue": 16173000.0,
        "Total Revenue": 44781000.0,
        "Operating Revenue": 44781000.0
    },
    "2024-06-30": {
        "Tax Effect Of Unusual Items": 224280.0,
        "Tax Rate For Calcs": 0.21,
        "Normalized EBITDA": -6626000.0,
        "Total Unusual Items": 1068000.0,
        "Total Unusual Items Excluding Goodwill": 1068000.0,
        "Net Income From Continuing Operation Net Minority Interest": -10004000.0,
        "Reconciled Depreciation": 1280000.0,
        "Reconciled Cost Of Revenue": 15356000.0,
        "EBITDA": -5558000.0,
        "EBIT": -6838000.0,
        "Net Interest Income": -58000.0,
        "Interest Expense": 702000.0,
        "Interest Income": 790000.0,
        "Normalized Income": -10847720.0,
        "Net Income From Continuing And Discontinued Operation": -10004000.0,
        "Total Expenses": 52582000.0,
        "Total Operating Income As Reported": -8550000.0,
        "Diluted Average Shares": 147607504.0,
        "Basic Average Shares": 147607504.0,
        "Diluted EPS": -0.07,
        "Basic EPS": -0.07,
        "Diluted NI Availto Com Stockholders": -10004000.0,
        "Net Income Common Stockholders": -10004000.0,
        "Net Income": -10004000.0,
        "Net Income Including Noncontrolling Interests": -10004000.0,
        "Net Income Continuous Operations": -10004000.0,
        "Tax Provision": 2464000.0,
        "Pretax Income": -7540000.0,
        "Other Income Expense": 1068000.0,
        "Special Income Charges": 0.0,
        "Gain On Sale Of Ppe": NaN,
        "Restructuring And Mergern Acquisition": 0.0,
        "Gain On Sale Of Security": 1068000.0,
        "Net Non Operating Interest Income Expense": -58000.0,
        "Total Other Finance Cost": 146000.0,
        "Interest Expense Non Operating": 702000.0,
        "Interest Income Non Operating": 790000.0,
        "Operating Income": -8550000.0,
        "Operating Expense": 37226000.0,
        "Other Operating Expenses": NaN,
        "Research And Development": 12029000.0,
        "Selling General And Administration": 25197000.0,
        "Selling And Marketing Expense": 2393000.0,
        "General And Administrative Expense": 22804000.0,
        "Other Gand A": 3131000.0,
        "Salaries And Wages": 19673000.0,
        "Gross Profit": 28676000.0,
        "Cost Of Revenue": 15356000.0,
        "Total Revenue": 44032000.0,
        "Operating Revenue": 44032000.0
    }
}