{
    "2023-03-31": {
        "Tax Effect Of Unusual Items": 66666.666667,
        "Tax Rate For Calcs": 0.020833,
        "Normalized EBITDA": 32200000.0,
        "Total Unusual Items": 3200000.0,
        "Total Unusual Items Excluding Goodwill": 3200000.0,
        "Net Income From Continuing Operation Net Minority Interest": 9400000.0,
        "Reconciled Depreciation": 16500000.0,
        "Reconciled Cost Of Revenue": 180900000.0,
        "EBITDA": 35400000.0,
        "EBIT": 18900000.0,
        "Net Interest Income": -9300000.0,
        "Interest Expense": 9300000.0,
        "Interest Income": 0.0,
        "Normalized Income": 6266666.666667,
        "Net Income From Continuing And Discontinued Operation": 9400000.0,
        "Total Expenses": 223900000.0,
        "Total Operating Income As Reported": 18900000.0,
        "Diluted Average Shares": 14400000.0,
        "Basic Average Shares": 14200000.0,
        "Diluted EPS": 0.65,
        "Basic EPS": 0.66,
        "Diluted NI Availto Com Stockholders": 9400000.0,
        "Net Income Common Stockholders": 9400000.0,
        "Net Income": 9400000.0,
        "Net Income Including Noncontrolling Interests": 9400000.0,
        "Net Income Continuous Operations": 9400000.0,
        "Tax Provision": 200000.0,
        "Pretax Income": 9600000.0,
        "Other Income Expense": 3200000.0,
        "Special Income Charges": 3200000.0,
        "Restructuring And Mergern Acquisition": -3200000.0,
        "Net Non Operating Interest Income Expense": -9300000.0,
        "Interest Expense Non Operating": 9300000.0,
        "Interest Income Non Operating": 0.0,
        "Operating Income": 15700000.0,
        "Operating Expense": 43000000.0,
        "Depreciation Amortization Depletion Income Statement": 16500000.0,
        "Depreciation And Amortization In Income Statement": 16500000.0,
        "Research And Development": 300000.0,
        "Selling General And Administration": 26200000.0,
        "Gross Profit": 58700000.0,
        "Cost Of Revenue": 180900000.0,
        "Total Revenue": 239600000.0,
        "Operating Revenue": 239600000.0
    },
    "2022-12-31": {
        "Tax Effect Of Unusual Items": 0.0,
        "Tax Rate For Calcs": 0.0,
        "Normalized EBITDA": 37100000.0,
        "Total Unusual Items": 0.0,
        "Total Unusual Items Excluding Goodwill": 0.0,
        "Net Income From Continuing Operation Net Minority Interest": 13200000.0,
        "Reconciled Depreciation": 14900000.0,
        "Reconciled Cost Of Revenue": 166600000.0,
        "EBITDA": 37100000.0,
        "EBIT": 22200000.0,
        "Net Interest Income": -9000000.0,
        "Interest Expense": 9000000.0,
        "Interest Income": NaN,
        "Normalized Income": 13200000.0,
        "Net Income From Continuing And Discontinued Operation": 13200000.0,
        "Total Expenses": 201100000.0,
        "Total Operating Income As Reported": 22200000.0,
        "Diluted Average Shares": 12500000.0,
        "Basic Average Shares": 12300000.0,
        "Diluted EPS": 1.06,
        "Basic EPS": 1.07,
        "Diluted NI Availto Com Stockholders": 13200000.0,
        "Net Income Common Stockholders": 13200000.0,
        "Net Income": 13200000.0,
        "Net Income Including Noncontrolling Interests": 13200000.0,
        "Net Income Continuous Operations": 13200000.0,
        "Tax Provision": 0.0,
        "Pretax Income": 13200000.0,
        "Other Income Expense": NaN,
        "Special Income Charges": 0.0,
        "Write Off": 0.0,
        "Restructuring And Mergern Acquisition": 0.0,
        "Net Non Operating Interest Income Expense": -9000000.0,
        "Interest Expense Non Operating": 9000000.0,
        "Interest Income Non Operating": NaN,
        "Operating Income": 22200000.0,
        "Operating Expense": 34500000.0,
        "Depreciation Amortization Depletion Income Statement": 14900000.0,
        "Depreciation And Amortization In Income Statement": 14900000.0,
        "Research And Development": 200000.0,
        "Selling General And Administration": 19400000.0,
        "Gross Profit": 56700000.0,
        "Cost Of Revenue": 166600000.0,
        "Total Revenue": 223300000.0,
        "Operating Revenue": 223300000.0
    },
    "2022-09-30": {
        "Tax Effect Of Unusual Items": 0.0,
        "Tax Rate For Calcs": 0.026316,
        "Normalized EBITDA": 34600000.0,
        "Total Unusual Items": 0.0,
        "Total Unusual Items Excluding Goodwill": 0.0,
        "Net Income From Continuing Operation Net Minority Interest": 11100000.0,
        "Reconciled Depreciation": 14200000.0,
        "Reconciled Cost Of Revenue": 168800000.0,
        "EBITDA": 34600000.0,
        "EBIT": 20400000.0,
        "Net Interest Income": -9000000.0,
        "Interest Expense": 9000000.0,
        "Interest Income": NaN,
        "Normalized Income": 11100000.0,
        "Net Income From Continuing And Discontinued Operation": 11100000.0,
        "Total Expenses": 201200000.0,
        "Total Operating Income As Reported": 20400000.0,
        "Diluted Average Shares": 11500000.0,
        "Basic Average Shares": 11500000.0,
        "Diluted EPS": 0.96,
        "Basic EPS": 0.96,
        "Diluted NI Availto Com Stockholders": 11100000.0,
        "Net Income Common Stockholders": 11100000.0,
        "Net Income": 11100000.0,
        "Net Income Including Noncontrolling Interests": 11100000.0,
        "Net Income Continuous Operations": 11100000.0,
        "Tax Provision": 300000.0,
        "Pretax Income": 11400000.0,
        "Other Income Expense": NaN,
        "Special Income Charges": 0.0,
        "Write Off": 0.0,
        "Restructuring And Mergern Acquisition": 0.0,
        "Net Non Operating Interest Income Expense": -9000000.0,
        "Interest Expense Non Operating": 9000000.0,
        "Interest Income Non Operating": NaN,
        "Operating Income": 20400000.0,
        "Operating Expense": 32400000.0,
        "Depreciation Amortization Depletion Income Statement": 14200000.0,
        "Depreciation And Amortization In Income Statement": 14200000.0,
        "Research And Development": 200000.0,
        "Selling General And Administration": 18000000.0,
        "Gross Profit": 52800000.0,
        "Cost Of Revenue": 168800000.0,
        "Total Revenue": 221600000.0,
        "Operating Revenue": 221600000.0
    },
    "2022-06-30": {
        "Tax Effect Of Unusual Items": 0.0,
        "Tax Rate For Calcs": 0.4,
        "Normalized EBITDA": 15400000.0,
        "Total Unusual Items": 0.0,
        "Total Unusual Items Excluding Goodwill": 0.0,
        "Net Income From Continuing Operation Net Minority Interest": -7500000.0,
        "Reconciled Depreciation": 14000000.0,
        "Reconciled Cost Of Revenue": 150900000.0,
        "EBITDA": 15400000.0,
        "EBIT": 1400000.0,
        "Net Interest Income": -8700000.0,
        "Interest Expense": 8700000.0,
        "Normalized Income": -7500000.0,
        "Net Income From Continuing And Discontinued Operation": -7500000.0,
        "Total Expenses": 183000000.0,
        "Total Operating Income As Reported": 1400000.0,
        "Diluted Average Shares": 11200000.0,
        "Basic Average Shares": 11200000.0,
        "Diluted EPS": -0.67,
        "Basic EPS": -0.67,
        "Diluted NI Availto Com Stockholders": -7500000.0,
        "Net Income Common Stockholders": -7500000.0,
        "Net Income": -7500000.0,
        "Net Income Including Noncontrolling Interests": -7500000.0,
        "Net Income Continuous Operations": -7500000.0,
        "Tax Provision": 200000.0,
        "Pretax Income": -7300000.0,
        "Other Income Expense": NaN,
        "Special Income Charges": 0.0,
        "Write Off": 0.0,
        "Restructuring And Mergern Acquisition": 0.0,
        "Net Non Operating Interest Income Expense": -8700000.0,
        "Interest Expense Non Operating": 8700000.0,
        "Operating Income": 1400000.0,
        "Operating Expense": 32100000.0,
        "Depreciation Amortization Depletion Income Statement": 14000000.0,
        "Depreciation And Amortization In Income Statement": 14000000.0,
        "Research And Development": 100000.0,
        "Selling General And Administration": 18000000.0,
        "Gross Profit": 33500000.0,
        "Cost Of Revenue": 150900000.0,
        "Total Revenue": 184400000.0,
        "Operating Revenue": 184400000.0
    },
    "2022-03-31": {
        "Diluted EPS": -1.98,
        "Total Revenue": 152,
        "Gross Profit": 17,
        "Operating Income": -12,
        "EBIT": 3,
        "Net Income": -20
    },
    "2021-12-31": {
        "Diluted EPS": -1.25,
        "Total Revenue": 94,
        "Gross Profit": 13,
        "Operating Income": 13,
        "EBIT": 245,
        "Net Income": -13
    },
    "2021-10-31": {
        "Diluted EPS": -2.19,
        "Total Revenue": 139,
        "Gross Profit": 18,
        "Operating Income": -10,
        "EBIT": 35,
        "Net Income": -19
    },
    "2021-09-30": {
        "Diluted EPS": -2.19,
        "Total Revenue": 139,
        "Gross Profit": 18,
        "Operating Income": -10,
        "EBIT": 18,
        "Net Income": -19
    },
    "2021-07-31": {
        "Diluted EPS": -2.98,
        "Total Revenue": 112,
        "Gross Profit": 13,
        "Operating Income": -17,
        "EBIT": 12,
        "Net Income": -25
    },
    "2021-06-30": {
        "Diluted EPS": -2.98,
        "Total Revenue": 112,
        "Gross Profit": 13,
        "Operating Income": -17,
        "EBIT": -47,
        "Net Income": -25
    },
    "2021-04-30": {
        "Diluted EPS": -4.41,
        "Total Revenue": 91,
        "Gross Profit": 2,
        "Operating Income": -29,
        "EBIT": -59,
        "Net Income": -37
    },
    "2021-01-31": {
        "Diluted EPS": 0.0,
        "Total Revenue": NaN,
        "Gross Profit": -71,
        "Operating Income": NaN,
        "EBIT": 8,
        "Net Income": NaN
    },
    "2020-10-31": {
        "Diluted EPS": -4.56,
        "Total Revenue": 71,
        "Gross Profit": 5,
        "Operating Income": -30,
        "EBIT": 228,
        "Net Income": -38
    },
    "2020-07-31": {
        "Diluted EPS": -4.12,
        "Total Revenue": 36,
        "Gross Profit": -2,
        "Operating Income": -13,
        "EBIT": 0,
        "Net Income": -20
    },
    "2020-04-30": {
        "Diluted EPS": -52.6,
        "Total Revenue": 83,
        "Gross Profit": 6,
        "Operating Income": -236,
        "EBIT": -268,
        "Net Income": -243
    },
    "2020-01-31": {
        "Diluted EPS": 0.0,
        "Total Revenue": NaN,
        "Gross Profit": NaN,
        "Operating Income": NaN,
        "EBIT": NaN,
        "Net Income": NaN
    },
    "2019-10-31": {
        "Diluted EPS": -15.5,
        "Total Revenue": 135,
        "Gross Profit": 15,
        "Operating Income": -63,
        "EBIT": 32,
        "Net Income": -70
    },
    "2019-07-31": {
        "Diluted EPS": 0.78,
        "Total Revenue": 165,
        "Gross Profit": 36,
        "Operating Income": 11,
        "EBIT": 28,
        "Net Income": 4
    },
    "2019-04-30": {
        "Diluted EPS": -1.2,
        "Total Revenue": 146,
        "Gross Profit": 27,
        "Operating Income": 2,
        "EBIT": -77,
        "Net Income": -5
    },
    "2019-01-31": {
        "Diluted EPS": 0.0,
        "Total Revenue": NaN,
        "Gross Profit": NaN,
        "Operating Income": NaN,
        "EBIT": NaN,
        "Net Income": NaN
    },
    "2018-12-31": {
        "Diluted EPS": 0.0,
        "Total Revenue": NaN,
        "Gross Profit": NaN,
        "Operating Income": NaN,
        "EBIT": NaN,
        "Net Income": NaN
    },
    "2018-10-31": {
        "Diluted EPS": -2.45,
        "Total Revenue": 123,
        "Gross Profit": 33,
        "Operating Income": -10,
        "EBIT": 18,
        "Net Income": -10
    },
    "2018-07-31": {
        "Diluted EPS": 3.4,
        "Total Revenue": 118,
        "Gross Profit": 32,
        "Operating Income": 14,
        "EBIT": 23,
        "Net Income": 14
    },
    "2018-06-30": {
        "Diluted EPS": 0.0,
        "Total Revenue": NaN,
        "Gross Profit": NaN,
        "Operating Income": -18,
        "EBIT": -37,
        "Net Income": 14
    },
    "2018-04-30": {
        "Diluted EPS": 1.45,
        "Total Revenue": 110,
        "Gross Profit": 28,
        "Operating Income": 6,
        "EBIT": -14,
        "Net Income": 6
    },
    "2018-03-31": {
        "Diluted EPS": 0.0,
        "Total Revenue": NaN,
        "Gross Profit": NaN,
        "Operating Income": -22,
        "EBIT": 7,
        "Net Income": 6
    },
    "2018-01-31": {
        "Diluted EPS": 0.0,
        "Total Revenue": NaN,
        "Gross Profit": NaN,
        "Operating Income": NaN,
        "EBIT": NaN,
        "Net Income": NaN
    },
    "2017-12-31": {
        "Diluted EPS": 0.0,
        "Total Revenue": -31,
        "Gross Profit": -42,
        "Operating Income": -59,
        "EBIT": -51,
        "Net Income": -57
    },
    "2017-10-31": {
        "Diluted EPS": -0.45,
        "Total Revenue": 89,
        "Gross Profit": 16,
        "Operating Income": -2,
        "EBIT": 23,
        "Net Income": -2
    },
    "2017-09-30": {
        "Diluted EPS": 0.0,
        "Total Revenue": NaN,
        "Gross Profit": NaN,
        "Operating Income": -17,
        "EBIT": -17,
        "Net Income": -2
    },
    "2017-07-31": {
        "Diluted EPS": 0.0,
        "Total Revenue": 74,
        "Gross Profit": 10,
        "Operating Income": -8,
        "EBIT": -8,
        "Net Income": -8
    },
    "2017-06-30": {
        "Diluted EPS": 0.0,
        "Total Revenue": 74,
        "Gross Profit": 10,
        "Operating Income": -8,
        "EBIT": -16,
        "Net Income": -8
    },
    "2017-03-31": {
        "Diluted EPS": 0.0,
        "Total Revenue": NaN,
        "Gross Profit": NaN,
        "Operating Income": NaN,
        "EBIT": NaN,
        "Net Income": NaN
    },
    "2017-01-31": {
        "Diluted EPS": 0.0,
        "Total Revenue": NaN,
        "Gross Profit": NaN,
        "Operating Income": NaN,
        "EBIT": NaN,
        "Net Income": NaN
    },
    "2016-12-31": {
        "Diluted EPS": 0.0,
        "Total Revenue": NaN,
        "Gross Profit": NaN,
        "Operating Income": NaN,
        "EBIT": NaN,
        "Net Income": NaN
    },
    "2023-06-30": {
        "Tax Effect Of Unusual Items": -252000.0,
        "Tax Rate For Calcs": 0.21,
        "Normalized EBITDA": 38400000.0,
        "Total Unusual Items": -1200000.0,
        "Total Unusual Items Excluding Goodwill": -1200000.0,
        "Net Income From Continuing Operation Net Minority Interest": 11400000.0,
        "Reconciled Depreciation": 17600000.0,
        "Reconciled Cost Of Revenue": 173300000.0,
        "EBITDA": 37200000.0,
        "EBIT": 19600000.0,
        "Net Interest Income": -8500000.0,
        "Interest Expense": 8500000.0,
        "Interest Income": NaN,
        "Normalized Income": 12348000.0,
        "Net Income From Continuing And Discontinued Operation": 11400000.0,
        "Total Expenses": 213200000.0,
        "Total Operating Income As Reported": 19600000.0,
        "Diluted Average Shares": 16100000.0,
        "Basic Average Shares": 16000000.0,
        "Diluted EPS": 0.71,
        "Basic EPS": 0.71,
        "Diluted NI Availto Com Stockholders": 11400000.0,
        "Net Income Common Stockholders": 11400000.0,
        "Net Income": 11400000.0,
        "Net Income Including Noncontrolling Interests": 11400000.0,
        "Net Income Continuous Operations": 11400000.0,
        "Tax Provision": -300000.0,
        "Pretax Income": 11100000.0,
        "Other Income Expense": -1200000.0,
        "Special Income Charges": -1200000.0,
        "Restructuring And Mergern Acquisition": 1200000.0,
        "Net Non Operating Interest Income Expense": -8500000.0,
        "Interest Expense Non Operating": 8500000.0,
        "Interest Income Non Operating": NaN,
        "Operating Income": 20800000.0,
        "Operating Expense": 39900000.0,
        "Depreciation Amortization Depletion Income Statement": 17600000.0,
        "Depreciation And Amortization In Income Statement": 17600000.0,
        "Research And Development": 300000.0,
        "Selling General And Administration": 22000000.0,
        "Gross Profit": 60700000.0,
        "Cost Of Revenue": 173300000.0,
        "Total Revenue": 234000000.0,
        "Operating Revenue": 234000000.0
    },
    "2023-09-30": {
        "Tax Effect Of Unusual Items": -3797.468354,
        "Tax Rate For Calcs": 0.037975,
        "Normalized EBITDA": 36100000.0,
        "Total Unusual Items": -100000.0,
        "Total Unusual Items Excluding Goodwill": -100000.0,
        "Net Income From Continuing Operation Net Minority Interest": 7600000.0,
        "Reconciled Depreciation": 18900000.0,
        "Reconciled Cost Of Revenue": 166200000.0,
        "EBITDA": 36000000.0,
        "EBIT": 17100000.0,
        "Net Interest Income": -8500000.0,
        "Interest Expense": 9200000.0,
        "Interest Income": 700000.0,
        "Normalized Income": 7696202.531646,
        "Net Income From Continuing And Discontinued Operation": 7600000.0,
        "Total Expenses": 204100000.0,
        "Total Operating Income As Reported": 16400000.0,
        "Diluted Average Shares": 16100000.0,
        "Basic Average Shares": 16000000.0,
        "Diluted EPS": 0.47,
        "Basic EPS": 0.47,
        "Diluted NI Availto Com Stockholders": 7600000.0,
        "Net Income Common Stockholders": 7600000.0,
        "Net Income": 7600000.0,
        "Net Income Including Noncontrolling Interests": 7600000.0,
        "Net Income Continuous Operations": 7600000.0,
        "Tax Provision": 300000.0,
        "Pretax Income": 7900000.0,
        "Other Income Expense": -100000.0,
        "Special Income Charges": -100000.0,
        "Restructuring And Mergern Acquisition": 100000.0,
        "Net Non Operating Interest Income Expense": -8500000.0,
        "Interest Expense Non Operating": 9200000.0,
        "Interest Income Non Operating": 700000.0,
        "Operating Income": 16500000.0,
        "Operating Expense": 37900000.0,
        "Depreciation Amortization Depletion Income Statement": 18900000.0,
        "Depreciation And Amortization In Income Statement": 18900000.0,
        "Research And Development": 400000.0,
        "Selling General And Administration": 18600000.0,
        "Gross Profit": 54400000.0,
        "Cost Of Revenue": 166200000.0,
        "Total Revenue": 220600000.0,
        "Operating Revenue": 220600000.0
    },
    "2023-12-31": {
        "Tax Effect Of Unusual Items": 0.0,
        "Tax Rate For Calcs": 0.21,
        "Normalized EBITDA": 22700000.0,
        "Total Unusual Items": 0.0,
        "Total Unusual Items Excluding Goodwill": 0.0,
        "Net Income From Continuing Operation Net Minority Interest": -9200000.0,
        "Reconciled Depreciation": 19800000.0,
        "Reconciled Cost Of Revenue": 152100000.0,
        "EBITDA": 22700000.0,
        "EBIT": 2900000.0,
        "Net Interest Income": -8400000.0,
        "Interest Expense": 9300000.0,
        "Interest Income": 900000.0,
        "Normalized Income": -9200000.0,
        "Net Income From Continuing And Discontinued Operation": -9200000.0,
        "Total Expenses": 192200000.0,
        "Total Operating Income As Reported": 2000000.0,
        "Diluted Average Shares": NaN,
        "Basic Average Shares": NaN,
        "Diluted EPS": NaN,
        "Basic EPS": NaN,
        "Diluted NI Availto Com Stockholders": -9200000.0,
        "Net Income Common Stockholders": -9200000.0,
        "Net Income": -9200000.0,
        "Net Income Including Noncontrolling Interests": -9200000.0,
        "Net Income Continuous Operations": -9200000.0,
        "Tax Provision": 2800000.0,
        "Pretax Income": -6400000.0,
        "Other Income Expense": 0.0,
        "Special Income Charges": 0.0,
        "Restructuring And Mergern Acquisition": 0.0,
        "Net Non Operating Interest Income Expense": -8400000.0,
        "Interest Expense Non Operating": 9300000.0,
        "Interest Income Non Operating": 900000.0,
        "Operating Income": 2000000.0,
        "Operating Expense": 40100000.0,
        "Depreciation Amortization Depletion Income Statement": 19800000.0,
        "Depreciation And Amortization In Income Statement": 19800000.0,
        "Research And Development": 400000.0,
        "Selling General And Administration": 19900000.0,
        "Gross Profit": 42100000.0,
        "Cost Of Revenue": 152100000.0,
        "Total Revenue": 194200000.0,
        "Operating Revenue": 194200000.0
    },
    "2024-03-31": {
        "Tax Effect Of Unusual Items": 0.0,
        "Tax Rate For Calcs": 0.4,
        "Normalized EBITDA": 9500000.0,
        "Total Unusual Items": 0.0,
        "Total Unusual Items Excluding Goodwill": 0.0,
        "Net Income From Continuing Operation Net Minority Interest": -22200000.0,
        "Reconciled Depreciation": 21900000.0,
        "Reconciled Cost Of Revenue": 144000000.0,
        "EBITDA": 9500000.0,
        "EBIT": -12400000.0,
        "Net Interest Income": -8900000.0,
        "Interest Expense": 9600000.0,
        "Interest Income": 700000.0,
        "Normalized Income": -22200000.0,
        "Net Income From Continuing And Discontinued Operation": -22200000.0,
        "Total Expenses": 187800000.0,
        "Total Operating Income As Reported": -13100000.0,
        "Diluted Average Shares": 16100000.0,
        "Basic Average Shares": 16100000.0,
        "Diluted EPS": -1.38,
        "Basic EPS": -1.38,
        "Diluted NI Availto Com Stockholders": -22200000.0,
        "Net Income Common Stockholders": -22200000.0,
        "Net Income": -22200000.0,
        "Net Income Including Noncontrolling Interests": -22200000.0,
        "Net Income Continuous Operations": -22200000.0,
        "Tax Provision": 200000.0,
        "Pretax Income": -22000000.0,
        "Other Income Expense": NaN,
        "Special Income Charges": 0.0,
        "Restructuring And Mergern Acquisition": 0.0,
        "Net Non Operating Interest Income Expense": -8900000.0,
        "Interest Expense Non Operating": 9600000.0,
        "Interest Income Non Operating": 700000.0,
        "Operating Income": -13100000.0,
        "Operating Expense": 43800000.0,
        "Depreciation Amortization Depletion Income Statement": 21900000.0,
        "Depreciation And Amortization In Income Statement": 21900000.0,
        "Research And Development": 300000.0,
        "Selling General And Administration": 21600000.0,
        "Gross Profit": 30700000.0,
        "Cost Of Revenue": 144000000.0,
        "Total Revenue": 174700000.0,
        "Operating Revenue": 174700000.0
    }
}