{
    "2023-03-31": {
        "Tax Effect Of Unusual Items": 34730.0,
        "Tax Rate For Calcs": 0.23,
        "Normalized EBITDA": 1676000.0,
        "Total Unusual Items": 151000.0,
        "Total Unusual Items Excluding Goodwill": 151000.0,
        "Net Income From Continuing Operation Net Minority Interest": -1809000.0,
        "Reconciled Depreciation": 3123000.0,
        "Reconciled Cost Of Revenue": 18871000.0,
        "EBITDA": 1827000.0,
        "EBIT": -1296000.0,
        "Net Interest Income": -2236000.0,
        "Interest Expense": 500000.0,
        "Interest Income": 25000.0,
        "Normalized Income": -1925270.0,
        "Net Income From Continuing And Discontinued Operation": -1809000.0,
        "Total Expenses": 30421000.0,
        "Total Operating Income As Reported": 289000.0,
        "Diluted Average Shares": 45225000.0,
        "Basic Average Shares": 45225000.0,
        "Diluted EPS": -0.04,
        "Basic EPS": -0.04,
        "Diluted NI Availto Com Stockholders": -1809000.0,
        "Net Income Common Stockholders": -1809000.0,
        "Net Income": -1809000.0,
        "Net Income Including Noncontrolling Interests": -1809000.0,
        "Net Income Continuous Operations": -1809000.0,
        "Tax Provision": 13000.0,
        "Pretax Income": -1796000.0,
        "Other Income Expense": 151000.0,
        "Other Non Operating Income Expenses": -1761000.0,
        "Gain On Sale Of Security": 151000.0,
        "Net Non Operating Interest Income Expense": -2236000.0,
        "Total Other Finance Cost": 1761000.0,
        "Interest Expense Non Operating": 500000.0,
        "Interest Income Non Operating": 25000.0,
        "Operating Income": 289000.0,
        "Operating Expense": 11550000.0,
        "Other Operating Expenses": 979000.0,
        "Research And Development": 3231000.0,
        "Selling General And Administration": 7340000.0,
        "Selling And Marketing Expense": 3922000.0,
        "General And Administrative Expense": 3418000.0,
        "Other Gand A": 3418000.0,
        "Gross Profit": 11839000.0,
        "Cost Of Revenue": 18871000.0,
        "Total Revenue": 30710000.0,
        "Operating Revenue": 30710000.0
    },
    "2022-12-31": {
        "Tax Effect Of Unusual Items": -310.930075,
        "Tax Rate For Calcs": 0.000679,
        "Normalized EBITDA": 6747000.0,
        "Total Unusual Items": -458000.0,
        "Total Unusual Items Excluding Goodwill": -458000.0,
        "Net Income From Continuing Operation Net Minority Interest": 2944000.0,
        "Reconciled Depreciation": 3012000.0,
        "Reconciled Cost Of Revenue": 30148000.0,
        "EBITDA": 6289000.0,
        "EBIT": 3277000.0,
        "Net Interest Income": 5652000.0,
        "Interest Expense": 331000.0,
        "Interest Income": 59000.0,
        "Normalized Income": 3401689.069925,
        "Net Income From Continuing And Discontinued Operation": 2944000.0,
        "Total Expenses": 41421000.0,
        "Total Operating Income As Reported": 4018000.0,
        "Diluted Average Shares": 42057143.0,
        "Basic Average Shares": 42057143.0,
        "Diluted EPS": 0.07,
        "Basic EPS": 0.07,
        "Diluted NI Availto Com Stockholders": 2944000.0,
        "Net Income Common Stockholders": 2944000.0,
        "Net Income": 2944000.0,
        "Net Income Including Noncontrolling Interests": 2944000.0,
        "Net Income Continuous Operations": 2944000.0,
        "Tax Provision": 2000.0,
        "Pretax Income": 2946000.0,
        "Other Income Expense": -6724000.0,
        "Other Non Operating Income Expenses": NaN,
        "Gain On Sale Of Security": -458000.0,
        "Net Non Operating Interest Income Expense": 5652000.0,
        "Total Other Finance Cost": NaN,
        "Interest Expense Non Operating": 331000.0,
        "Interest Income Non Operating": 59000.0,
        "Operating Income": 4018000.0,
        "Operating Expense": 11273000.0,
        "Other Operating Expenses": 111000.0,
        "Research And Development": 2991000.0,
        "Selling General And Administration": 5142000.0,
        "Selling And Marketing Expense": -1254000.0,
        "General And Administrative Expense": 6396000.0,
        "Other Gand A": -3405000.0,
        "Gross Profit": 15291000.0,
        "Cost Of Revenue": 30148000.0,
        "Total Revenue": 45439000.0,
        "Operating Revenue": 45439000.0
    },
    "2022-09-30": {
        "Tax Effect Of Unusual Items": 3299.595142,
        "Tax Rate For Calcs": 0.020243,
        "Normalized EBITDA": 3597000.0,
        "Total Unusual Items": 163000.0,
        "Total Unusual Items Excluding Goodwill": 163000.0,
        "Net Income From Continuing Operation Net Minority Interest": 484000.0,
        "Reconciled Depreciation": 3055000.0,
        "Reconciled Cost Of Revenue": 19347000.0,
        "EBITDA": 3760000.0,
        "EBIT": 705000.0,
        "Net Interest Income": -2231000.0,
        "Interest Expense": 211000.0,
        "Interest Income": 29000.0,
        "Normalized Income": 324299.595142,
        "Net Income From Continuing And Discontinued Operation": 484000.0,
        "Total Expenses": 29655000.0,
        "Total Operating Income As Reported": 2562000.0,
        "Diluted Average Shares": 48400000.0,
        "Basic Average Shares": 48400000.0,
        "Diluted EPS": 0.01,
        "Basic EPS": 0.01,
        "Diluted NI Availto Com Stockholders": 484000.0,
        "Net Income Common Stockholders": 484000.0,
        "Net Income": 484000.0,
        "Net Income Including Noncontrolling Interests": 484000.0,
        "Net Income Continuous Operations": 484000.0,
        "Tax Provision": 10000.0,
        "Pretax Income": 494000.0,
        "Other Income Expense": 163000.0,
        "Other Non Operating Income Expenses": NaN,
        "Gain On Sale Of Security": 163000.0,
        "Net Non Operating Interest Income Expense": -2231000.0,
        "Total Other Finance Cost": 2049000.0,
        "Interest Expense Non Operating": 211000.0,
        "Interest Income Non Operating": 29000.0,
        "Operating Income": 2562000.0,
        "Operating Expense": 10308000.0,
        "Other Operating Expenses": 182000.0,
        "Research And Development": 3118000.0,
        "Selling General And Administration": 7008000.0,
        "Selling And Marketing Expense": 3843000.0,
        "General And Administrative Expense": 3165000.0,
        "Other Gand A": 3165000.0,
        "Gross Profit": 12870000.0,
        "Cost Of Revenue": 19347000.0,
        "Total Revenue": 32217000.0,
        "Operating Revenue": 32217000.0
    },
    "2022-06-30": {
        "Tax Effect Of Unusual Items": 169600.0,
        "Tax Rate For Calcs": 0.4,
        "Normalized EBITDA": -1097000.0,
        "Total Unusual Items": 424000.0,
        "Total Unusual Items Excluding Goodwill": 424000.0,
        "Net Income From Continuing Operation Net Minority Interest": -3921000.0,
        "Reconciled Depreciation": 3061000.0,
        "Reconciled Cost Of Revenue": 16350000.0,
        "EBITDA": -673000.0,
        "EBIT": -3734000.0,
        "Net Interest Income": -2042000.0,
        "Interest Expense": 178000.0,
        "Interest Income": 1000.0,
        "Normalized Income": -4175400.0,
        "Net Income From Continuing And Discontinued Operation": -3921000.0,
        "Total Expenses": 25884000.0,
        "Total Operating Income As Reported": -2294000.0,
        "Diluted Average Shares": 43566667.0,
        "Basic Average Shares": 43566667.0,
        "Diluted EPS": -0.09,
        "Basic EPS": -0.09,
        "Diluted NI Availto Com Stockholders": -3921000.0,
        "Net Income Common Stockholders": -3921000.0,
        "Net Income": -3921000.0,
        "Net Income Including Noncontrolling Interests": -3921000.0,
        "Net Income Continuous Operations": -3921000.0,
        "Tax Provision": 9000.0,
        "Pretax Income": -3912000.0,
        "Other Income Expense": 424000.0,
        "Other Non Operating Income Expenses": NaN,
        "Gain On Sale Of Security": 424000.0,
        "Net Non Operating Interest Income Expense": -2042000.0,
        "Total Other Finance Cost": 1865000.0,
        "Interest Expense Non Operating": 178000.0,
        "Interest Income Non Operating": 1000.0,
        "Operating Income": -2294000.0,
        "Operating Expense": 9534000.0,
        "Other Operating Expenses": 309000.0,
        "Research And Development": 2643000.0,
        "Selling General And Administration": 6582000.0,
        "Selling And Marketing Expense": 3271000.0,
        "General And Administrative Expense": 3311000.0,
        "Other Gand A": 3311000.0,
        "Gross Profit": 7240000.0,
        "Cost Of Revenue": 16350000.0,
        "Total Revenue": 23590000.0,
        "Operating Revenue": 23590000.0
    },
    "2022-03-31": {
        "Diluted EPS": -0.04,
        "Total Revenue": 28,
        "Gross Profit": 11,
        "Operating Income": 0,
        "EBIT": 3,
        "Net Income": -2
    },
    "2021-12-31": {
        "Diluted EPS": -0.11,
        "Total Revenue": 31,
        "Gross Profit": 7,
        "Operating Income": -3,
        "EBIT": -1,
        "Net Income": -5
    },
    "2021-09-30": {
        "Diluted EPS": -0.02,
        "Total Revenue": 23,
        "Gross Profit": 6,
        "Operating Income": -1,
        "EBIT": 0,
        "Net Income": -1
    },
    "2021-06-30": {
        "Diluted EPS": 0.02,
        "Total Revenue": 24,
        "Gross Profit": 9,
        "Operating Income": 1,
        "EBIT": 2,
        "Net Income": 1
    },
    "2021-03-31": {
        "Diluted EPS": 0.06,
        "Total Revenue": 25,
        "Gross Profit": 9,
        "Operating Income": 2,
        "EBIT": 4,
        "Net Income": 3
    },
    "2020-12-31": {
        "Diluted EPS": 0.01,
        "Total Revenue": 32,
        "Gross Profit": 10,
        "Operating Income": 3,
        "EBIT": 4,
        "Net Income": 2
    },
    "2020-09-30": {
        "Diluted EPS": 0.15,
        "Total Revenue": 35,
        "Gross Profit": 15,
        "Operating Income": 8,
        "EBIT": 9,
        "Net Income": 7
    },
    "2020-06-30": {
        "Diluted EPS": 0.1,
        "Total Revenue": 33,
        "Gross Profit": 11,
        "Operating Income": 4,
        "EBIT": 5,
        "Net Income": 3
    },
    "2020-03-31": {
        "Diluted EPS": 0.12,
        "Total Revenue": 33,
        "Gross Profit": 11,
        "Operating Income": 5,
        "EBIT": 6,
        "Net Income": 5
    },
    "2019-12-31": {
        "Diluted EPS": 0.14,
        "Total Revenue": 32,
        "Gross Profit": 12,
        "Operating Income": 5,
        "EBIT": 7,
        "Net Income": 5
    },
    "2019-09-30": {
        "Diluted EPS": 0.14,
        "Total Revenue": 33,
        "Gross Profit": 13,
        "Operating Income": 6,
        "EBIT": 7,
        "Net Income": 6
    },
    "2019-06-30": {
        "Diluted EPS": 0.15,
        "Total Revenue": 35,
        "Gross Profit": 14,
        "Operating Income": 6,
        "EBIT": 8,
        "Net Income": 6
    },
    "2019-03-31": {
        "Diluted EPS": 0.12,
        "Total Revenue": 27,
        "Gross Profit": 11,
        "Operating Income": 5,
        "EBIT": 6,
        "Net Income": 5
    },
    "2018-12-31": {
        "Diluted EPS": 0.44,
        "Total Revenue": 48,
        "Gross Profit": 21,
        "Operating Income": 15,
        "EBIT": 16,
        "Net Income": 18
    },
    "2018-09-30": {
        "Diluted EPS": -0.06,
        "Total Revenue": 15,
        "Gross Profit": 3,
        "Operating Income": -3,
        "EBIT": -2,
        "Net Income": -2
    },
    "2018-06-30": {
        "Diluted EPS": 0.14,
        "Total Revenue": 34,
        "Gross Profit": 11,
        "Operating Income": 5,
        "EBIT": 6,
        "Net Income": 6
    },
    "2018-03-31": {
        "Diluted EPS": 0.03,
        "Total Revenue": 17,
        "Gross Profit": 7,
        "Operating Income": 1,
        "EBIT": 2,
        "Net Income": 1
    },
    "2017-12-31": {
        "Diluted EPS": 0.17,
        "Total Revenue": 36,
        "Gross Profit": 12,
        "Operating Income": 6,
        "EBIT": 7,
        "Net Income": 6
    },
    "2017-09-30": {
        "Diluted EPS": -0.01,
        "Total Revenue": 23,
        "Gross Profit": 6,
        "Operating Income": 0,
        "EBIT": 1,
        "Net Income": 0
    },
    "2017-06-30": {
        "Diluted EPS": 0.13,
        "Total Revenue": 33,
        "Gross Profit": 12,
        "Operating Income": 5,
        "EBIT": 6,
        "Net Income": 5
    },
    "2017-03-31": {
        "Diluted EPS": -0.11,
        "Total Revenue": 12,
        "Gross Profit": 2,
        "Operating Income": -4,
        "EBIT": -3,
        "Net Income": -4
    },
    "2016-12-31": {
        "Diluted EPS": -0.05,
        "Total Revenue": 24,
        "Gross Profit": 5,
        "Operating Income": -2,
        "EBIT": -1,
        "Net Income": -2
    },
    "2016-09-30": {
        "Diluted EPS": -0.03,
        "Total Revenue": 19,
        "Gross Profit": 6,
        "Operating Income": -1,
        "EBIT": 0,
        "Net Income": -1
    },
    "2016-06-30": {
        "Diluted EPS": -0.04,
        "Total Revenue": 19,
        "Gross Profit": 6,
        "Operating Income": -1,
        "EBIT": 0,
        "Net Income": -2
    },
    "2016-03-31": {
        "Diluted EPS": -0.06,
        "Total Revenue": 15,
        "Gross Profit": 5,
        "Operating Income": -2,
        "EBIT": -1,
        "Net Income": -2
    },
    "2015-12-31": {
        "Diluted EPS": 0.03,
        "Total Revenue": 26,
        "Gross Profit": 8,
        "Operating Income": 1,
        "EBIT": 2,
        "Net Income": 1
    },
    "2015-09-30": {
        "Diluted EPS": -0.13,
        "Total Revenue": 16,
        "Gross Profit": 4,
        "Operating Income": -4,
        "EBIT": -3,
        "Net Income": -5
    },
    "2015-06-30": {
        "Diluted EPS": -0.06,
        "Total Revenue": 19,
        "Gross Profit": 4,
        "Operating Income": -2,
        "EBIT": -2,
        "Net Income": -2
    },
    "2015-03-31": {
        "Diluted EPS": -0.15,
        "Total Revenue": 9,
        "Gross Profit": 0,
        "Operating Income": -6,
        "EBIT": -5,
        "Net Income": -5
    },
    "2014-12-31": {
        "Diluted EPS": 0.05,
        "Total Revenue": 26,
        "Gross Profit": 8,
        "Operating Income": 2,
        "EBIT": 3,
        "Net Income": 2
    },
    "2014-09-30": {
        "Diluted EPS": -0.09,
        "Total Revenue": 17,
        "Gross Profit": 4,
        "Operating Income": -2,
        "EBIT": -2,
        "Net Income": -3
    },
    "2014-06-30": {
        "Diluted EPS": -0.23,
        "Total Revenue": 16,
        "Gross Profit": 0,
        "Operating Income": -8,
        "EBIT": -7,
        "Net Income": -8
    },
    "2014-03-31": {
        "Diluted EPS": -0.09,
        "Total Revenue": 13,
        "Gross Profit": 3,
        "Operating Income": -3,
        "EBIT": -2,
        "Net Income": -3
    },
    "2013-12-31": {
        "Diluted EPS": 0.04,
        "Total Revenue": 24,
        "Gross Profit": 9,
        "Operating Income": 2,
        "EBIT": 3,
        "Net Income": 2
    },
    "2013-09-30": {
        "Diluted EPS": 0.0,
        "Total Revenue": 17,
        "Gross Profit": 6,
        "Operating Income": 1,
        "EBIT": 2,
        "Net Income": 0
    },
    "2013-06-30": {
        "Diluted EPS": 0.03,
        "Total Revenue": 16,
        "Gross Profit": 7,
        "Operating Income": 2,
        "EBIT": 2,
        "Net Income": 1
    },
    "2013-03-31": {
        "Diluted EPS": -0.07,
        "Total Revenue": 13,
        "Gross Profit": 4,
        "Operating Income": -1,
        "EBIT": 0,
        "Net Income": -2
    },
    "2012-12-31": {
        "Diluted EPS": 0.11,
        "Total Revenue": 22,
        "Gross Profit": 22,
        "Operating Income": 22,
        "EBIT": 22,
        "Net Income": 3
    },
    "2012-09-30": {
        "Diluted EPS": 0.0,
        "Total Revenue": 18,
        "Gross Profit": 6,
        "Operating Income": 1,
        "EBIT": 1,
        "Net Income": 0
    },
    "2012-06-30": {
        "Diluted EPS": -0.08,
        "Total Revenue": 14,
        "Gross Profit": 14,
        "Operating Income": 14,
        "EBIT": 14,
        "Net Income": -2
    },
    "2012-03-31": {
        "Diluted EPS": -0.02,
        "Total Revenue": 20,
        "Gross Profit": 20,
        "Operating Income": 20,
        "EBIT": 20,
        "Net Income": 0
    },
    "2011-12-31": {
        "Diluted EPS": -0.1,
        "Total Revenue": 46,
        "Gross Profit": 46,
        "Operating Income": 46,
        "EBIT": 46,
        "Net Income": -3
    },
    "2023-06-30": {
        "Tax Effect Of Unusual Items": 1074.015748,
        "Tax Rate For Calcs": 0.048819,
        "Normalized EBITDA": 5526000.0,
        "Total Unusual Items": 22000.0,
        "Total Unusual Items Excluding Goodwill": 22000.0,
        "Net Income From Continuing Operation Net Minority Interest": 1812000.0,
        "Reconciled Depreciation": 3204000.0,
        "Reconciled Cost Of Revenue": 23007000.0,
        "EBITDA": 5548000.0,
        "EBIT": 2344000.0,
        "Net Interest Income": -748000.0,
        "Interest Expense": 439000.0,
        "Interest Income": 0.0,
        "Normalized Income": 1791074.015748,
        "Net Income From Continuing And Discontinued Operation": 1812000.0,
        "Total Expenses": 34812000.0,
        "Total Operating Income As Reported": 2631000.0,
        "Diluted Average Shares": 45300000.0,
        "Basic Average Shares": 45300000.0,
        "Diluted EPS": 0.04,
        "Basic EPS": 0.04,
        "Diluted NI Availto Com Stockholders": 1812000.0,
        "Net Income Common Stockholders": 1812000.0,
        "Net Income": 1812000.0,
        "Net Income Including Noncontrolling Interests": 1812000.0,
        "Net Income Continuous Operations": 1812000.0,
        "Tax Provision": 93000.0,
        "Pretax Income": 1905000.0,
        "Other Income Expense": 22000.0,
        "Other Non Operating Income Expenses": NaN,
        "Gain On Sale Of Security": 22000.0,
        "Net Non Operating Interest Income Expense": -748000.0,
        "Total Other Finance Cost": 309000.0,
        "Interest Expense Non Operating": 439000.0,
        "Interest Income Non Operating": 0.0,
        "Operating Income": 2631000.0,
        "Operating Expense": 11805000.0,
        "Other Operating Expenses": 98000.0,
        "Research And Development": 4283000.0,
        "Selling General And Administration": 7424000.0,
        "Selling And Marketing Expense": 3940000.0,
        "General And Administrative Expense": 3484000.0,
        "Other Gand A": 3484000.0,
        "Gross Profit": 14436000.0,
        "Cost Of Revenue": 23007000.0,
        "Total Revenue": 37443000.0,
        "Operating Revenue": 37443000.0
    },
    "2023-09-30": {
        "Tax Effect Of Unusual Items": 12247.876214,
        "Tax Rate For Calcs": 0.022148,
        "Normalized EBITDA": 6326000.0,
        "Total Unusual Items": 553000.0,
        "Total Unusual Items Excluding Goodwill": 553000.0,
        "Net Income From Continuing Operation Net Minority Interest": 3223000.0,
        "Reconciled Depreciation": 3179000.0,
        "Reconciled Cost Of Revenue": 23131000.0,
        "EBITDA": 6879000.0,
        "EBIT": 3700000.0,
        "Net Interest Income": -1625000.0,
        "Interest Expense": 404000.0,
        "Interest Income": 67000.0,
        "Normalized Income": 2682247.876214,
        "Net Income From Continuing And Discontinued Operation": 3223000.0,
        "Total Expenses": 33566000.0,
        "Total Operating Income As Reported": 4368000.0,
        "Diluted Average Shares": 53716667.0,
        "Basic Average Shares": 46042857.0,
        "Diluted EPS": 0.06,
        "Basic EPS": 0.07,
        "Diluted NI Availto Com Stockholders": 3223000.0,
        "Net Income Common Stockholders": 3223000.0,
        "Net Income": 3223000.0,
        "Net Income Including Noncontrolling Interests": 3223000.0,
        "Net Income Continuous Operations": 3223000.0,
        "Tax Provision": 73000.0,
        "Pretax Income": 3296000.0,
        "Other Income Expense": 553000.0,
        "Other Non Operating Income Expenses": NaN,
        "Gain On Sale Of Security": 553000.0,
        "Net Non Operating Interest Income Expense": -1625000.0,
        "Total Other Finance Cost": 1288000.0,
        "Interest Expense Non Operating": 404000.0,
        "Interest Income Non Operating": 67000.0,
        "Operating Income": 4368000.0,
        "Operating Expense": 10435000.0,
        "Other Operating Expenses": -157000.0,
        "Research And Development": 3180000.0,
        "Selling General And Administration": 7412000.0,
        "Selling And Marketing Expense": 3711000.0,
        "General And Administrative Expense": 3701000.0,
        "Other Gand A": 3701000.0,
        "Gross Profit": 14803000.0,
        "Cost Of Revenue": 23131000.0,
        "Total Revenue": 37934000.0,
        "Operating Revenue": 37934000.0
    },
    "2023-12-31": {
        "Tax Effect Of Unusual Items": -154330.0,
        "Tax Rate For Calcs": 0.23,
        "Normalized EBITDA": 8858000.0,
        "Total Unusual Items": -671000.0,
        "Total Unusual Items Excluding Goodwill": -671000.0,
        "Net Income From Continuing Operation Net Minority Interest": 5058000.0,
        "Reconciled Depreciation": 3208000.0,
        "Reconciled Cost Of Revenue": 22020000.0,
        "EBITDA": 8187000.0,
        "EBIT": 4979000.0,
        "Net Interest Income": 3899000.0,
        "Interest Expense": -45000.0,
        "Interest Income": 496000.0,
        "Normalized Income": 5574670.0,
        "Net Income From Continuing And Discontinued Operation": 5058000.0,
        "Total Expenses": 33656000.0,
        "Total Operating Income As Reported": 2776000.0,
        "Diluted Average Shares": NaN,
        "Basic Average Shares": NaN,
        "Diluted EPS": NaN,
        "Basic EPS": NaN,
        "Diluted NI Availto Com Stockholders": 5058000.0,
        "Net Income Common Stockholders": 5058000.0,
        "Net Income": 5058000.0,
        "Net Income Including Noncontrolling Interests": 5058000.0,
        "Net Income Continuous Operations": 5058000.0,
        "Tax Provision": -34000.0,
        "Pretax Income": 5024000.0,
        "Other Income Expense": -1651000.0,
        "Other Non Operating Income Expenses": NaN,
        "Gain On Sale Of Security": -671000.0,
        "Net Non Operating Interest Income Expense": 3899000.0,
        "Total Other Finance Cost": NaN,
        "Interest Expense Non Operating": -45000.0,
        "Interest Income Non Operating": 496000.0,
        "Operating Income": 2776000.0,
        "Operating Expense": 11636000.0,
        "Other Operating Expenses": -1000.0,
        "Research And Development": 3239000.0,
        "Selling General And Administration": 5273000.0,
        "Selling And Marketing Expense": -2377000.0,
        "General And Administrative Expense": 7650000.0,
        "Other Gand A": -3877000.0,
        "Gross Profit": 14412000.0,
        "Cost Of Revenue": 22020000.0,
        "Total Revenue": 36432000.0,
        "Operating Revenue": 36432000.0
    },
    "2024-03-31": {
        "Tax Effect Of Unusual Items": 3762.197622,
        "Tax Rate For Calcs": 0.03034,
        "Normalized EBITDA": 5711000.0,
        "Total Unusual Items": 124000.0,
        "Total Unusual Items Excluding Goodwill": 124000.0,
        "Net Income From Continuing Operation Net Minority Interest": 2365000.0,
        "Reconciled Depreciation": 3237000.0,
        "Reconciled Cost Of Revenue": 20985000.0,
        "EBITDA": 5835000.0,
        "EBIT": 2598000.0,
        "Net Interest Income": -1724000.0,
        "Interest Expense": 159000.0,
        "Interest Income": 280000.0,
        "Normalized Income": 2244762.197622,
        "Net Income From Continuing And Discontinued Operation": 2365000.0,
        "Total Expenses": 33697000.0,
        "Total Operating Income As Reported": 4039000.0,
        "Diluted Average Shares": 59125000.0,
        "Basic Average Shares": 59125000.0,
        "Diluted EPS": 0.04,
        "Basic EPS": 0.04,
        "Diluted NI Availto Com Stockholders": 2365000.0,
        "Net Income Common Stockholders": 2365000.0,
        "Net Income": 2365000.0,
        "Net Income Including Noncontrolling Interests": 2365000.0,
        "Net Income Continuous Operations": 2365000.0,
        "Tax Provision": 74000.0,
        "Pretax Income": 2439000.0,
        "Other Income Expense": 124000.0,
        "Other Non Operating Income Expenses": NaN,
        "Gain On Sale Of Security": 124000.0,
        "Net Non Operating Interest Income Expense": -1724000.0,
        "Total Other Finance Cost": 1845000.0,
        "Interest Expense Non Operating": 159000.0,
        "Interest Income Non Operating": 280000.0,
        "Operating Income": 4039000.0,
        "Operating Expense": 12712000.0,
        "Other Operating Expenses": NaN,
        "Research And Development": 4295000.0,
        "Selling General And Administration": 8417000.0,
        "Selling And Marketing Expense": 4631000.0,
        "General And Administrative Expense": 3786000.0,
        "Other Gand A": 3786000.0,
        "Gross Profit": 16751000.0,
        "Cost Of Revenue": 20985000.0,
        "Total Revenue": 37736000.0,
        "Operating Revenue": 37736000.0
    }
}