{
    "2023-03-31": {
        "Tax Effect Of Unusual Items": NaN,
        "Tax Rate For Calcs": NaN,
        "Normalized EBITDA": NaN,
        "Total Unusual Items": NaN,
        "Total Unusual Items Excluding Goodwill": NaN,
        "Net Income From Continuing Operation Net Minority Interest": NaN,
        "Reconciled Depreciation": NaN,
        "Reconciled Cost Of Revenue": NaN,
        "EBITDA": NaN,
        "EBIT": NaN,
        "Net Interest Income": NaN,
        "Interest Expense": NaN,
        "Normalized Income": NaN,
        "Net Income From Continuing And Discontinued Operation": NaN,
        "Total Expenses": NaN,
        "Total Operating Income As Reported": NaN,
        "Diluted Average Shares": NaN,
        "Basic Average Shares": NaN,
        "Diluted EPS": NaN,
        "Basic EPS": NaN,
        "Diluted NI Availto Com Stockholders": NaN,
        "Net Income Common Stockholders": NaN,
        "Net Income": NaN,
        "Minority Interests": NaN,
        "Net Income Including Noncontrolling Interests": NaN,
        "Net Income Continuous Operations": NaN,
        "Tax Provision": NaN,
        "Pretax Income": NaN,
        "Other Income Expense": NaN,
        "Other Non Operating Income Expenses": NaN,
        "Special Income Charges": NaN,
        "Gain On Sale Of Business": 0.0,
        "Restructuring And Mergern Acquisition": NaN,
        "Net Non Operating Interest Income Expense": NaN,
        "Interest Expense Non Operating": NaN,
        "Operating Income": NaN,
        "Operating Expense": NaN,
        "Other Operating Expenses": NaN,
        "Depreciation Amortization Depletion Income Statement": NaN,
        "Depreciation And Amortization In Income Statement": NaN,
        "Amortization": NaN,
        "Amortization Of Intangibles Income Statement": NaN,
        "Gross Profit": NaN,
        "Cost Of Revenue": NaN,
        "Total Revenue": NaN,
        "Operating Revenue": NaN
    },
    "2022-12-31": {
        "Tax Effect Of Unusual Items": NaN,
        "Tax Rate For Calcs": NaN,
        "Normalized EBITDA": NaN,
        "Total Unusual Items": NaN,
        "Total Unusual Items Excluding Goodwill": NaN,
        "Net Income From Continuing Operation Net Minority Interest": NaN,
        "Reconciled Depreciation": NaN,
        "Reconciled Cost Of Revenue": NaN,
        "EBITDA": NaN,
        "EBIT": NaN,
        "Net Interest Income": NaN,
        "Interest Expense": NaN,
        "Normalized Income": NaN,
        "Net Income From Continuing And Discontinued Operation": NaN,
        "Total Expenses": NaN,
        "Total Operating Income As Reported": NaN,
        "Diluted Average Shares": NaN,
        "Basic Average Shares": NaN,
        "Diluted EPS": NaN,
        "Basic EPS": NaN,
        "Diluted NI Availto Com Stockholders": NaN,
        "Net Income Common Stockholders": NaN,
        "Net Income": NaN,
        "Minority Interests": NaN,
        "Net Income Including Noncontrolling Interests": NaN,
        "Net Income Continuous Operations": NaN,
        "Tax Provision": NaN,
        "Pretax Income": NaN,
        "Other Income Expense": NaN,
        "Other Non Operating Income Expenses": NaN,
        "Special Income Charges": NaN,
        "Gain On Sale Of Business": 0.0,
        "Restructuring And Mergern Acquisition": NaN,
        "Net Non Operating Interest Income Expense": NaN,
        "Interest Expense Non Operating": NaN,
        "Operating Income": NaN,
        "Operating Expense": NaN,
        "Other Operating Expenses": NaN,
        "Depreciation Amortization Depletion Income Statement": NaN,
        "Depreciation And Amortization In Income Statement": NaN,
        "Amortization": NaN,
        "Amortization Of Intangibles Income Statement": NaN,
        "Gross Profit": NaN,
        "Cost Of Revenue": NaN,
        "Total Revenue": NaN,
        "Operating Revenue": NaN
    },
    "2022-09-30": {
        "Tax Effect Of Unusual Items": 0.0,
        "Tax Rate For Calcs": 0.275007,
        "Normalized EBITDA": 50681000.0,
        "Total Unusual Items": 0.0,
        "Total Unusual Items Excluding Goodwill": 0.0,
        "Net Income From Continuing Operation Net Minority Interest": 28196000.0,
        "Reconciled Depreciation": 3164000.0,
        "Reconciled Cost Of Revenue": 334824000.0,
        "EBITDA": 50681000.0,
        "EBIT": 47517000.0,
        "Net Interest Income": -6638000.0,
        "Interest Expense": 6638000.0,
        "Normalized Income": 28196000.0,
        "Net Income From Continuing And Discontinued Operation": 28196000.0,
        "Total Expenses": 446266000.0,
        "Total Operating Income As Reported": 48526000.0,
        "Diluted Average Shares": 82165000.0,
        "Basic Average Shares": 81544000.0,
        "Diluted EPS": 0.34,
        "Basic EPS": 0.35,
        "Diluted NI Availto Com Stockholders": 28196000.0,
        "Net Income Common Stockholders": 28196000.0,
        "Net Income": 28196000.0,
        "Minority Interests": -1441000.0,
        "Net Income Including Noncontrolling Interests": 29637000.0,
        "Net Income Continuous Operations": 29637000.0,
        "Tax Provision": 11242000.0,
        "Pretax Income": 40879000.0,
        "Other Income Expense": -1009000.0,
        "Other Non Operating Income Expenses": -1009000.0,
        "Special Income Charges": 0.0,
        "Gain On Sale Of Business": NaN,
        "Restructuring And Mergern Acquisition": 0.0,
        "Net Non Operating Interest Income Expense": -6638000.0,
        "Interest Expense Non Operating": 6638000.0,
        "Operating Income": 48526000.0,
        "Operating Expense": 111442000.0,
        "Other Operating Expenses": 108278000.0,
        "Depreciation Amortization Depletion Income Statement": 3164000.0,
        "Depreciation And Amortization In Income Statement": 3164000.0,
        "Amortization": 3164000.0,
        "Amortization Of Intangibles Income Statement": 3164000.0,
        "Gross Profit": 159968000.0,
        "Cost Of Revenue": 334824000.0,
        "Total Revenue": 494792000.0,
        "Operating Revenue": 494792000.0
    },
    "2022-06-30": {
        "Tax Effect Of Unusual Items": -300240.0,
        "Tax Rate For Calcs": 0.278,
        "Normalized EBITDA": 70360000.0,
        "Total Unusual Items": -1080000.0,
        "Total Unusual Items Excluding Goodwill": -1080000.0,
        "Net Income From Continuing Operation Net Minority Interest": 41709000.0,
        "Reconciled Depreciation": 3237000.0,
        "Reconciled Cost Of Revenue": 360364000.0,
        "EBITDA": 69280000.0,
        "EBIT": 66043000.0,
        "Net Interest Income": -6697000.0,
        "Interest Expense": 6697000.0,
        "Normalized Income": 42488760.0,
        "Net Income From Continuing And Discontinued Operation": 41709000.0,
        "Total Expenses": 466271000.0,
        "Total Operating Income As Reported": 62665000.0,
        "Diluted Average Shares": 82972000.0,
        "Basic Average Shares": 82394000.0,
        "Diluted EPS": 0.5,
        "Basic EPS": 0.51,
        "Diluted NI Availto Com Stockholders": 41709000.0,
        "Net Income Common Stockholders": 41709000.0,
        "Net Income": 41709000.0,
        "Minority Interests": -1136000.0,
        "Net Income Including Noncontrolling Interests": 42845000.0,
        "Net Income Continuous Operations": 42845000.0,
        "Tax Provision": 16501000.0,
        "Pretax Income": 59346000.0,
        "Other Income Expense": 2298000.0,
        "Other Non Operating Income Expenses": 3378000.0,
        "Special Income Charges": -1080000.0,
        "Gain On Sale Of Business": 0.0,
        "Restructuring And Mergern Acquisition": 1080000.0,
        "Net Non Operating Interest Income Expense": -6697000.0,
        "Interest Expense Non Operating": 6697000.0,
        "Operating Income": 63745000.0,
        "Operating Expense": 105907000.0,
        "Other Operating Expenses": 102670000.0,
        "Depreciation Amortization Depletion Income Statement": 3237000.0,
        "Depreciation And Amortization In Income Statement": 3237000.0,
        "Amortization": 3237000.0,
        "Amortization Of Intangibles Income Statement": 3237000.0,
        "Gross Profit": 169652000.0,
        "Cost Of Revenue": 360364000.0,
        "Total Revenue": 530016000.0,
        "Operating Revenue": 530016000.0
    },
    "2023-06-30": {
        "Tax Effect Of Unusual Items": NaN,
        "Tax Rate For Calcs": NaN,
        "Normalized EBITDA": NaN,
        "Total Unusual Items": NaN,
        "Total Unusual Items Excluding Goodwill": NaN,
        "Net Income From Continuing Operation Net Minority Interest": NaN,
        "Reconciled Depreciation": NaN,
        "Reconciled Cost Of Revenue": NaN,
        "EBITDA": NaN,
        "EBIT": NaN,
        "Net Interest Income": NaN,
        "Interest Expense": NaN,
        "Normalized Income": NaN,
        "Net Income From Continuing And Discontinued Operation": NaN,
        "Total Expenses": NaN,
        "Total Operating Income As Reported": NaN,
        "Diluted Average Shares": 81091000.0,
        "Basic Average Shares": 80305000.0,
        "Diluted EPS": 0.45,
        "Basic EPS": 0.45,
        "Diluted NI Availto Com Stockholders": NaN,
        "Net Income Common Stockholders": NaN,
        "Net Income": NaN,
        "Minority Interests": NaN,
        "Net Income Including Noncontrolling Interests": NaN,
        "Net Income Continuous Operations": NaN,
        "Tax Provision": NaN,
        "Pretax Income": NaN,
        "Other Income Expense": NaN,
        "Other Non Operating Income Expenses": NaN,
        "Special Income Charges": NaN,
        "Gain On Sale Of Business": 0.0,
        "Restructuring And Mergern Acquisition": NaN,
        "Net Non Operating Interest Income Expense": NaN,
        "Interest Expense Non Operating": NaN,
        "Operating Income": NaN,
        "Operating Expense": NaN,
        "Other Operating Expenses": NaN,
        "Depreciation Amortization Depletion Income Statement": NaN,
        "Depreciation And Amortization In Income Statement": NaN,
        "Amortization": NaN,
        "Amortization Of Intangibles Income Statement": NaN,
        "Gross Profit": NaN,
        "Cost Of Revenue": NaN,
        "Total Revenue": NaN,
        "Operating Revenue": NaN
    },
    "2022-03-31": {
        "Diluted EPS": 0.42,
        "Total Revenue": 512,
        "Gross Profit": 165,
        "Operating Income": 53,
        "EBIT": 86,
        "Net Income": 35
    },
    "2021-12-31": {
        "Diluted EPS": 0.37,
        "Total Revenue": 487,
        "Gross Profit": 153,
        "Operating Income": 48,
        "EBIT": 80,
        "Net Income": 31
    },
    "2021-09-30": {
        "Diluted EPS": 0.43,
        "Total Revenue": 484,
        "Gross Profit": 161,
        "Operating Income": 55,
        "EBIT": 87,
        "Net Income": 36
    },
    "2021-06-30": {
        "Diluted EPS": 0.42,
        "Total Revenue": 516,
        "Gross Profit": 176,
        "Operating Income": 61,
        "EBIT": 94,
        "Net Income": 35
    },
    "2021-03-31": {
        "Diluted EPS": 0.26,
        "Total Revenue": 485,
        "Gross Profit": 150,
        "Operating Income": 40,
        "EBIT": 71,
        "Net Income": 22
    },
    "2020-12-31": {
        "Diluted EPS": 0.23,
        "Total Revenue": 441,
        "Gross Profit": 122,
        "Operating Income": 19,
        "EBIT": 50,
        "Net Income": 19
    },
    "2020-09-30": {
        "Diluted EPS": -0.26,
        "Total Revenue": 400,
        "Gross Profit": 105,
        "Operating Income": -17,
        "EBIT": 14,
        "Net Income": -22
    },
    "2020-06-30": {
        "Diluted EPS": -0.11,
        "Total Revenue": 379,
        "Gross Profit": 101,
        "Operating Income": 16,
        "EBIT": 46,
        "Net Income": -9
    },
    "2020-03-31": {
        "Diluted EPS": 0.03,
        "Total Revenue": 483,
        "Gross Profit": 157,
        "Operating Income": 38,
        "EBIT": 67,
        "Net Income": 3
    },
    "2019-12-31": {
        "Diluted EPS": -0.07,
        "Total Revenue": 505,
        "Gross Profit": 132,
        "Operating Income": -48,
        "EBIT": -18,
        "Net Income": -6
    },
    "2019-09-30": {
        "Diluted EPS": 0.08,
        "Total Revenue": 518,
        "Gross Profit": 139,
        "Operating Income": 16,
        "EBIT": 47,
        "Net Income": 6
    },
    "2019-06-30": {
        "Diluted EPS": 0.74,
        "Total Revenue": 604,
        "Gross Profit": 214,
        "Operating Income": 85,
        "EBIT": 114,
        "Net Income": 62
    },
    "2019-03-31": {
        "Diluted EPS": 0.82,
        "Total Revenue": 597,
        "Gross Profit": 208,
        "Operating Income": 82,
        "EBIT": 110,
        "Net Income": 69
    },
    "2018-12-31": {
        "Diluted EPS": 0.66,
        "Total Revenue": 587,
        "Gross Profit": 199,
        "Operating Income": 79,
        "EBIT": 106,
        "Net Income": 55
    },
    "2018-09-30": {
        "Diluted EPS": 0.68,
        "Total Revenue": 587,
        "Gross Profit": 211,
        "Operating Income": 83,
        "EBIT": 111,
        "Net Income": 57
    },
    "2018-06-30": {
        "Diluted EPS": 0.83,
        "Total Revenue": 646,
        "Gross Profit": 232,
        "Operating Income": 94,
        "EBIT": 121,
        "Net Income": 69
    },
    "2018-03-31": {
        "Diluted EPS": 0.61,
        "Total Revenue": 608,
        "Gross Profit": 216,
        "Operating Income": 81,
        "EBIT": 108,
        "Net Income": 51
    },
    "2017-12-31": {
        "Diluted EPS": 0.5,
        "Total Revenue": 571,
        "Gross Profit": 190,
        "Operating Income": 64,
        "EBIT": 91,
        "Net Income": 42
    },
    "2017-09-30": {
        "Diluted EPS": 0.48,
        "Total Revenue": 542,
        "Gross Profit": 182,
        "Operating Income": 52,
        "EBIT": 79,
        "Net Income": 39
    },
    "2017-06-30": {
        "Diluted EPS": 0.31,
        "Total Revenue": 565,
        "Gross Profit": 167,
        "Operating Income": 22,
        "EBIT": 49,
        "Net Income": 25
    },
    "2017-03-31": {
        "Diluted EPS": 0.48,
        "Total Revenue": 529,
        "Gross Profit": 186,
        "Operating Income": 58,
        "EBIT": 85,
        "Net Income": 39
    },
    "2016-12-31": {
        "Diluted EPS": 0.09,
        "Total Revenue": 488,
        "Gross Profit": 148,
        "Operating Income": 24,
        "EBIT": 51,
        "Net Income": 7
    },
    "2016-09-30": {
        "Diluted EPS": -0.27,
        "Total Revenue": 477,
        "Gross Profit": 144,
        "Operating Income": -9,
        "EBIT": 18,
        "Net Income": -22
    },
    "2016-06-30": {
        "Diluted EPS": -0.83,
        "Total Revenue": 521,
        "Gross Profit": 167,
        "Operating Income": 25,
        "EBIT": 53,
        "Net Income": -67
    },
    "2016-03-31": {
        "Diluted EPS": 0.2,
        "Total Revenue": 498,
        "Gross Profit": 157,
        "Operating Income": 27,
        "EBIT": 55,
        "Net Income": 16
    },
    "2015-12-31": {
        "Diluted EPS": -2.12,
        "Total Revenue": 524,
        "Gross Profit": 141,
        "Operating Income": -234,
        "EBIT": -203,
        "Net Income": -169
    },
    "2015-09-30": {
        "Diluted EPS": -0.08,
        "Total Revenue": 555,
        "Gross Profit": 151,
        "Operating Income": 7,
        "EBIT": 38,
        "Net Income": -6
    },
    "2015-06-30": {
        "Diluted EPS": 0.27,
        "Total Revenue": 638,
        "Gross Profit": 189,
        "Operating Income": 35,
        "EBIT": 67,
        "Net Income": 21
    },
    "2015-03-31": {
        "Diluted EPS": -0.58,
        "Total Revenue": 639,
        "Gross Profit": 199,
        "Operating Income": -120,
        "EBIT": -88,
        "Net Income": -46
    },
    "2014-12-31": {
        "Diluted EPS": -4.89,
        "Total Revenue": 676,
        "Gross Profit": 199,
        "Operating Income": -334,
        "EBIT": -301,
        "Net Income": -388
    },
    "2014-09-30": {
        "Diluted EPS": 0.49,
        "Total Revenue": 695,
        "Gross Profit": 218,
        "Operating Income": 61,
        "EBIT": 95,
        "Net Income": 39
    },
    "2014-06-30": {
        "Diluted EPS": 0.57,
        "Total Revenue": 772,
        "Gross Profit": 253,
        "Operating Income": 78,
        "EBIT": 113,
        "Net Income": 45
    },
    "2014-03-31": {
        "Diluted EPS": 0.64,
        "Total Revenue": 755,
        "Gross Profit": 239,
        "Operating Income": 77,
        "EBIT": 112,
        "Net Income": 51
    },
    "2013-12-31": {
        "Diluted EPS": 0.3,
        "Total Revenue": 690,
        "Gross Profit": 207,
        "Operating Income": 50,
        "EBIT": 82,
        "Net Income": 24
    },
    "2013-09-30": {
        "Diluted EPS": 0.48,
        "Total Revenue": 620,
        "Gross Profit": 198,
        "Operating Income": 59,
        "EBIT": 86,
        "Net Income": 38
    },
    "2013-06-30": {
        "Diluted EPS": 0.76,
        "Total Revenue": 671,
        "Gross Profit": 229,
        "Operating Income": 91,
        "EBIT": 119,
        "Net Income": 61
    },
    "2013-03-31": {
        "Diluted EPS": 0.67,
        "Total Revenue": 655,
        "Gross Profit": 208,
        "Operating Income": 75,
        "EBIT": 104,
        "Net Income": 54
    },
    "2012-12-31": {
        "Diluted EPS": 0.52,
        "Total Revenue": 633,
        "Gross Profit": 199,
        "Operating Income": 66,
        "EBIT": 93,
        "Net Income": 42
    },
    "2012-09-30": {
        "Diluted EPS": 0.57,
        "Total Revenue": 629,
        "Gross Profit": 208,
        "Operating Income": 64,
        "EBIT": 93,
        "Net Income": 46
    },
    "2012-06-30": {
        "Diluted EPS": 1.05,
        "Total Revenue": 739,
        "Gross Profit": 265,
        "Operating Income": 117,
        "EBIT": 147,
        "Net Income": 86
    },
    "2012-03-31": {
        "Diluted EPS": 0.93,
        "Total Revenue": 696,
        "Gross Profit": 246,
        "Operating Income": 103,
        "EBIT": 129,
        "Net Income": 75
    },
    "2011-12-31": {
        "Diluted EPS": 0.91,
        "Total Revenue": 642,
        "Gross Profit": 232,
        "Operating Income": 94,
        "EBIT": 118,
        "Net Income": 74
    },
    "2011-09-30": {
        "Diluted EPS": 0.88,
        "Total Revenue": 659,
        "Gross Profit": 251,
        "Operating Income": 102,
        "EBIT": 126,
        "Net Income": 72
    },
    "2011-06-30": {
        "Diluted EPS": 1.05,
        "Total Revenue": 694,
        "Gross Profit": 266,
        "Operating Income": 115,
        "EBIT": 139,
        "Net Income": 87
    },
    "2011-03-31": {
        "Diluted EPS": 0.77,
        "Total Revenue": 615,
        "Gross Profit": 230,
        "Operating Income": 88,
        "EBIT": 111,
        "Net Income": 65
    },
    "2010-12-31": {
        "Diluted EPS": 0.52,
        "Total Revenue": 566,
        "Gross Profit": 200,
        "Operating Income": 62,
        "EBIT": 85,
        "Net Income": 43
    },
    "2010-09-30": {
        "Diluted EPS": 0.42,
        "Total Revenue": 529,
        "Gross Profit": 189,
        "Operating Income": 58,
        "EBIT": 80,
        "Net Income": 35
    },
    "2010-06-30": {
        "Diluted EPS": 0.5,
        "Total Revenue": 539,
        "Gross Profit": 200,
        "Operating Income": 61,
        "EBIT": 86,
        "Net Income": 41
    },
    "2010-03-31": {
        "Diluted EPS": 0.12,
        "Total Revenue": 493,
        "Gross Profit": 170,
        "Operating Income": 26,
        "EBIT": 50,
        "Net Income": 10
    },
    "2009-12-31": {
        "Diluted EPS": 0.07,
        "Total Revenue": 443,
        "Gross Profit": 140,
        "Operating Income": 15,
        "EBIT": 39,
        "Net Income": 6
    },
    "2009-09-30": {
        "Diluted EPS": -0.12,
        "Total Revenue": 409,
        "Gross Profit": 118,
        "Operating Income": -10,
        "EBIT": 14,
        "Net Income": -10
    },
    "2009-06-30": {
        "Diluted EPS": -0.42,
        "Total Revenue": 386,
        "Gross Profit": 99,
        "Operating Income": -25,
        "EBIT": -1,
        "Net Income": -33
    },
    "2009-03-31": {
        "Diluted EPS": -1.9,
        "Total Revenue": 424,
        "Gross Profit": 102,
        "Operating Income": -150,
        "EBIT": -126,
        "Net Income": -138
    },
    "2023-09-30": {
        "Tax Effect Of Unusual Items": -648060.0,
        "Tax Rate For Calcs": 0.21,
        "Normalized EBITDA": 81621000.0,
        "Total Unusual Items": -3086000.0,
        "Total Unusual Items Excluding Goodwill": -3086000.0,
        "Net Income From Continuing Operation Net Minority Interest": 30057000.0,
        "Reconciled Depreciation": 33506000.0,
        "Reconciled Cost Of Revenue": 299117000.0,
        "EBITDA": 78535000.0,
        "EBIT": 45029000.0,
        "Net Interest Income": -6601000.0,
        "Interest Expense": 6601000.0,
        "Normalized Income": 32494940.0,
        "Net Income From Continuing And Discontinued Operation": 30057000.0,
        "Total Expenses": 444272000.0,
        "Total Operating Income As Reported": 45118000.0,
        "Diluted Average Shares": 80699000.0,
        "Basic Average Shares": 80025000.0,
        "Diluted EPS": 0.37,
        "Basic EPS": 0.38,
        "Diluted NI Availto Com Stockholders": 30057000.0,
        "Net Income Common Stockholders": 30057000.0,
        "Net Income": 30057000.0,
        "Minority Interests": -312000.0,
        "Net Income Including Noncontrolling Interests": 30369000.0,
        "Net Income Continuous Operations": 30369000.0,
        "Tax Provision": 8059000.0,
        "Pretax Income": 38428000.0,
        "Other Income Expense": -3175000.0,
        "Other Non Operating Income Expenses": -89000.0,
        "Special Income Charges": -3086000.0,
        "Gain On Sale Of Business": NaN,
        "Restructuring And Mergern Acquisition": 3086000.0,
        "Net Non Operating Interest Income Expense": -6601000.0,
        "Interest Expense Non Operating": 6601000.0,
        "Operating Income": 48204000.0,
        "Operating Expense": 114694000.0,
        "Other Operating Expenses": 111649000.0,
        "Depreciation Amortization Depletion Income Statement": 3045000.0,
        "Depreciation And Amortization In Income Statement": 3045000.0,
        "Amortization": 3045000.0,
        "Amortization Of Intangibles Income Statement": 3045000.0,
        "Gross Profit": 162898000.0,
        "Cost Of Revenue": 329578000.0,
        "Total Revenue": 492476000.0,
        "Operating Revenue": 492476000.0
    },
    "2023-12-31": {
        "Tax Effect Of Unusual Items": -216930.0,
        "Tax Rate For Calcs": 0.21,
        "Normalized EBITDA": 62981000.0,
        "Total Unusual Items": -1033000.0,
        "Total Unusual Items Excluding Goodwill": -1033000.0,
        "Net Income From Continuing Operation Net Minority Interest": 23108000.0,
        "Reconciled Depreciation": 32782000.0,
        "Reconciled Cost Of Revenue": 325684000.0,
        "EBITDA": 61948000.0,
        "EBIT": 29166000.0,
        "Net Interest Income": -6847000.0,
        "Interest Expense": 6847000.0,
        "Normalized Income": 23924070.0,
        "Net Income From Continuing And Discontinued Operation": 23108000.0,
        "Total Expenses": 465808000.0,
        "Total Operating Income As Reported": 28479000.0,
        "Diluted Average Shares": 80114000.0,
        "Basic Average Shares": 79700000.0,
        "Diluted EPS": 0.29,
        "Basic EPS": 0.29,
        "Diluted NI Availto Com Stockholders": 23108000.0,
        "Net Income Common Stockholders": 23108000.0,
        "Net Income": 23108000.0,
        "Minority Interests": -1220000.0,
        "Net Income Including Noncontrolling Interests": 24328000.0,
        "Net Income Continuous Operations": 24328000.0,
        "Tax Provision": -2009000.0,
        "Pretax Income": 22319000.0,
        "Other Income Expense": -346000.0,
        "Other Non Operating Income Expenses": 687000.0,
        "Special Income Charges": -1033000.0,
        "Gain On Sale Of Business": NaN,
        "Restructuring And Mergern Acquisition": 1033000.0,
        "Net Non Operating Interest Income Expense": -6847000.0,
        "Interest Expense Non Operating": 6847000.0,
        "Operating Income": 29512000.0,
        "Operating Expense": 110085000.0,
        "Other Operating Expenses": 107342000.0,
        "Depreciation Amortization Depletion Income Statement": 2743000.0,
        "Depreciation And Amortization In Income Statement": 2743000.0,
        "Amortization": 2743000.0,
        "Amortization Of Intangibles Income Statement": 2743000.0,
        "Gross Profit": 139597000.0,
        "Cost Of Revenue": 355723000.0,
        "Total Revenue": 495320000.0,
        "Operating Revenue": 495320000.0
    },
    "2024-03-31": {
        "Tax Effect Of Unusual Items": -1771410.0,
        "Tax Rate For Calcs": 0.274,
        "Normalized EBITDA": 75210000.0,
        "Total Unusual Items": -6465000.0,
        "Total Unusual Items Excluding Goodwill": -6465000.0,
        "Net Income From Continuing Operation Net Minority Interest": 18976000.0,
        "Reconciled Depreciation": 33442000.0,
        "Reconciled Cost Of Revenue": 331976000.0,
        "EBITDA": 68745000.0,
        "EBIT": 35303000.0,
        "Net Interest Income": -6777000.0,
        "Interest Expense": 6777000.0,
        "Normalized Income": 23669590.0,
        "Net Income From Continuing And Discontinued Operation": 18976000.0,
        "Total Expenses": 474102000.0,
        "Total Operating Income As Reported": 35227000.0,
        "Diluted Average Shares": 79849000.0,
        "Basic Average Shares": 79229000.0,
        "Diluted EPS": 0.24,
        "Basic EPS": 0.24,
        "Diluted NI Availto Com Stockholders": 18976000.0,
        "Net Income Common Stockholders": 18976000.0,
        "Net Income": 18976000.0,
        "Minority Interests": -1734000.0,
        "Net Income Including Noncontrolling Interests": 20710000.0,
        "Net Income Continuous Operations": 20710000.0,
        "Tax Provision": 7816000.0,
        "Pretax Income": 28526000.0,
        "Other Income Expense": -6389000.0,
        "Other Non Operating Income Expenses": 76000.0,
        "Special Income Charges": -6465000.0,
        "Gain On Sale Of Business": NaN,
        "Restructuring And Mergern Acquisition": 6465000.0,
        "Net Non Operating Interest Income Expense": -6777000.0,
        "Interest Expense Non Operating": 6777000.0,
        "Operating Income": 41692000.0,
        "Operating Expense": 111570000.0,
        "Other Operating Expenses": 108684000.0,
        "Depreciation Amortization Depletion Income Statement": 2886000.0,
        "Depreciation And Amortization In Income Statement": 2886000.0,
        "Amortization": 2886000.0,
        "Amortization Of Intangibles Income Statement": 2886000.0,
        "Gross Profit": 153262000.0,
        "Cost Of Revenue": 362532000.0,
        "Total Revenue": 515794000.0,
        "Operating Revenue": 515794000.0
    },
    "2024-06-30": {
        "Tax Effect Of Unusual Items": -481172.970622,
        "Tax Rate For Calcs": 0.307066,
        "Normalized EBITDA": 97948000.0,
        "Total Unusual Items": -1567000.0,
        "Total Unusual Items Excluding Goodwill": -1567000.0,
        "Net Income From Continuing Operation Net Minority Interest": 37182000.0,
        "Reconciled Depreciation": 34957000.0,
        "Reconciled Cost Of Revenue": 339898000.0,
        "EBITDA": 96381000.0,
        "EBIT": 61424000.0,
        "Net Interest Income": -6247000.0,
        "Interest Expense": 6247000.0,
        "Normalized Income": 38267827.029378,
        "Net Income From Continuing And Discontinued Operation": 37182000.0,
        "Total Expenses": 480342000.0,
        "Total Operating Income As Reported": 61399000.0,
        "Diluted Average Shares": NaN,
        "Basic Average Shares": NaN,
        "Diluted EPS": NaN,
        "Basic EPS": NaN,
        "Diluted NI Availto Com Stockholders": 37182000.0,
        "Net Income Common Stockholders": 37182000.0,
        "Net Income": 37182000.0,
        "Minority Interests": -1052000.0,
        "Net Income Including Noncontrolling Interests": 38234000.0,
        "Net Income Continuous Operations": 38234000.0,
        "Tax Provision": 16943000.0,
        "Pretax Income": 55177000.0,
        "Other Income Expense": -1542000.0,
        "Other Non Operating Income Expenses": 25000.0,
        "Special Income Charges": -1567000.0,
        "Gain On Sale Of Business": NaN,
        "Restructuring And Mergern Acquisition": 1567000.0,
        "Net Non Operating Interest Income Expense": -6247000.0,
        "Interest Expense Non Operating": 6247000.0,
        "Operating Income": 62966000.0,
        "Operating Expense": 108370000.0,
        "Other Operating Expenses": 105487000.0,
        "Depreciation Amortization Depletion Income Statement": 2883000.0,
        "Depreciation And Amortization In Income Statement": 2883000.0,
        "Amortization": 2883000.0,
        "Amortization Of Intangibles Income Statement": 2883000.0,
        "Gross Profit": 171336000.0,
        "Cost Of Revenue": 371972000.0,
        "Total Revenue": 543308000.0,
        "Operating Revenue": 543308000.0
    },
    "2024-09-30": {
        "Tax Effect Of Unusual Items": -153972.0,
        "Tax Rate For Calcs": 0.252,
        "Normalized EBITDA": 71852000.0,
        "Total Unusual Items": -611000.0,
        "Total Unusual Items Excluding Goodwill": -611000.0,
        "Net Income From Continuing Operation Net Minority Interest": 22123000.0,
        "Reconciled Depreciation": 33557000.0,
        "Reconciled Cost Of Revenue": 300100000.0,
        "EBITDA": 71241000.0,
        "EBIT": 37684000.0,
        "Net Interest Income": -6312000.0,
        "Interest Expense": 6312000.0,
        "Normalized Income": 22580028.0,
        "Net Income From Continuing And Discontinued Operation": 22123000.0,
        "Total Expenses": 445310000.0,
        "Total Operating Income As Reported": 36027000.0,
        "Diluted Average Shares": 78657000.0,
        "Basic Average Shares": 78067000.0,
        "Diluted EPS": 0.28,
        "Basic EPS": 0.28,
        "Diluted NI Availto Com Stockholders": 22123000.0,
        "Net Income Common Stockholders": 22123000.0,
        "Net Income": 22123000.0,
        "Minority Interests": -1343000.0,
        "Net Income Including Noncontrolling Interests": 23466000.0,
        "Net Income Continuous Operations": 23466000.0,
        "Tax Provision": 7906000.0,
        "Pretax Income": 31372000.0,
        "Other Income Expense": 1046000.0,
        "Other Non Operating Income Expenses": 1657000.0,
        "Special Income Charges": -611000.0,
        "Gain On Sale Of Business": NaN,
        "Restructuring And Mergern Acquisition": 611000.0,
        "Net Non Operating Interest Income Expense": -6312000.0,
        "Interest Expense Non Operating": 6312000.0,
        "Operating Income": 36638000.0,
        "Operating Expense": 114371000.0,
        "Other Operating Expenses": 111653000.0,
        "Depreciation Amortization Depletion Income Statement": 2718000.0,
        "Depreciation And Amortization In Income Statement": 2718000.0,
        "Amortization": 2718000.0,
        "Amortization Of Intangibles Income Statement": 2718000.0,
        "Gross Profit": 151009000.0,
        "Cost Of Revenue": 330939000.0,
        "Total Revenue": 481948000.0,
        "Operating Revenue": 481948000.0
    }
}