{
    "2023-06-30": {
        "Tax Effect Of Unusual Items": 0.0,
        "Tax Rate For Calcs": 0.192,
        "Net Income From Continuing Operation Net Minority Interest": 72791000.0,
        "EBIT": 92834000.0,
        "Net Interest Income": -2724000.0,
        "Interest Expense": 2724000.0,
        "Interest Income": 23614000.0,
        "Normalized Income": 72791000.0,
        "Net Income From Continuing And Discontinued Operation": 72791000.0,
        "Total Expenses": 205656000.0,
        "Diluted Average Shares": 23301000.0,
        "Basic Average Shares": 23040000.0,
        "Diluted EPS": 3.12,
        "Basic EPS": 3.16,
        "Diluted NI Availto Com Stockholders": 72791000.0,
        "Net Income Common Stockholders": 72791000.0,
        "Net Income": 72791000.0,
        "Net Income Including Noncontrolling Interests": 72791000.0,
        "Net Income Continuous Operations": 72791000.0,
        "Tax Provision": 17319000.0,
        "Pretax Income": 90110000.0,
        "Other Income Expense": 1791000.0,
        "Net Non Operating Interest Income Expense": -2724000.0,
        "Interest Expense Non Operating": 2724000.0,
        "Other Operating Expenses": 417000.0,
        "Total Revenue": 295766000.0,
        "Operating Revenue": 295766000.0
    },
    "2023-03-31": {
        "Tax Effect Of Unusual Items": 0.0,
        "Tax Rate For Calcs": 0.184,
        "Net Income From Continuing Operation Net Minority Interest": 55800000.0,
        "EBIT": 70963000.0,
        "Net Interest Income": -2570000.0,
        "Interest Expense": 2570000.0,
        "Interest Income": 20596000.0,
        "Normalized Income": 55800000.0,
        "Net Income From Continuing And Discontinued Operation": 55800000.0,
        "Total Expenses": 188551000.0,
        "Diluted Average Shares": 23290000.0,
        "Basic Average Shares": 23008000.0,
        "Diluted EPS": 2.4,
        "Basic EPS": 2.43,
        "Diluted NI Availto Com Stockholders": 55800000.0,
        "Net Income Common Stockholders": 55800000.0,
        "Net Income": 55800000.0,
        "Net Income Including Noncontrolling Interests": 55800000.0,
        "Net Income Continuous Operations": 55800000.0,
        "Tax Provision": 12593000.0,
        "Pretax Income": 68393000.0,
        "Other Income Expense": 1664000.0,
        "Net Non Operating Interest Income Expense": -2570000.0,
        "Interest Expense Non Operating": 2570000.0,
        "Other Operating Expenses": 402000.0,
        "Total Revenue": 256944000.0,
        "Operating Revenue": 256944000.0
    },
    "2022-12-31": {
        "Tax Effect Of Unusual Items": 0.0,
        "Tax Rate For Calcs": 0.200844,
        "Net Income From Continuing Operation Net Minority Interest": 67249000.0,
        "EBIT": 86128000.0,
        "Net Interest Income": -1978000.0,
        "Interest Expense": 1978000.0,
        "Interest Income": 18464000.0,
        "Normalized Income": 67249000.0,
        "Net Income From Continuing And Discontinued Operation": 67249000.0,
        "Total Expenses": 158814000.0,
        "Diluted Average Shares": 23203000.0,
        "Basic Average Shares": 22911000.0,
        "Diluted EPS": 2.9,
        "Basic EPS": 2.94,
        "Diluted NI Availto Com Stockholders": 67249000.0,
        "Net Income Common Stockholders": 67249000.0,
        "Net Income": 67249000.0,
        "Net Income Including Noncontrolling Interests": 67249000.0,
        "Net Income Continuous Operations": 67249000.0,
        "Tax Provision": 16901000.0,
        "Pretax Income": 84150000.0,
        "Other Income Expense": 316000.0,
        "Net Non Operating Interest Income Expense": -1978000.0,
        "Interest Expense Non Operating": 1978000.0,
        "Other Operating Expenses": 200000.0,
        "Total Revenue": 242964000.0,
        "Operating Revenue": 242964000.0
    },
    "2022-09-30": {
        "Tax Effect Of Unusual Items": 0.0,
        "Tax Rate For Calcs": 0.175,
        "Net Income From Continuing Operation Net Minority Interest": 32984000.0,
        "EBIT": 41816000.0,
        "Net Interest Income": -1716000.0,
        "Interest Expense": 1716000.0,
        "Interest Income": 14450000.0,
        "Normalized Income": 32984000.0,
        "Net Income From Continuing And Discontinued Operation": 32984000.0,
        "Total Expenses": 176861000.0,
        "Diluted Average Shares": 23114000.0,
        "Basic Average Shares": 22813000.0,
        "Diluted EPS": 1.43,
        "Basic EPS": 1.45,
        "Diluted NI Availto Com Stockholders": 32984000.0,
        "Net Income Common Stockholders": 32984000.0,
        "Net Income": 32984000.0,
        "Net Income Including Noncontrolling Interests": 32984000.0,
        "Net Income Continuous Operations": 32984000.0,
        "Tax Provision": 7116000.0,
        "Pretax Income": 40100000.0,
        "Other Income Expense": 112000.0,
        "Net Non Operating Interest Income Expense": -1716000.0,
        "Interest Expense Non Operating": 1716000.0,
        "Other Operating Expenses": 212000.0,
        "Total Revenue": 216961000.0,
        "Operating Revenue": 216961000.0
    },
    "2022-06-30": {
        "Tax Effect Of Unusual Items": 0.0,
        "Tax Rate For Calcs": 0.165,
        "Net Income From Continuing Operation Net Minority Interest": 27090000.0,
        "EBIT": NaN,
        "Net Interest Income": NaN,
        "Interest Expense": NaN,
        "Interest Income": NaN,
        "Normalized Income": 27090000.0,
        "Net Income From Continuing And Discontinued Operation": 27090000.0,
        "Total Expenses": 146515000.0,
        "Diluted Average Shares": 23301000.0,
        "Basic Average Shares": 22781000.0,
        "Diluted EPS": 1.17,
        "Basic EPS": 1.19,
        "Diluted NI Availto Com Stockholders": 27090000.0,
        "Net Income Common Stockholders": 27090000.0,
        "Net Income": 27090000.0,
        "Net Income Including Noncontrolling Interests": 27090000.0,
        "Net Income Continuous Operations": 27090000.0,
        "Tax Provision": 5352000.0,
        "Pretax Income": 32442000.0,
        "Other Income Expense": 145000.0,
        "Net Non Operating Interest Income Expense": NaN,
        "Interest Expense Non Operating": NaN,
        "Other Operating Expenses": 503000.0,
        "Total Revenue": 178957000.0,
        "Operating Revenue": 178957000.0
    },
    "2022-03-31": {
        "Diluted EPS": 1.38,
        "Total Revenue": 180,
        "Gross Profit": 39,
        "Operating Income": 39,
        "EBIT": 39,
        "Net Income": 32
    },
    "2021-12-31": {
        "Diluted EPS": 2.09,
        "Total Revenue": 184,
        "Gross Profit": 61,
        "Operating Income": 61,
        "EBIT": 61,
        "Net Income": 48
    },
    "2021-09-30": {
        "Diluted EPS": 1.59,
        "Total Revenue": 165,
        "Gross Profit": 46,
        "Operating Income": 46,
        "EBIT": 46,
        "Net Income": 37
    },
    "2021-06-30": {
        "Diluted EPS": 1.55,
        "Total Revenue": 153,
        "Gross Profit": 44,
        "Operating Income": 44,
        "EBIT": 44,
        "Net Income": 36
    },
    "2021-03-31": {
        "Diluted EPS": 1.39,
        "Total Revenue": 138,
        "Gross Profit": 40,
        "Operating Income": 39,
        "EBIT": 39,
        "Net Income": 32
    },
    "2020-12-31": {
        "Diluted EPS": 1.67,
        "Total Revenue": 139,
        "Gross Profit": 43,
        "Operating Income": 43,
        "EBIT": 43,
        "Net Income": 38
    },
    "2020-09-30": {
        "Diluted EPS": 0.65,
        "Total Revenue": 123,
        "Gross Profit": 17,
        "Operating Income": 16,
        "EBIT": 16,
        "Net Income": 15
    },
    "2020-06-30": {
        "Diluted EPS": 1.33,
        "Total Revenue": 118,
        "Gross Profit": 36,
        "Operating Income": 36,
        "EBIT": 36,
        "Net Income": 30
    },
    "2020-03-31": {
        "Diluted EPS": 0.22,
        "Total Revenue": 80,
        "Gross Profit": 5,
        "Operating Income": 5,
        "EBIT": 5,
        "Net Income": 5
    },
    "2019-12-31": {
        "Diluted EPS": 0.79,
        "Total Revenue": 93,
        "Gross Profit": 22,
        "Operating Income": 22,
        "EBIT": 22,
        "Net Income": 18
    },
    "2019-09-30": {
        "Diluted EPS": 0.58,
        "Total Revenue": 78,
        "Gross Profit": 15,
        "Operating Income": 15,
        "EBIT": 15,
        "Net Income": 13
    },
    "2019-06-30": {
        "Diluted EPS": 0.63,
        "Total Revenue": 73,
        "Gross Profit": 17,
        "Operating Income": 17,
        "EBIT": 17,
        "Net Income": 14
    },
    "2019-03-31": {
        "Diluted EPS": 0.86,
        "Total Revenue": 72,
        "Gross Profit": 23,
        "Operating Income": 23,
        "EBIT": 23,
        "Net Income": 19
    },
    "2018-12-31": {
        "Diluted EPS": 0.2,
        "Total Revenue": 57,
        "Gross Profit": 5,
        "Operating Income": 5,
        "EBIT": 5,
        "Net Income": 4
    },
    "2018-09-30": {
        "Diluted EPS": 0.55,
        "Total Revenue": 60,
        "Gross Profit": 14,
        "Operating Income": 14,
        "EBIT": 14,
        "Net Income": 12
    },
    "2018-06-30": {
        "Diluted EPS": 0.47,
        "Total Revenue": 55,
        "Gross Profit": 12,
        "Operating Income": 12,
        "EBIT": 12,
        "Net Income": 10
    },
    "2018-03-31": {
        "Diluted EPS": 0.34,
        "Total Revenue": 50,
        "Gross Profit": 9,
        "Operating Income": 9,
        "EBIT": 9,
        "Net Income": 7
    },
    "2017-12-31": {
        "Diluted EPS": 0.27,
        "Total Revenue": 51,
        "Gross Profit": 11,
        "Operating Income": 11,
        "EBIT": 11,
        "Net Income": 6
    },
    "2017-09-30": {
        "Diluted EPS": 0.2,
        "Total Revenue": 48,
        "Gross Profit": 5,
        "Operating Income": 5,
        "EBIT": 5,
        "Net Income": 4
    },
    "2017-06-30": {
        "Diluted EPS": 0.4,
        "Total Revenue": 46,
        "Gross Profit": 13,
        "Operating Income": 13,
        "EBIT": 13,
        "Net Income": 8
    },
    "2017-03-31": {
        "Diluted EPS": 0.29,
        "Total Revenue": 43,
        "Gross Profit": 9,
        "Operating Income": 9,
        "EBIT": 9,
        "Net Income": 6
    },
    "2016-12-31": {
        "Diluted EPS": -0.23,
        "Total Revenue": 40,
        "Gross Profit": 11,
        "Operating Income": 10,
        "EBIT": 10,
        "Net Income": 7
    },
    "2016-09-30": {
        "Diluted EPS": 0.22,
        "Total Revenue": 35,
        "Gross Profit": 13,
        "Operating Income": 12,
        "EBIT": 12,
        "Net Income": 8
    },
    "2016-06-30": {
        "Diluted EPS": 0.39,
        "Total Revenue": 34,
        "Gross Profit": 10,
        "Operating Income": 9,
        "EBIT": 9,
        "Net Income": 6
    },
    "2016-03-31": {
        "Diluted EPS": 0.34,
        "Total Revenue": 33,
        "Gross Profit": 8,
        "Operating Income": 8,
        "EBIT": 8,
        "Net Income": 5
    },
    "2015-12-31": {
        "Diluted EPS": 0.33,
        "Total Revenue": 24,
        "Gross Profit": 5,
        "Operating Income": 7,
        "EBIT": 7,
        "Net Income": 5
    },
    "2015-09-30": {
        "Diluted EPS": 0.39,
        "Total Revenue": 20,
        "Gross Profit": 9,
        "Operating Income": 9,
        "EBIT": 9,
        "Net Income": 6
    },
    "2015-06-30": {
        "Diluted EPS": 0.44,
        "Total Revenue": 19,
        "Gross Profit": 11,
        "Operating Income": 10,
        "EBIT": 10,
        "Net Income": 7
    },
    "2015-03-31": {
        "Diluted EPS": 0.34,
        "Total Revenue": 18,
        "Gross Profit": 8,
        "Operating Income": 8,
        "EBIT": 8,
        "Net Income": 5
    },
    "2014-12-31": {
        "Diluted EPS": 0.0,
        "Total Revenue": NaN,
        "Gross Profit": NaN,
        "Operating Income": NaN,
        "EBIT": NaN,
        "Net Income": NaN
    },
    "2013-12-31": {
        "Diluted EPS": 0.0,
        "Total Revenue": NaN,
        "Gross Profit": NaN,
        "Operating Income": NaN,
        "EBIT": NaN,
        "Net Income": NaN
    },
    "2023-09-30": {
        "Tax Effect Of Unusual Items": 0.0,
        "Tax Rate For Calcs": 0.203,
        "Net Income From Continuing Operation Net Minority Interest": 76115000.0,
        "EBIT": 98066000.0,
        "Net Interest Income": -2573000.0,
        "Interest Expense": 2573000.0,
        "Interest Income": 27195000.0,
        "Normalized Income": 76115000.0,
        "Net Income From Continuing And Discontinued Operation": 76115000.0,
        "Total Expenses": 218874000.0,
        "Diluted Average Shares": 23315000.0,
        "Basic Average Shares": 23058000.0,
        "Diluted EPS": 3.26,
        "Basic EPS": 3.3,
        "Diluted NI Availto Com Stockholders": 76115000.0,
        "Net Income Common Stockholders": 76115000.0,
        "Net Income": 76115000.0,
        "Net Income Including Noncontrolling Interests": 76115000.0,
        "Net Income Continuous Operations": 76115000.0,
        "Tax Provision": 19378000.0,
        "Pretax Income": 95493000.0,
        "Other Income Expense": 340000.0,
        "Net Non Operating Interest Income Expense": -2573000.0,
        "Interest Expense Non Operating": 2573000.0,
        "Other Operating Expenses": 401000.0,
        "Total Revenue": 314367000.0,
        "Operating Revenue": 314367000.0
    }
}