{
    "2023-06-30": {
        "Tax Effect Of Unusual Items": 0.0,
        "Tax Rate For Calcs": 0.259,
        "Normalized EBITDA": 282103000.0,
        "Total Unusual Items": 0.0,
        "Total Unusual Items Excluding Goodwill": 0.0,
        "Net Income From Continuing Operation Net Minority Interest": 63326000.0,
        "Reconciled Depreciation": 172886000.0,
        "Reconciled Cost Of Revenue": 1250135000.0,
        "EBITDA": 282103000.0,
        "EBIT": 109217000.0,
        "Net Interest Income": -18846000.0,
        "Interest Expense": 24354000.0,
        "Interest Income": 5508000.0,
        "Normalized Income": 63326000.0,
        "Net Income From Continuing And Discontinued Operation": 63326000.0,
        "Total Expenses": 1458949000.0,
        "Rent Expense Supplemental": 16073000.0,
        "Total Operating Income As Reported": 94030000.0,
        "Diluted Average Shares": 161940000.0,
        "Basic Average Shares": 161116000.0,
        "Diluted EPS": 0.39,
        "Basic EPS": 0.39,
        "Diluted NI Availto Com Stockholders": 63326000.0,
        "Net Income Common Stockholders": 63326000.0,
        "Net Income": 63326000.0,
        "Minority Interests": 422000.0,
        "Net Income Including Noncontrolling Interests": 62904000.0,
        "Net Income Continuous Operations": 62904000.0,
        "Tax Provision": 21959000.0,
        "Pretax Income": 84863000.0,
        "Other Income Expense": 9679000.0,
        "Other Non Operating Income Expenses": 9679000.0,
        "Special Income Charges": 0.0,
        "Impairment Of Capital Assets": 0.0,
        "Net Non Operating Interest Income Expense": -18846000.0,
        "Interest Expense Non Operating": 24354000.0,
        "Interest Income Non Operating": 5508000.0,
        "Operating Income": 94030000.0,
        "Operating Expense": 208814000.0,
        "Other Operating Expenses": 36992000.0,
        "Other Taxes": 28332000.0,
        "Selling General And Administration": 143490000.0,
        "General And Administrative Expense": 143490000.0,
        "Other Gand A": 6184000.0,
        "Insurance And Claims": 137306000.0,
        "Gross Profit": 302844000.0,
        "Cost Of Revenue": 1250135000.0,
        "Total Revenue": 1552979000.0,
        "Operating Revenue": 1552979000.0
    },
    "2023-03-31": {
        "Tax Effect Of Unusual Items": 0.0,
        "Tax Rate For Calcs": 0.24,
        "Normalized EBITDA": 331688000.0,
        "Total Unusual Items": 0.0,
        "Total Unusual Items Excluding Goodwill": 0.0,
        "Net Income From Continuing Operation Net Minority Interest": 104284000.0,
        "Reconciled Depreciation": 172149000.0,
        "Reconciled Cost Of Revenue": 1291758000.0,
        "EBITDA": 331688000.0,
        "EBIT": 159539000.0,
        "Net Interest Income": -18042000.0,
        "Interest Expense": 23091000.0,
        "Interest Income": 5049000.0,
        "Normalized Income": 104284000.0,
        "Net Income From Continuing And Discontinued Operation": 104284000.0,
        "Total Expenses": 1492145000.0,
        "Rent Expense Supplemental": 15068000.0,
        "Total Operating Income As Reported": 144787000.0,
        "Diluted Average Shares": 161900000.0,
        "Basic Average Shares": 160915000.0,
        "Diluted EPS": 0.64,
        "Basic EPS": 0.65,
        "Diluted NI Availto Com Stockholders": 104284000.0,
        "Net Income Common Stockholders": 104284000.0,
        "Net Income": 104284000.0,
        "Minority Interests": 571000.0,
        "Net Income Including Noncontrolling Interests": 103713000.0,
        "Net Income Continuous Operations": 103713000.0,
        "Tax Provision": 32735000.0,
        "Pretax Income": 136448000.0,
        "Other Income Expense": 9703000.0,
        "Other Non Operating Income Expenses": 9703000.0,
        "Special Income Charges": 0.0,
        "Impairment Of Capital Assets": 0.0,
        "Net Non Operating Interest Income Expense": -18042000.0,
        "Interest Expense Non Operating": 23091000.0,
        "Interest Income Non Operating": 5049000.0,
        "Operating Income": 144787000.0,
        "Operating Expense": 200387000.0,
        "Other Operating Expenses": 30709000.0,
        "Other Taxes": 25890000.0,
        "Selling General And Administration": 143788000.0,
        "General And Administrative Expense": 143788000.0,
        "Other Gand A": 5749000.0,
        "Insurance And Claims": 138039000.0,
        "Gross Profit": 345174000.0,
        "Cost Of Revenue": 1291758000.0,
        "Total Revenue": 1636932000.0,
        "Operating Revenue": 1636932000.0
    },
    "2022-12-31": {
        "Tax Effect Of Unusual Items": 0.0,
        "Tax Rate For Calcs": 0.222177,
        "Normalized EBITDA": 379440000.0,
        "Total Unusual Items": 0.0,
        "Total Unusual Items Excluding Goodwill": 0.0,
        "Net Income From Continuing Operation Net Minority Interest": 148701000.0,
        "Reconciled Depreciation": 168300000.0,
        "Reconciled Cost Of Revenue": 1341493000.0,
        "EBITDA": 379440000.0,
        "EBIT": 211140000.0,
        "Net Interest Income": -17017000.0,
        "Interest Expense": 20099000.0,
        "Interest Income": 3082000.0,
        "Normalized Income": 148701000.0,
        "Net Income From Continuing And Discontinued Operation": 148701000.0,
        "Total Expenses": 1541100000.0,
        "Rent Expense Supplemental": 14747000.0,
        "Total Operating Income As Reported": 202523000.0,
        "Diluted Average Shares": 161751000.0,
        "Basic Average Shares": 160701000.0,
        "Diluted EPS": 0.92,
        "Basic EPS": 0.93,
        "Diluted NI Availto Com Stockholders": 148701000.0,
        "Net Income Common Stockholders": 148701000.0,
        "Net Income": 148701000.0,
        "Minority Interests": 105000.0,
        "Net Income Including Noncontrolling Interests": 148596000.0,
        "Net Income Continuous Operations": 148596000.0,
        "Tax Provision": 42445000.0,
        "Pretax Income": 191041000.0,
        "Other Income Expense": 5535000.0,
        "Other Non Operating Income Expenses": 5535000.0,
        "Special Income Charges": 0.0,
        "Impairment Of Capital Assets": NaN,
        "Net Non Operating Interest Income Expense": -17017000.0,
        "Interest Expense Non Operating": 20099000.0,
        "Interest Income Non Operating": 3082000.0,
        "Operating Income": 202523000.0,
        "Operating Expense": 199607000.0,
        "Other Operating Expenses": 28183000.0,
        "Other Taxes": 25328000.0,
        "Selling General And Administration": 146096000.0,
        "General And Administrative Expense": 146096000.0,
        "Other Gand A": 6947000.0,
        "Insurance And Claims": 139149000.0,
        "Gross Profit": 402130000.0,
        "Cost Of Revenue": 1341493000.0,
        "Total Revenue": 1743623000.0,
        "Operating Revenue": 1743623000.0
    },
    "2022-09-30": {
        "Tax Effect Of Unusual Items": 0.0,
        "Tax Rate For Calcs": 0.252,
        "Normalized EBITDA": 275150000.0,
        "Total Unusual Items": 0.0,
        "Total Unusual Items Excluding Goodwill": 0.0,
        "Net Income From Continuing Operation Net Minority Interest": 194795000.0,
        "Reconciled Depreciation": 166617000.0,
        "Reconciled Cost Of Revenue": 1221994000.0,
        "EBITDA": 275150000.0,
        "EBIT": 275150000.0,
        "Net Interest Income": -13458000.0,
        "Interest Expense": 14679000.0,
        "Interest Income": 1221000.0,
        "Normalized Income": 194795000.0,
        "Net Income From Continuing And Discontinued Operation": 194795000.0,
        "Total Expenses": 1631398000.0,
        "Rent Expense Supplemental": 15216000.0,
        "Total Operating Income As Reported": 265441000.0,
        "Diluted Average Shares": 161572000.0,
        "Basic Average Shares": 160665000.0,
        "Diluted EPS": 1.21,
        "Basic EPS": 1.21,
        "Diluted NI Availto Com Stockholders": 194795000.0,
        "Net Income Common Stockholders": 194795000.0,
        "Net Income": 194795000.0,
        "Minority Interests": 3000.0,
        "Net Income Including Noncontrolling Interests": 194792000.0,
        "Net Income Continuous Operations": 194792000.0,
        "Tax Provision": 65679000.0,
        "Pretax Income": 260471000.0,
        "Other Income Expense": 8488000.0,
        "Other Non Operating Income Expenses": 8488000.0,
        "Special Income Charges": 0.0,
        "Write Off": NaN,
        "Impairment Of Capital Assets": 0.0,
        "Net Non Operating Interest Income Expense": -13458000.0,
        "Interest Expense Non Operating": 14679000.0,
        "Interest Income Non Operating": 1221000.0,
        "Operating Income": 265441000.0,
        "Operating Expense": 409404000.0,
        "Other Operating Expenses": 261188000.0,
        "Other Taxes": 26628000.0,
        "Selling General And Administration": 121588000.0,
        "General And Administrative Expense": 121588000.0,
        "Other Gand A": 5095000.0,
        "Insurance And Claims": 116493000.0,
        "Gross Profit": 674845000.0,
        "Cost Of Revenue": 1221994000.0,
        "Total Revenue": 1896839000.0,
        "Operating Revenue": 1896839000.0
    },
    "2022-06-30": {
        "Tax Effect Of Unusual Items": 0.0,
        "Tax Rate For Calcs": 0.247,
        "Normalized EBITDA": 300877000.0,
        "Total Unusual Items": 0.0,
        "Total Unusual Items Excluding Goodwill": 0.0,
        "Net Income From Continuing Operation Net Minority Interest": 219492000.0,
        "Reconciled Depreciation": 163697000.0,
        "Reconciled Cost Of Revenue": 1475925000.0,
        "EBITDA": 300877000.0,
        "EBIT": 300877000.0,
        "Net Interest Income": -8670000.0,
        "Interest Expense": 9345000.0,
        "Interest Income": 675000.0,
        "Normalized Income": 219492000.0,
        "Net Income From Continuing And Discontinued Operation": 219492000.0,
        "Total Expenses": 1635353000.0,
        "Rent Expense Supplemental": 13492000.0,
        "Total Operating Income As Reported": 325778000.0,
        "Diluted Average Shares": 163166000.0,
        "Basic Average Shares": 162365000.0,
        "Diluted EPS": 1.35,
        "Basic EPS": 1.35,
        "Diluted NI Availto Com Stockholders": 219492000.0,
        "Net Income Common Stockholders": 219492000.0,
        "Net Income": 219492000.0,
        "Minority Interests": 50000.0,
        "Net Income Including Noncontrolling Interests": 219442000.0,
        "Net Income Continuous Operations": 219442000.0,
        "Tax Provision": 72090000.0,
        "Pretax Income": 291532000.0,
        "Other Income Expense": -25576000.0,
        "Other Non Operating Income Expenses": -25576000.0,
        "Special Income Charges": 0.0,
        "Impairment Of Capital Assets": 0.0,
        "Net Non Operating Interest Income Expense": -8670000.0,
        "Interest Expense Non Operating": 9345000.0,
        "Interest Income Non Operating": 675000.0,
        "Operating Income": 325778000.0,
        "Operating Expense": 159428000.0,
        "Other Operating Expenses": 21396000.0,
        "Other Taxes": 30204000.0,
        "Selling General And Administration": 107828000.0,
        "General And Administrative Expense": 107828000.0,
        "Other Gand A": 5744000.0,
        "Insurance And Claims": 102084000.0,
        "Gross Profit": 485206000.0,
        "Cost Of Revenue": 1475925000.0,
        "Total Revenue": 1961131000.0,
        "Operating Revenue": 1961131000.0
    },
    "2022-03-31": {
        "Diluted EPS": 1.25,
        "Total Revenue": NaN,
        "Gross Profit": NaN,
        "Operating Income": 298,
        "EBIT": 459,
        "Net Income": 208
    },
    "2021-12-31": {
        "Diluted EPS": 1.53,
        "Total Revenue": NaN,
        "Gross Profit": NaN,
        "Operating Income": 342,
        "EBIT": 499,
        "Net Income": 255
    },
    "2021-09-30": {
        "Diluted EPS": 1.23,
        "Total Revenue": NaN,
        "Gross Profit": NaN,
        "Operating Income": 270,
        "EBIT": 424,
        "Net Income": 206
    },
    "2021-06-30": {
        "Diluted EPS": 0.92,
        "Total Revenue": NaN,
        "Gross Profit": 885,
        "Operating Income": 191,
        "EBIT": 327,
        "Net Income": 153
    },
    "2021-03-31": {
        "Diluted EPS": 0.77,
        "Total Revenue": NaN,
        "Gross Profit": 847,
        "Operating Income": 162,
        "EBIT": 294,
        "Net Income": 130
    },
    "2020-12-31": {
        "Diluted EPS": 0.84,
        "Total Revenue": NaN,
        "Gross Profit": 908,
        "Operating Income": 195,
        "EBIT": 326,
        "Net Income": 142
    },
    "2020-09-30": {
        "Diluted EPS": 0.71,
        "Total Revenue": NaN,
        "Gross Profit": 861,
        "Operating Income": 165,
        "EBIT": 293,
        "Net Income": 122
    },
    "2020-06-30": {
        "Diluted EPS": 0.47,
        "Total Revenue": NaN,
        "Gross Profit": 774,
        "Operating Income": 102,
        "EBIT": 228,
        "Net Income": 80
    },
    "2020-03-31": {
        "Diluted EPS": 0.38,
        "Total Revenue": NaN,
        "Gross Profit": 778,
        "Operating Income": 102,
        "EBIT": 224,
        "Net Income": 65
    },
    "2019-12-31": {
        "Diluted EPS": 0.39,
        "Total Revenue": NaN,
        "Gross Profit": 798,
        "Operating Income": 100,
        "EBIT": 220,
        "Net Income": 67
    },
    "2019-09-30": {
        "Diluted EPS": 0.44,
        "Total Revenue": NaN,
        "Gross Profit": 800,
        "Operating Income": 103,
        "EBIT": 221,
        "Net Income": 75
    },
    "2019-06-30": {
        "Diluted EPS": 0.46,
        "Total Revenue": NaN,
        "Gross Profit": 830,
        "Operating Income": 109,
        "EBIT": 109,
        "Net Income": 79
    },
    "2019-03-31": {
        "Diluted EPS": 0.51,
        "Total Revenue": NaN,
        "Gross Profit": 797,
        "Operating Income": 116,
        "EBIT": 116,
        "Net Income": 88
    },
    "2018-12-31": {
        "Diluted EPS": 0.86,
        "Total Revenue": NaN,
        "Gross Profit": 914,
        "Operating Income": 207,
        "EBIT": 318,
        "Net Income": 152
    },
    "2018-09-30": {
        "Diluted EPS": 0.6,
        "Total Revenue": NaN,
        "Gross Profit": 854,
        "Operating Income": 144,
        "EBIT": 253,
        "Net Income": 106
    },
    "2018-06-30": {
        "Diluted EPS": 0.51,
        "Total Revenue": NaN,
        "Gross Profit": 833,
        "Operating Income": 124,
        "EBIT": 231,
        "Net Income": 91
    },
    "2018-03-31": {
        "Diluted EPS": 0.39,
        "Total Revenue": NaN,
        "Gross Profit": 802,
        "Operating Income": 94,
        "EBIT": 198,
        "Net Income": 70
    },
    "2017-12-31": {
        "Diluted EPS": 2.5,
        "Total Revenue": NaN,
        "Gross Profit": 866,
        "Operating Income": 144,
        "EBIT": 246,
        "Net Income": 448
    },
    "2017-09-30": {
        "Diluted EPS": 0.04,
        "Total Revenue": 522,
        "Gross Profit": 332,
        "Operating Income": 6,
        "EBIT": 52,
        "Net Income": 4
    },
    "2017-06-30": {
        "Diluted EPS": 0.22,
        "Total Revenue": 273,
        "Gross Profit": 181,
        "Operating Income": 28,
        "EBIT": 58,
        "Net Income": 18
    },
    "2017-03-31": {
        "Diluted EPS": 0.18,
        "Total Revenue": 271,
        "Gross Profit": 177,
        "Operating Income": 23,
        "EBIT": 52,
        "Net Income": 15
    },
    "2016-12-31": {
        "Diluted EPS": 0.27,
        "Total Revenue": 289,
        "Gross Profit": 189,
        "Operating Income": 35,
        "EBIT": 64,
        "Net Income": 22
    },
    "2016-09-30": {
        "Diluted EPS": 0.29,
        "Total Revenue": 281,
        "Gross Profit": 189,
        "Operating Income": 37,
        "EBIT": -17,
        "Net Income": 24
    },
    "2016-06-30": {
        "Diluted EPS": 0.44,
        "Total Revenue": NaN,
        "Gross Profit": 641,
        "Operating Income": 74,
        "EBIT": 143,
        "Net Income": 43
    },
    "2016-03-31": {
        "Diluted EPS": 0.32,
        "Total Revenue": 968,
        "Gross Profit": 626,
        "Operating Income": 52,
        "EBIT": 124,
        "Net Income": 32
    },
    "2015-12-31": {
        "Diluted EPS": 0.71,
        "Total Revenue": NaN,
        "Gross Profit": 703,
        "Operating Income": 122,
        "EBIT": 29,
        "Net Income": 73
    },
    "2015-09-30": {
        "Diluted EPS": 0.35,
        "Total Revenue": NaN,
        "Gross Profit": 662,
        "Operating Income": 75,
        "EBIT": 146,
        "Net Income": 36
    },
    "2015-06-30": {
        "Diluted EPS": 0.49,
        "Total Revenue": NaN,
        "Gross Profit": 648,
        "Operating Income": 98,
        "EBIT": 166,
        "Net Income": 51
    },
    "2015-03-31": {
        "Diluted EPS": 0.36,
        "Total Revenue": NaN,
        "Gross Profit": 619,
        "Operating Income": 75,
        "EBIT": 140,
        "Net Income": 38
    },
    "2014-12-31": {
        "Diluted EPS": 0.56,
        "Total Revenue": NaN,
        "Gross Profit": 673,
        "Operating Income": 132,
        "EBIT": 195,
        "Net Income": 58
    },
    "2014-09-30": {
        "Diluted EPS": 0.49,
        "Total Revenue": NaN,
        "Gross Profit": 598,
        "Operating Income": 97,
        "EBIT": 159,
        "Net Income": 50
    },
    "2014-06-30": {
        "Diluted EPS": 0.39,
        "Total Revenue": NaN,
        "Gross Profit": 582,
        "Operating Income": 94,
        "EBIT": 156,
        "Net Income": 40
    },
    "2014-03-31": {
        "Diluted EPS": 0.13,
        "Total Revenue": NaN,
        "Gross Profit": 533,
        "Operating Income": 46,
        "EBIT": 109,
        "Net Income": 12
    },
    "2013-12-31": {
        "Diluted EPS": 0.44,
        "Total Revenue": NaN,
        "Gross Profit": 588,
        "Operating Income": 103,
        "EBIT": 165,
        "Net Income": 45
    },
    "2013-09-30": {
        "Diluted EPS": 0.29,
        "Total Revenue": NaN,
        "Gross Profit": 553,
        "Operating Income": 84,
        "EBIT": 150,
        "Net Income": 30
    },
    "2013-06-30": {
        "Diluted EPS": 0.49,
        "Total Revenue": NaN,
        "Gross Profit": 560,
        "Operating Income": 100,
        "EBIT": 162,
        "Net Income": 50
    },
    "2013-03-31": {
        "Diluted EPS": 0.29,
        "Total Revenue": 982,
        "Gross Profit": 521,
        "Operating Income": 70,
        "EBIT": 130,
        "Net Income": 30
    },
    "2012-12-31": {
        "Diluted EPS": 0.67,
        "Total Revenue": NaN,
        "Gross Profit": 680,
        "Operating Income": 130,
        "EBIT": 198,
        "Net Income": 67
    },
    "2012-09-30": {
        "Diluted EPS": 0.33,
        "Total Revenue": 993,
        "Gross Profit": 518,
        "Operating Income": 77,
        "EBIT": 147,
        "Net Income": 34
    },
    "2012-06-30": {
        "Diluted EPS": 0.33,
        "Total Revenue": 873,
        "Gross Profit": 474,
        "Operating Income": 87,
        "EBIT": 145,
        "Net Income": 34
    },
    "2012-03-31": {
        "Diluted EPS": 0.06,
        "Total Revenue": 827,
        "Gross Profit": 441,
        "Operating Income": 58,
        "EBIT": 118,
        "Net Income": 6
    },
    "2011-12-31": {
        "Diluted EPS": 0.5,
        "Total Revenue": NaN,
        "Gross Profit": 683,
        "Operating Income": 113,
        "EBIT": 188,
        "Net Income": 49
    },
    "2011-09-30": {
        "Diluted EPS": 0.31,
        "Total Revenue": 864,
        "Gross Profit": 469,
        "Operating Income": 90,
        "EBIT": 151,
        "Net Income": 31
    },
    "2011-06-30": {
        "Diluted EPS": 0.19,
        "Total Revenue": 850,
        "Gross Profit": 458,
        "Operating Income": 73,
        "EBIT": 135,
        "Net Income": 20
    },
    "2011-03-31": {
        "Diluted EPS": 0.03,
        "Total Revenue": 759,
        "Gross Profit": 415,
        "Operating Income": 47,
        "EBIT": 108,
        "Net Income": 3
    },
    "2010-12-31": {
        "Diluted EPS": -0.97,
        "Total Revenue": 780,
        "Gross Profit": 451,
        "Operating Income": 77,
        "EBIT": 135,
        "Net Income": -48
    },
    "2010-09-30": {
        "Diluted EPS": -0.03,
        "Total Revenue": 758,
        "Gross Profit": 442,
        "Operating Income": 82,
        "EBIT": 139,
        "Net Income": -1
    },
    "2010-06-30": {
        "Diluted EPS": -0.53,
        "Total Revenue": 736,
        "Gross Profit": 423,
        "Operating Income": 61,
        "EBIT": 118,
        "Net Income": -23
    },
    "2010-03-31": {
        "Diluted EPS": -1.22,
        "Total Revenue": 655,
        "Gross Profit": 373,
        "Operating Income": 23,
        "EBIT": 93,
        "Net Income": -53
    },
    "2009-12-31": {
        "Diluted EPS": -0.86,
        "Total Revenue": 668,
        "Gross Profit": 336,
        "Operating Income": 47,
        "EBIT": 110,
        "Net Income": -37
    },
    "2009-09-30": {
        "Diluted EPS": -0.07,
        "Total Revenue": 660,
        "Gross Profit": 399,
        "Operating Income": 46,
        "EBIT": 110,
        "Net Income": -4
    },
    "2009-06-30": {
        "Diluted EPS": -0.57,
        "Total Revenue": 629,
        "Gross Profit": 387,
        "Operating Income": 27,
        "EBIT": 95,
        "Net Income": -31
    },
    "2009-03-31": {
        "Diluted EPS": -0.81,
        "Total Revenue": 615,
        "Gross Profit": 393,
        "Operating Income": 12,
        "EBIT": 82,
        "Net Income": -44
    },
    "2023-09-30": {
        "Tax Effect Of Unusual Items": 0.0,
        "Tax Rate For Calcs": 0.21,
        "Normalized EBITDA": 293551000.0,
        "Total Unusual Items": 0.0,
        "Total Unusual Items Excluding Goodwill": 0.0,
        "Net Income From Continuing Operation Net Minority Interest": 60194000.0,
        "Reconciled Depreciation": 195520000.0,
        "Reconciled Cost Of Revenue": 1702436000.0,
        "EBITDA": 293551000.0,
        "EBIT": 98031000.0,
        "Net Interest Income": -33812000.0,
        "Interest Expense": 39354000.0,
        "Interest Income": 5542000.0,
        "Normalized Income": 60194000.0,
        "Net Income From Continuing And Discontinued Operation": 60194000.0,
        "Total Expenses": 1938880000.0,
        "Rent Expense Supplemental": 50401000.0,
        "Total Operating Income As Reported": 81056000.0,
        "Diluted Average Shares": 161888000.0,
        "Basic Average Shares": 161332000.0,
        "Diluted EPS": 0.37,
        "Basic EPS": 0.37,
        "Diluted NI Availto Com Stockholders": 60194000.0,
        "Net Income Common Stockholders": 60194000.0,
        "Net Income": 60194000.0,
        "Minority Interests": 297000.0,
        "Net Income Including Noncontrolling Interests": 59897000.0,
        "Net Income Continuous Operations": 59897000.0,
        "Tax Provision": -1220000.0,
        "Pretax Income": 58677000.0,
        "Other Income Expense": 11433000.0,
        "Other Non Operating Income Expenses": 11433000.0,
        "Special Income Charges": 0.0,
        "Impairment Of Capital Assets": 0.0,
        "Net Non Operating Interest Income Expense": -33812000.0,
        "Interest Expense Non Operating": 39354000.0,
        "Interest Income Non Operating": 5542000.0,
        "Operating Income": 81056000.0,
        "Operating Expense": 236444000.0,
        "Other Operating Expenses": 48662000.0,
        "Other Taxes": 30506000.0,
        "Selling General And Administration": 157276000.0,
        "General And Administrative Expense": 157276000.0,
        "Other Gand A": 8411000.0,
        "Insurance And Claims": 148865000.0,
        "Gross Profit": 317500000.0,
        "Cost Of Revenue": 1702436000.0,
        "Total Revenue": 2019936000.0,
        "Operating Revenue": 2019936000.0
    },
    "2023-12-31": {
        "Tax Effect Of Unusual Items": -469560.0,
        "Tax Rate For Calcs": 0.21,
        "Normalized EBITDA": 227383000.0,
        "Total Unusual Items": -2236000.0,
        "Total Unusual Items Excluding Goodwill": -2236000.0,
        "Net Income From Continuing Operation Net Minority Interest": -10655000.0,
        "Reconciled Depreciation": 194545000.0,
        "Reconciled Cost Of Revenue": 1643533000.0,
        "EBITDA": 225147000.0,
        "EBIT": 30602000.0,
        "Net Interest Income": -34823000.0,
        "Interest Expense": 40301000.0,
        "Interest Income": 5478000.0,
        "Normalized Income": -8888560.0,
        "Net Income From Continuing And Discontinued Operation": -10655000.0,
        "Total Expenses": 1911403000.0,
        "Rent Expense Supplemental": 48727000.0,
        "Total Operating Income As Reported": 18280000.0,
        "Diluted Average Shares": 161996000.0,
        "Basic Average Shares": 161376000.0,
        "Diluted EPS": -0.07,
        "Basic EPS": -0.07,
        "Diluted NI Availto Com Stockholders": -10655000.0,
        "Net Income Common Stockholders": -10655000.0,
        "Net Income": -10655000.0,
        "Minority Interests": 338000.0,
        "Net Income Including Noncontrolling Interests": -10993000.0,
        "Net Income Continuous Operations": -10993000.0,
        "Tax Provision": 1294000.0,
        "Pretax Income": -9699000.0,
        "Other Income Expense": 4608000.0,
        "Other Non Operating Income Expenses": 6844000.0,
        "Special Income Charges": -2236000.0,
        "Impairment Of Capital Assets": 2236000.0,
        "Net Non Operating Interest Income Expense": -34823000.0,
        "Interest Expense Non Operating": 40301000.0,
        "Interest Income Non Operating": 5478000.0,
        "Operating Income": 20516000.0,
        "Operating Expense": 267870000.0,
        "Other Operating Expenses": 40931000.0,
        "Other Taxes": 32296000.0,
        "Selling General And Administration": 194643000.0,
        "General And Administrative Expense": 194643000.0,
        "Other Gand A": 9317000.0,
        "Insurance And Claims": 185326000.0,
        "Gross Profit": 288386000.0,
        "Cost Of Revenue": 1643533000.0,
        "Total Revenue": 1931919000.0,
        "Operating Revenue": 1931919000.0
    },
    "2024-03-31": {
        "Tax Effect Of Unusual Items": -836220.0,
        "Tax Rate For Calcs": 0.21,
        "Normalized EBITDA": 238959000.0,
        "Total Unusual Items": -3982000.0,
        "Total Unusual Items Excluding Goodwill": -3982000.0,
        "Net Income From Continuing Operation Net Minority Interest": -2635000.0,
        "Reconciled Depreciation": 200408000.0,
        "Reconciled Cost Of Revenue": 1582790000.0,
        "EBITDA": 234977000.0,
        "EBIT": 34569000.0,
        "Net Interest Income": -36214000.0,
        "Interest Expense": 41236000.0,
        "Interest Income": 5022000.0,
        "Normalized Income": 510780.0,
        "Net Income From Continuing And Discontinued Operation": -2635000.0,
        "Total Expenses": 1797930000.0,
        "Rent Expense Supplemental": 42996000.0,
        "Total Operating Income As Reported": 20555000.0,
        "Diluted Average Shares": 162086000.0,
        "Basic Average Shares": 161511000.0,
        "Diluted EPS": -0.02,
        "Basic EPS": -0.02,
        "Diluted NI Availto Com Stockholders": -2635000.0,
        "Net Income Common Stockholders": -2635000.0,
        "Net Income": -2635000.0,
        "Minority Interests": 358000.0,
        "Net Income Including Noncontrolling Interests": -2993000.0,
        "Net Income Continuous Operations": -2993000.0,
        "Tax Provision": -3674000.0,
        "Pretax Income": -6667000.0,
        "Other Income Expense": 5010000.0,
        "Other Non Operating Income Expenses": 8992000.0,
        "Special Income Charges": -3982000.0,
        "Impairment Of Capital Assets": 3982000.0,
        "Net Non Operating Interest Income Expense": -36214000.0,
        "Interest Expense Non Operating": 41236000.0,
        "Interest Income Non Operating": 5022000.0,
        "Operating Income": 24537000.0,
        "Operating Expense": 215140000.0,
        "Other Operating Expenses": 53832000.0,
        "Other Taxes": 31329000.0,
        "Selling General And Administration": 129979000.0,
        "General And Administrative Expense": 129979000.0,
        "Other Gand A": 7533000.0,
        "Insurance And Claims": 122446000.0,
        "Gross Profit": 239677000.0,
        "Cost Of Revenue": 1582790000.0,
        "Total Revenue": 1822467000.0,
        "Operating Revenue": 1822467000.0
    },
    "2024-06-30": {
        "Tax Effect Of Unusual Items": -2186244.0,
        "Tax Rate For Calcs": 0.372,
        "Normalized EBITDA": 275436000.0,
        "Total Unusual Items": -5877000.0,
        "Total Unusual Items Excluding Goodwill": -5877000.0,
        "Net Income From Continuing Operation Net Minority Interest": 20300000.0,
        "Reconciled Depreciation": 197394000.0,
        "Reconciled Cost Of Revenue": 1580794000.0,
        "EBITDA": 269559000.0,
        "EBIT": 72165000.0,
        "Net Interest Income": -36665000.0,
        "Interest Expense": 40482000.0,
        "Interest Income": 3817000.0,
        "Normalized Income": 23990756.0,
        "Net Income From Continuing And Discontinued Operation": 20300000.0,
        "Total Expenses": 1777317000.0,
        "Rent Expense Supplemental": 43930000.0,
        "Total Operating Income As Reported": 63460000.0,
        "Diluted Average Shares": 162111000.0,
        "Basic Average Shares": 161689000.0,
        "Diluted EPS": 0.13,
        "Basic EPS": 0.13,
        "Diluted NI Availto Com Stockholders": 20300000.0,
        "Net Income Common Stockholders": 20300000.0,
        "Net Income": 20300000.0,
        "Minority Interests": 407000.0,
        "Net Income Including Noncontrolling Interests": 19893000.0,
        "Net Income Continuous Operations": 19893000.0,
        "Tax Provision": 11790000.0,
        "Pretax Income": 31683000.0,
        "Other Income Expense": -989000.0,
        "Other Non Operating Income Expenses": 4888000.0,
        "Special Income Charges": -5877000.0,
        "Impairment Of Capital Assets": 5877000.0,
        "Net Non Operating Interest Income Expense": -36665000.0,
        "Interest Expense Non Operating": 40482000.0,
        "Interest Income Non Operating": 3817000.0,
        "Operating Income": 69337000.0,
        "Operating Expense": 196523000.0,
        "Other Operating Expenses": 52447000.0,
        "Other Taxes": 30374000.0,
        "Selling General And Administration": 113702000.0,
        "General And Administrative Expense": 113702000.0,
        "Other Gand A": 8264000.0,
        "Insurance And Claims": 105438000.0,
        "Gross Profit": 265860000.0,
        "Cost Of Revenue": 1580794000.0,
        "Total Revenue": 1846654000.0,
        "Operating Revenue": 1846654000.0
    },
    "2024-09-30": {
        "Tax Effect Of Unusual Items": -322560.0,
        "Tax Rate For Calcs": 0.32,
        "Normalized EBITDA": 287122000.0,
        "Total Unusual Items": -1008000.0,
        "Total Unusual Items Excluding Goodwill": -1008000.0,
        "Net Income From Continuing Operation Net Minority Interest": 30464000.0,
        "Reconciled Depreciation": 197520000.0,
        "Reconciled Cost Of Revenue": 1617368000.0,
        "EBITDA": 286114000.0,
        "EBIT": 88594000.0,
        "Net Interest Income": -40393000.0,
        "Interest Expense": 44398000.0,
        "Interest Income": 4005000.0,
        "Normalized Income": 31149440.0,
        "Net Income From Continuing And Discontinued Operation": 30464000.0,
        "Total Expenses": 1794248000.0,
        "Rent Expense Supplemental": 42322000.0,
        "Total Operating Income As Reported": 81420000.0,
        "Diluted Average Shares": 162233000.0,
        "Basic Average Shares": 161861000.0,
        "Diluted EPS": 0.19,
        "Basic EPS": 0.19,
        "Diluted NI Availto Com Stockholders": 30464000.0,
        "Net Income Common Stockholders": 30464000.0,
        "Net Income": 30464000.0,
        "Minority Interests": 405000.0,
        "Net Income Including Noncontrolling Interests": 30059000.0,
        "Net Income Continuous Operations": 30059000.0,
        "Tax Provision": 14137000.0,
        "Pretax Income": 44196000.0,
        "Other Income Expense": 2161000.0,
        "Other Non Operating Income Expenses": 3169000.0,
        "Special Income Charges": -1008000.0,
        "Impairment Of Capital Assets": 1008000.0,
        "Net Non Operating Interest Income Expense": -40393000.0,
        "Interest Expense Non Operating": 44398000.0,
        "Interest Income Non Operating": 4005000.0,
        "Operating Income": 82428000.0,
        "Operating Expense": 176880000.0,
        "Other Operating Expenses": 49739000.0,
        "Other Taxes": 32220000.0,
        "Selling General And Administration": 94921000.0,
        "General And Administrative Expense": 94921000.0,
        "Other Gand A": 8411000.0,
        "Insurance And Claims": 86510000.0,
        "Gross Profit": 259308000.0,
        "Cost Of Revenue": 1617368000.0,
        "Total Revenue": 1876676000.0,
        "Operating Revenue": 1876676000.0
    }
}