{
    "2023-03-31": {
        "Tax Effect Of Unusual Items": NaN,
        "Tax Rate For Calcs": NaN,
        "Normalized EBITDA": NaN,
        "Total Unusual Items": NaN,
        "Total Unusual Items Excluding Goodwill": NaN,
        "Net Income From Continuing Operation Net Minority Interest": NaN,
        "Reconciled Depreciation": NaN,
        "Reconciled Cost Of Revenue": NaN,
        "EBITDA": NaN,
        "EBIT": NaN,
        "Net Interest Income": NaN,
        "Interest Expense": NaN,
        "Interest Income": NaN,
        "Normalized Income": NaN,
        "Net Income From Continuing And Discontinued Operation": NaN,
        "Total Expenses": NaN,
        "Total Operating Income As Reported": 5000000.0,
        "Diluted Average Shares": NaN,
        "Basic Average Shares": NaN,
        "Diluted EPS": NaN,
        "Basic EPS": NaN,
        "Diluted NI Availto Com Stockholders": NaN,
        "Average Dilution Earnings": NaN,
        "Net Income Common Stockholders": NaN,
        "Otherunder Preferred Stock Dividend": NaN,
        "Preferred Stock Dividends": NaN,
        "Net Income": NaN,
        "Net Income Including Noncontrolling Interests": NaN,
        "Net Income Continuous Operations": NaN,
        "Tax Provision": NaN,
        "Pretax Income": NaN,
        "Other Income Expense": NaN,
        "Other Non Operating Income Expenses": NaN,
        "Special Income Charges": NaN,
        "Gain On Sale Of Ppe": NaN,
        "Other Special Charges": NaN,
        "Impairment Of Capital Assets": -6000000.0,
        "Restructuring And Mergern Acquisition": NaN,
        "Gain On Sale Of Security": NaN,
        "Net Non Operating Interest Income Expense": NaN,
        "Interest Expense Non Operating": NaN,
        "Interest Income Non Operating": NaN,
        "Operating Income": NaN,
        "Operating Expense": NaN,
        "Other Operating Expenses": 1000000.0,
        "Research And Development": NaN,
        "Selling General And Administration": NaN,
        "Gross Profit": NaN,
        "Cost Of Revenue": NaN,
        "Total Revenue": NaN,
        "Operating Revenue": NaN
    },
    "2022-12-31": {
        "Tax Effect Of Unusual Items": NaN,
        "Tax Rate For Calcs": NaN,
        "Normalized EBITDA": NaN,
        "Total Unusual Items": NaN,
        "Total Unusual Items Excluding Goodwill": NaN,
        "Net Income From Continuing Operation Net Minority Interest": NaN,
        "Reconciled Depreciation": NaN,
        "Reconciled Cost Of Revenue": NaN,
        "EBITDA": NaN,
        "EBIT": NaN,
        "Net Interest Income": NaN,
        "Interest Expense": NaN,
        "Interest Income": NaN,
        "Normalized Income": NaN,
        "Net Income From Continuing And Discontinued Operation": NaN,
        "Total Expenses": NaN,
        "Total Operating Income As Reported": NaN,
        "Diluted Average Shares": NaN,
        "Basic Average Shares": NaN,
        "Diluted EPS": NaN,
        "Basic EPS": NaN,
        "Diluted NI Availto Com Stockholders": NaN,
        "Average Dilution Earnings": NaN,
        "Net Income Common Stockholders": NaN,
        "Otherunder Preferred Stock Dividend": 0.0,
        "Preferred Stock Dividends": NaN,
        "Net Income": NaN,
        "Net Income Including Noncontrolling Interests": NaN,
        "Net Income Continuous Operations": NaN,
        "Tax Provision": NaN,
        "Pretax Income": NaN,
        "Other Income Expense": NaN,
        "Other Non Operating Income Expenses": NaN,
        "Special Income Charges": NaN,
        "Gain On Sale Of Ppe": 0.0,
        "Other Special Charges": NaN,
        "Impairment Of Capital Assets": NaN,
        "Restructuring And Mergern Acquisition": NaN,
        "Gain On Sale Of Security": NaN,
        "Net Non Operating Interest Income Expense": NaN,
        "Interest Expense Non Operating": NaN,
        "Interest Income Non Operating": NaN,
        "Operating Income": NaN,
        "Operating Expense": NaN,
        "Other Operating Expenses": NaN,
        "Research And Development": NaN,
        "Selling General And Administration": NaN,
        "Gross Profit": NaN,
        "Cost Of Revenue": NaN,
        "Total Revenue": NaN,
        "Operating Revenue": NaN
    },
    "2022-09-30": {
        "Tax Effect Of Unusual Items": NaN,
        "Tax Rate For Calcs": NaN,
        "Normalized EBITDA": NaN,
        "Total Unusual Items": NaN,
        "Total Unusual Items Excluding Goodwill": NaN,
        "Net Income From Continuing Operation Net Minority Interest": NaN,
        "Reconciled Depreciation": NaN,
        "Reconciled Cost Of Revenue": NaN,
        "EBITDA": NaN,
        "EBIT": NaN,
        "Net Interest Income": NaN,
        "Interest Expense": NaN,
        "Interest Income": NaN,
        "Normalized Income": NaN,
        "Net Income From Continuing And Discontinued Operation": NaN,
        "Total Expenses": NaN,
        "Total Operating Income As Reported": -7000000.0,
        "Diluted Average Shares": NaN,
        "Basic Average Shares": NaN,
        "Diluted EPS": NaN,
        "Basic EPS": NaN,
        "Diluted NI Availto Com Stockholders": NaN,
        "Average Dilution Earnings": NaN,
        "Net Income Common Stockholders": NaN,
        "Otherunder Preferred Stock Dividend": 0.0,
        "Preferred Stock Dividends": NaN,
        "Net Income": NaN,
        "Net Income Including Noncontrolling Interests": NaN,
        "Net Income Continuous Operations": NaN,
        "Tax Provision": NaN,
        "Pretax Income": NaN,
        "Other Income Expense": NaN,
        "Other Non Operating Income Expenses": NaN,
        "Special Income Charges": NaN,
        "Gain On Sale Of Ppe": 0.0,
        "Other Special Charges": NaN,
        "Impairment Of Capital Assets": NaN,
        "Restructuring And Mergern Acquisition": NaN,
        "Gain On Sale Of Security": NaN,
        "Net Non Operating Interest Income Expense": NaN,
        "Interest Expense Non Operating": NaN,
        "Interest Income Non Operating": NaN,
        "Operating Income": NaN,
        "Operating Expense": NaN,
        "Other Operating Expenses": NaN,
        "Research And Development": NaN,
        "Selling General And Administration": NaN,
        "Gross Profit": NaN,
        "Cost Of Revenue": NaN,
        "Total Revenue": NaN,
        "Operating Revenue": NaN
    },
    "2022-06-30": {
        "Tax Effect Of Unusual Items": 800000.0,
        "Tax Rate For Calcs": 0.4,
        "Normalized EBITDA": 34000000.0,
        "Total Unusual Items": 2000000.0,
        "Total Unusual Items Excluding Goodwill": 2000000.0,
        "Net Income From Continuing Operation Net Minority Interest": 20000000.0,
        "Reconciled Depreciation": 7000000.0,
        "Reconciled Cost Of Revenue": 270000000.0,
        "EBITDA": 36000000.0,
        "EBIT": 29000000.0,
        "Net Interest Income": -10000000.0,
        "Interest Expense": 10000000.0,
        "Normalized Income": 18800000.0,
        "Net Income From Continuing And Discontinued Operation": 20000000.0,
        "Total Expenses": 320000000.0,
        "Total Operating Income As Reported": NaN,
        "Diluted Average Shares": 90200000.0,
        "Basic Average Shares": 78900000.0,
        "Diluted EPS": 0.19,
        "Basic EPS": 0.2,
        "Diluted NI Availto Com Stockholders": 17000000.0,
        "Average Dilution Earnings": 1000000.0,
        "Net Income Common Stockholders": 16000000.0,
        "Otherunder Preferred Stock Dividend": 2000000.0,
        "Preferred Stock Dividends": 2000000.0,
        "Net Income": 20000000.0,
        "Net Income Including Noncontrolling Interests": 20000000.0,
        "Net Income Discontinuous Operations": NaN,
        "Net Income Continuous Operations": 20000000.0,
        "Tax Provision": -1000000.0,
        "Pretax Income": 19000000.0,
        "Other Income Expense": 28000000.0,
        "Other Non Operating Income Expenses": 26000000.0,
        "Special Income Charges": 0.0,
        "Gain On Sale Of Ppe": NaN,
        "Impairment Of Capital Assets": NaN,
        "Restructuring And Mergern Acquisition": 0.0,
        "Gain On Sale Of Security": 2000000.0,
        "Net Non Operating Interest Income Expense": -10000000.0,
        "Interest Expense Non Operating": 10000000.0,
        "Operating Income": 1000000.0,
        "Operating Expense": 50000000.0,
        "Other Operating Expenses": NaN,
        "Research And Development": 9000000.0,
        "Selling General And Administration": 41000000.0,
        "Gross Profit": 51000000.0,
        "Cost Of Revenue": 270000000.0,
        "Total Revenue": 321000000.0,
        "Operating Revenue": 321000000.0
    },
    "2022-03-31": {
        "Diluted EPS": -0.08,
        "Total Revenue": 290,
        "Gross Profit": 33,
        "Operating Income": -19,
        "EBIT": -12,
        "Net Income": -6
    },
    "2021-12-31": {
        "Diluted EPS": -0.11,
        "Total Revenue": 307,
        "Gross Profit": 33,
        "Operating Income": -27,
        "EBIT": -19,
        "Net Income": -9
    },
    "2021-09-30": {
        "Diluted EPS": 0.06,
        "Total Revenue": 287,
        "Gross Profit": 43,
        "Operating Income": -9,
        "EBIT": -2,
        "Net Income": 5
    },
    "2021-06-30": {
        "Diluted EPS": 0.16,
        "Total Revenue": 291,
        "Gross Profit": 48,
        "Operating Income": 4,
        "EBIT": 12,
        "Net Income": 13
    },
    "2021-03-31": {
        "Diluted EPS": 0.16,
        "Total Revenue": 265,
        "Gross Profit": 40,
        "Operating Income": -14,
        "EBIT": -6,
        "Net Income": 13
    },
    "2020-12-31": {
        "Diluted EPS": 0.06,
        "Total Revenue": 297,
        "Gross Profit": 47,
        "Operating Income": -1,
        "EBIT": 7,
        "Net Income": 15
    },
    "2020-09-30": {
        "Diluted EPS": -6.94,
        "Total Revenue": 252,
        "Gross Profit": 31,
        "Operating Income": -33,
        "EBIT": -24,
        "Net Income": -450
    },
    "2020-06-30": {
        "Diluted EPS": -0.23,
        "Total Revenue": 213,
        "Gross Profit": 21,
        "Operating Income": -19,
        "EBIT": -9,
        "Net Income": -10
    },
    "2020-03-31": {
        "Diluted EPS": -2.66,
        "Total Revenue": 267,
        "Gross Profit": 36,
        "Operating Income": -21,
        "EBIT": -11,
        "Net Income": -116
    },
    "2019-12-31": {
        "Diluted EPS": -1.56,
        "Total Revenue": 329,
        "Gross Profit": 47,
        "Operating Income": -26,
        "EBIT": -14,
        "Net Income": -67
    },
    "2019-09-30": {
        "Diluted EPS": -0.23,
        "Total Revenue": 315,
        "Gross Profit": 53,
        "Operating Income": -19,
        "EBIT": -5,
        "Net Income": -10
    },
    "2019-06-30": {
        "Diluted EPS": 4.56,
        "Total Revenue": 307,
        "Gross Profit": 42,
        "Operating Income": -25,
        "EBIT": -11,
        "Net Income": 196
    },
    "2019-03-31": {
        "Diluted EPS": -0.54,
        "Total Revenue": 291,
        "Gross Profit": 40,
        "Operating Income": -32,
        "EBIT": -17,
        "Net Income": -23
    },
    "2018-12-31": {
        "Diluted EPS": -0.45,
        "Total Revenue": 341,
        "Gross Profit": 47,
        "Operating Income": -43,
        "EBIT": -28,
        "Net Income": -19
    },
    "2018-09-30": {
        "Diluted EPS": 0.33,
        "Total Revenue": 329,
        "Gross Profit": 50,
        "Operating Income": -14,
        "EBIT": 5,
        "Net Income": 14
    },
    "2018-06-30": {
        "Diluted EPS": -0.02,
        "Total Revenue": 332,
        "Gross Profit": 45,
        "Operating Income": -26,
        "EBIT": -6,
        "Net Income": -1
    },
    "2018-03-31": {
        "Diluted EPS": -0.7,
        "Total Revenue": 318,
        "Gross Profit": 38,
        "Operating Income": -35,
        "EBIT": -16,
        "Net Income": -30
    },
    "2017-12-31": {
        "Diluted EPS": 2.93,
        "Total Revenue": 269,
        "Gross Profit": 15,
        "Operating Income": -47,
        "EBIT": -29,
        "Net Income": 125
    },
    "2017-09-30": {
        "Diluted EPS": -1.2,
        "Total Revenue": 379,
        "Gross Profit": 64,
        "Operating Income": -93,
        "EBIT": -72,
        "Net Income": -51
    },
    "2017-06-30": {
        "Diluted EPS": -0.02,
        "Total Revenue": 381,
        "Gross Profit": 70,
        "Operating Income": -27,
        "EBIT": -5,
        "Net Income": -1
    },
    "2017-03-31": {
        "Diluted EPS": 0.05,
        "Total Revenue": 357,
        "Gross Profit": 62,
        "Operating Income": -40,
        "EBIT": -21,
        "Net Income": 2
    },
    "2016-12-31": {
        "Diluted EPS": 0.18,
        "Total Revenue": 432,
        "Gross Profit": 115,
        "Operating Income": 39,
        "EBIT": 62,
        "Net Income": 10
    },
    "2016-09-30": {
        "Diluted EPS": 0.37,
        "Total Revenue": 411,
        "Gross Profit": 93,
        "Operating Income": 32,
        "EBIT": 57,
        "Net Income": 16
    },
    "2016-06-30": {
        "Diluted EPS": 0.16,
        "Total Revenue": 423,
        "Gross Profit": 107,
        "Operating Income": 32,
        "EBIT": 59,
        "Net Income": 7
    },
    "2016-03-31": {
        "Diluted EPS": -0.43,
        "Total Revenue": 377,
        "Gross Profit": 88,
        "Operating Income": 10,
        "EBIT": 40,
        "Net Income": -18
    },
    "2015-12-31": {
        "Diluted EPS": 0.57,
        "Total Revenue": 533,
        "Gross Profit": 120,
        "Operating Income": 19,
        "EBIT": 51,
        "Net Income": 24
    },
    "2015-09-30": {
        "Diluted EPS": -0.53,
        "Total Revenue": 425,
        "Gross Profit": 94,
        "Operating Income": 27,
        "EBIT": 63,
        "Net Income": -22
    },
    "2015-06-30": {
        "Diluted EPS": -0.57,
        "Total Revenue": 434,
        "Gross Profit": 84,
        "Operating Income": 10,
        "EBIT": 49,
        "Net Income": -24
    },
    "2015-03-31": {
        "Diluted EPS": -1.38,
        "Total Revenue": 411,
        "Gross Profit": 83,
        "Operating Income": -2,
        "EBIT": 36,
        "Net Income": -58
    },
    "2014-12-31": {
        "Diluted EPS": -0.99,
        "Total Revenue": 462,
        "Gross Profit": 113,
        "Operating Income": 56,
        "EBIT": 94,
        "Net Income": -42
    },
    "2014-09-30": {
        "Diluted EPS": 0.39,
        "Total Revenue": 568,
        "Gross Profit": 156,
        "Operating Income": 58,
        "EBIT": 107,
        "Net Income": 17
    },
    "2014-06-30": {
        "Diluted EPS": -1.49,
        "Total Revenue": 528,
        "Gross Profit": 102,
        "Operating Income": -29,
        "EBIT": 27,
        "Net Income": -62
    },
    "2014-03-31": {
        "Diluted EPS": -0.86,
        "Total Revenue": 488,
        "Gross Profit": 89,
        "Operating Income": -38,
        "EBIT": 18,
        "Net Income": -36
    },
    "2013-12-31": {
        "Diluted EPS": -0.32,
        "Total Revenue": 618,
        "Gross Profit": 99,
        "Operating Income": -26,
        "EBIT": 29,
        "Net Income": -63
    },
    "2013-09-30": {
        "Diluted EPS": 47.7,
        "Total Revenue": 563,
        "Gross Profit": 107,
        "Operating Income": -17,
        "EBIT": 26,
        "Net Income": NaN
    },
    "2013-06-30": {
        "Diluted EPS": -0.82,
        "Total Revenue": 583,
        "Gross Profit": 133,
        "Operating Income": -35,
        "EBIT": 19,
        "Net Income": -224
    },
    "2013-03-31": {
        "Diluted EPS": 1.04,
        "Total Revenue": 594,
        "Gross Profit": 149,
        "Operating Income": 489,
        "EBIT": 530,
        "Net Income": 283
    },
    "2012-12-31": {
        "Diluted EPS": -1.47,
        "Total Revenue": 432,
        "Gross Profit": 57,
        "Operating Income": -36,
        "EBIT": 26,
        "Net Income": -402
    },
    "2012-09-30": {
        "Diluted EPS": -1.15,
        "Total Revenue": 660,
        "Gross Profit": 75,
        "Operating Income": -215,
        "EBIT": -141,
        "Net Income": -312
    },
    "2012-06-30": {
        "Diluted EPS": -1.1,
        "Total Revenue": 699,
        "Gross Profit": 101,
        "Operating Income": -104,
        "EBIT": -60,
        "Net Income": -299
    },
    "2012-03-31": {
        "Diluted EPS": -1.35,
        "Total Revenue": 928,
        "Gross Profit": 60,
        "Operating Income": -287,
        "EBIT": -222,
        "Net Income": -366
    },
    "2011-12-31": {
        "Diluted EPS": -0.43,
        "Total Revenue": -483,
        "Gross Profit": -26,
        "Operating Income": -48,
        "EBIT": 23,
        "Net Income": -117
    },
    "2011-09-30": {
        "Diluted EPS": -0.83,
        "Total Revenue": NaN,
        "Gross Profit": 180,
        "Operating Income": -167,
        "EBIT": -95,
        "Net Income": -222
    },
    "2011-06-30": {
        "Diluted EPS": -0.67,
        "Total Revenue": NaN,
        "Gross Profit": 211,
        "Operating Income": -174,
        "EBIT": -98,
        "Net Income": -179
    },
    "2011-03-31": {
        "Diluted EPS": -0.91,
        "Total Revenue": NaN,
        "Gross Profit": 125,
        "Operating Income": -227,
        "EBIT": -152,
        "Net Income": -246
    },
    "2010-12-31": {
        "Diluted EPS": -2.17,
        "Total Revenue": 768,
        "Gross Profit": 253,
        "Operating Income": -545,
        "EBIT": -489,
        "Net Income": -595
    },
    "2010-09-30": {
        "Diluted EPS": -0.16,
        "Total Revenue": NaN,
        "Gross Profit": 474,
        "Operating Income": 58,
        "EBIT": 154,
        "Net Income": -43
    },
    "2010-06-30": {
        "Diluted EPS": -0.63,
        "Total Revenue": NaN,
        "Gross Profit": 303,
        "Operating Income": -100,
        "EBIT": -8,
        "Net Income": -168
    },
    "2010-03-31": {
        "Diluted EPS": 0.4,
        "Total Revenue": NaN,
        "Gross Profit": 793,
        "Operating Income": 389,
        "EBIT": 490,
        "Net Income": 119
    },
    "2009-12-31": {
        "Diluted EPS": 1.65,
        "Total Revenue": NaN,
        "Gross Profit": 878,
        "Operating Income": 508,
        "EBIT": 607,
        "Net Income": 443
    },
    "2009-09-30": {
        "Diluted EPS": -0.41,
        "Total Revenue": NaN,
        "Gross Profit": 361,
        "Operating Income": -81,
        "EBIT": 28,
        "Net Income": -111
    },
    "2009-06-30": {
        "Diluted EPS": -0.7,
        "Total Revenue": NaN,
        "Gross Profit": 326,
        "Operating Income": -119,
        "EBIT": -13,
        "Net Income": -189
    },
    "2009-03-31": {
        "Diluted EPS": -1.32,
        "Total Revenue": NaN,
        "Gross Profit": 194,
        "Operating Income": -336,
        "EBIT": -223,
        "Net Income": -353
    },
    "2023-06-30": {
        "Tax Effect Of Unusual Items": NaN,
        "Tax Rate For Calcs": NaN,
        "Normalized EBITDA": NaN,
        "Total Unusual Items": NaN,
        "Total Unusual Items Excluding Goodwill": NaN,
        "Net Income From Continuing Operation Net Minority Interest": NaN,
        "Reconciled Depreciation": NaN,
        "Reconciled Cost Of Revenue": NaN,
        "EBITDA": NaN,
        "EBIT": NaN,
        "Net Interest Income": NaN,
        "Interest Expense": NaN,
        "Interest Income": 1000000.0,
        "Normalized Income": NaN,
        "Net Income From Continuing And Discontinued Operation": NaN,
        "Total Expenses": NaN,
        "Total Operating Income As Reported": NaN,
        "Diluted Average Shares": 93000000.0,
        "Basic Average Shares": 79400000.0,
        "Diluted EPS": 0.32,
        "Basic EPS": 0.35,
        "Diluted NI Availto Com Stockholders": NaN,
        "Average Dilution Earnings": NaN,
        "Net Income Common Stockholders": NaN,
        "Otherunder Preferred Stock Dividend": 4000000.0,
        "Preferred Stock Dividends": NaN,
        "Net Income": NaN,
        "Net Income Including Noncontrolling Interests": NaN,
        "Net Income Continuous Operations": NaN,
        "Tax Provision": NaN,
        "Pretax Income": NaN,
        "Other Income Expense": NaN,
        "Other Non Operating Income Expenses": NaN,
        "Special Income Charges": NaN,
        "Gain On Sale Of Ppe": 1000000.0,
        "Other Special Charges": NaN,
        "Restructuring And Mergern Acquisition": NaN,
        "Gain On Sale Of Security": -4000000.0,
        "Net Non Operating Interest Income Expense": NaN,
        "Interest Expense Non Operating": NaN,
        "Interest Income Non Operating": 1000000.0,
        "Operating Income": NaN,
        "Operating Expense": NaN,
        "Other Operating Expenses": -1000000.0,
        "Research And Development": NaN,
        "Selling General And Administration": NaN,
        "Gross Profit": NaN,
        "Cost Of Revenue": NaN,
        "Total Revenue": NaN,
        "Operating Revenue": NaN
    },
    "2023-09-30": {
        "Tax Effect Of Unusual Items": 0.0,
        "Tax Rate For Calcs": 0.0,
        "Normalized EBITDA": 51000000.0,
        "Total Unusual Items": -30000000.0,
        "Total Unusual Items Excluding Goodwill": -30000000.0,
        "Net Income From Continuing Operation Net Minority Interest": 2000000.0,
        "Reconciled Depreciation": 7000000.0,
        "Reconciled Cost Of Revenue": 219000000.0,
        "EBITDA": 21000000.0,
        "EBIT": 14000000.0,
        "Net Interest Income": -13000000.0,
        "Interest Expense": 14000000.0,
        "Interest Income": 1000000.0,
        "Normalized Income": 32000000.0,
        "Net Income From Continuing And Discontinued Operation": 2000000.0,
        "Total Expenses": 266000000.0,
        "Total Operating Income As Reported": 2000000.0,
        "Diluted Average Shares": 79500000.0,
        "Basic Average Shares": 79500000.0,
        "Diluted EPS": 0.0,
        "Basic EPS": 0.0,
        "Diluted NI Availto Com Stockholders": 0.0,
        "Average Dilution Earnings": 0.0,
        "Net Income Common Stockholders": 0.0,
        "Otherunder Preferred Stock Dividend": 0.0,
        "Preferred Stock Dividends": 2000000.0,
        "Net Income": 2000000.0,
        "Net Income Including Noncontrolling Interests": 2000000.0,
        "Net Income Continuous Operations": 2000000.0,
        "Tax Provision": -2000000.0,
        "Pretax Income": 0.0,
        "Other Income Expense": 10000000.0,
        "Other Non Operating Income Expenses": 40000000.0,
        "Special Income Charges": -28000000.0,
        "Gain On Sale Of Ppe": 0.0,
        "Other Special Charges": 27000000.0,
        "Restructuring And Mergern Acquisition": 1000000.0,
        "Gain On Sale Of Security": -2000000.0,
        "Net Non Operating Interest Income Expense": -13000000.0,
        "Interest Expense Non Operating": 14000000.0,
        "Interest Income Non Operating": 1000000.0,
        "Operating Income": 3000000.0,
        "Operating Expense": 47000000.0,
        "Other Operating Expenses": NaN,
        "Research And Development": 7000000.0,
        "Selling General And Administration": 40000000.0,
        "Gross Profit": 50000000.0,
        "Cost Of Revenue": 219000000.0,
        "Total Revenue": 269000000.0,
        "Operating Revenue": 269000000.0
    },
    "2023-12-31": {
        "Tax Effect Of Unusual Items": -1890000.0,
        "Tax Rate For Calcs": 0.21,
        "Normalized EBITDA": 41000000.0,
        "Total Unusual Items": -9000000.0,
        "Total Unusual Items Excluding Goodwill": -9000000.0,
        "Net Income From Continuing Operation Net Minority Interest": 5000000.0,
        "Reconciled Depreciation": 7000000.0,
        "Reconciled Cost Of Revenue": 228000000.0,
        "EBITDA": 32000000.0,
        "EBIT": 25000000.0,
        "Net Interest Income": -1000000.0,
        "Interest Expense": 16000000.0,
        "Interest Income": NaN,
        "Normalized Income": 12110000.0,
        "Net Income From Continuing And Discontinued Operation": 5000000.0,
        "Total Expenses": 283000000.0,
        "Total Operating Income As Reported": -13000000.0,
        "Diluted Average Shares": NaN,
        "Basic Average Shares": NaN,
        "Diluted EPS": NaN,
        "Basic EPS": NaN,
        "Diluted NI Availto Com Stockholders": 3000000.0,
        "Average Dilution Earnings": 1000000.0,
        "Net Income Common Stockholders": 2000000.0,
        "Otherunder Preferred Stock Dividend": 0.0,
        "Preferred Stock Dividends": 3000000.0,
        "Net Income": 5000000.0,
        "Net Income Including Noncontrolling Interests": 5000000.0,
        "Net Income Continuous Operations": 5000000.0,
        "Tax Provision": 4000000.0,
        "Pretax Income": 9000000.0,
        "Other Income Expense": 18000000.0,
        "Other Non Operating Income Expenses": 27000000.0,
        "Special Income Charges": -5000000.0,
        "Gain On Sale Of Ppe": NaN,
        "Other Special Charges": 0.0,
        "Restructuring And Mergern Acquisition": 0.0,
        "Gain On Sale Of Security": -4000000.0,
        "Net Non Operating Interest Income Expense": -1000000.0,
        "Interest Expense Non Operating": 16000000.0,
        "Interest Income Non Operating": NaN,
        "Operating Income": -8000000.0,
        "Operating Expense": 55000000.0,
        "Other Operating Expenses": NaN,
        "Research And Development": 9000000.0,
        "Selling General And Administration": 45000000.0,
        "Gross Profit": 47000000.0,
        "Cost Of Revenue": 228000000.0,
        "Total Revenue": 275000000.0,
        "Operating Revenue": 275000000.0
    },
    "2024-03-31": {
        "Tax Effect Of Unusual Items": -430000.0,
        "Tax Rate For Calcs": 0.086,
        "Normalized EBITDA": 62000000.0,
        "Total Unusual Items": -5000000.0,
        "Total Unusual Items Excluding Goodwill": -5000000.0,
        "Net Income From Continuing Operation Net Minority Interest": 32000000.0,
        "Reconciled Depreciation": 7000000.0,
        "Reconciled Cost Of Revenue": 200000000.0,
        "EBITDA": 57000000.0,
        "EBIT": 50000000.0,
        "Net Interest Income": -11000000.0,
        "Interest Expense": 15000000.0,
        "Interest Income": 4000000.0,
        "Normalized Income": 36570000.0,
        "Net Income From Continuing And Discontinued Operation": 32000000.0,
        "Total Expenses": 237000000.0,
        "Total Operating Income As Reported": 7000000.0,
        "Diluted Average Shares": 91300000.0,
        "Basic Average Shares": 79700000.0,
        "Diluted EPS": 0.3,
        "Basic EPS": 0.31,
        "Diluted NI Availto Com Stockholders": 27000000.0,
        "Average Dilution Earnings": 2000000.0,
        "Net Income Common Stockholders": 25000000.0,
        "Otherunder Preferred Stock Dividend": NaN,
        "Preferred Stock Dividends": 7000000.0,
        "Net Income": 32000000.0,
        "Net Income Including Noncontrolling Interests": 32000000.0,
        "Net Income Continuous Operations": 32000000.0,
        "Tax Provision": 3000000.0,
        "Pretax Income": 35000000.0,
        "Other Income Expense": 34000000.0,
        "Other Non Operating Income Expenses": 39000000.0,
        "Special Income Charges": -5000000.0,
        "Gain On Sale Of Ppe": NaN,
        "Other Special Charges": NaN,
        "Restructuring And Mergern Acquisition": 5000000.0,
        "Gain On Sale Of Security": NaN,
        "Net Non Operating Interest Income Expense": -11000000.0,
        "Interest Expense Non Operating": 15000000.0,
        "Interest Income Non Operating": 4000000.0,
        "Operating Income": 12000000.0,
        "Operating Expense": 37000000.0,
        "Other Operating Expenses": -17000000.0,
        "Research And Development": 9000000.0,
        "Selling General And Administration": 45000000.0,
        "Gross Profit": 49000000.0,
        "Cost Of Revenue": 200000000.0,
        "Total Revenue": 249000000.0,
        "Operating Revenue": 249000000.0
    },
    "2024-06-30": {
        "Tax Effect Of Unusual Items": -111000.0,
        "Tax Rate For Calcs": 0.037,
        "Normalized EBITDA": 51000000.0,
        "Total Unusual Items": -3000000.0,
        "Total Unusual Items Excluding Goodwill": -3000000.0,
        "Net Income From Continuing Operation Net Minority Interest": 26000000.0,
        "Reconciled Depreciation": 6000000.0,
        "Reconciled Cost Of Revenue": 209000000.0,
        "EBITDA": 48000000.0,
        "EBIT": 42000000.0,
        "Net Interest Income": -12000000.0,
        "Interest Expense": 15000000.0,
        "Interest Income": 3000000.0,
        "Normalized Income": 28889000.0,
        "Net Income From Continuing And Discontinued Operation": 26000000.0,
        "Total Expenses": 265000000.0,
        "Total Operating Income As Reported": NaN,
        "Diluted Average Shares": 92400000.0,
        "Basic Average Shares": 80100000.0,
        "Diluted EPS": 0.23,
        "Basic EPS": 0.25,
        "Diluted NI Availto Com Stockholders": 21000000.0,
        "Average Dilution Earnings": 1000000.0,
        "Net Income Common Stockholders": 20000000.0,
        "Otherunder Preferred Stock Dividend": 3000000.0,
        "Preferred Stock Dividends": 3000000.0,
        "Net Income": 26000000.0,
        "Net Income Including Noncontrolling Interests": 26000000.0,
        "Net Income Continuous Operations": 26000000.0,
        "Tax Provision": 1000000.0,
        "Pretax Income": 27000000.0,
        "Other Income Expense": 37000000.0,
        "Other Non Operating Income Expenses": 40000000.0,
        "Special Income Charges": 0.0,
        "Gain On Sale Of Ppe": 0.0,
        "Other Special Charges": NaN,
        "Restructuring And Mergern Acquisition": 0.0,
        "Gain On Sale Of Security": -3000000.0,
        "Net Non Operating Interest Income Expense": -12000000.0,
        "Interest Expense Non Operating": 15000000.0,
        "Interest Income Non Operating": 3000000.0,
        "Operating Income": 2000000.0,
        "Operating Expense": 56000000.0,
        "Other Operating Expenses": 1000000.0,
        "Research And Development": 8000000.0,
        "Selling General And Administration": 47000000.0,
        "Gross Profit": 58000000.0,
        "Cost Of Revenue": 209000000.0,
        "Total Revenue": 267000000.0,
        "Operating Revenue": 267000000.0
    },
    "2024-09-30": {
        "Tax Effect Of Unusual Items": -286000.0,
        "Tax Rate For Calcs": 0.143,
        "Normalized EBITDA": 45000000.0,
        "Total Unusual Items": -2000000.0,
        "Total Unusual Items Excluding Goodwill": -2000000.0,
        "Net Income From Continuing Operation Net Minority Interest": 18000000.0,
        "Reconciled Depreciation": 8000000.0,
        "Reconciled Cost Of Revenue": 216000000.0,
        "EBITDA": 43000000.0,
        "EBIT": 35000000.0,
        "Net Interest Income": -12000000.0,
        "Interest Expense": 14000000.0,
        "Interest Income": 2000000.0,
        "Normalized Income": 19714000.0,
        "Net Income From Continuing And Discontinued Operation": 18000000.0,
        "Total Expenses": 268000000.0,
        "Total Operating Income As Reported": -8000000.0,
        "Diluted Average Shares": 92700000.0,
        "Basic Average Shares": 80300000.0,
        "Diluted EPS": 0.15,
        "Basic EPS": 0.16,
        "Diluted NI Availto Com Stockholders": 14000000.0,
        "Average Dilution Earnings": 1000000.0,
        "Net Income Common Stockholders": 13000000.0,
        "Otherunder Preferred Stock Dividend": 2000000.0,
        "Preferred Stock Dividends": 3000000.0,
        "Net Income": 18000000.0,
        "Net Income Including Noncontrolling Interests": 18000000.0,
        "Net Income Continuous Operations": 18000000.0,
        "Tax Provision": 3000000.0,
        "Pretax Income": 21000000.0,
        "Other Income Expense": 40000000.0,
        "Other Non Operating Income Expenses": 42000000.0,
        "Special Income Charges": -1000000.0,
        "Gain On Sale Of Ppe": 0.0,
        "Other Special Charges": NaN,
        "Restructuring And Mergern Acquisition": 1000000.0,
        "Gain On Sale Of Security": -1000000.0,
        "Net Non Operating Interest Income Expense": -12000000.0,
        "Interest Expense Non Operating": 14000000.0,
        "Interest Income Non Operating": 2000000.0,
        "Operating Income": -7000000.0,
        "Operating Expense": 52000000.0,
        "Other Operating Expenses": NaN,
        "Research And Development": 8000000.0,
        "Selling General And Administration": 44000000.0,
        "Gross Profit": 45000000.0,
        "Cost Of Revenue": 216000000.0,
        "Total Revenue": 261000000.0,
        "Operating Revenue": 261000000.0
    }
}