{
    "2023-03-31": {
        "Tax Effect Of Unusual Items": NaN,
        "Tax Rate For Calcs": NaN,
        "Normalized EBITDA": NaN,
        "Total Unusual Items": NaN,
        "Total Unusual Items Excluding Goodwill": NaN,
        "Net Income From Continuing Operation Net Minority Interest": NaN,
        "Reconciled Depreciation": NaN,
        "Reconciled Cost Of Revenue": NaN,
        "EBITDA": NaN,
        "EBIT": NaN,
        "Net Interest Income": NaN,
        "Interest Income": NaN,
        "Normalized Income": NaN,
        "Net Income From Continuing And Discontinued Operation": NaN,
        "Total Expenses": NaN,
        "Total Operating Income As Reported": NaN,
        "Diluted Average Shares": NaN,
        "Basic Average Shares": NaN,
        "Diluted EPS": NaN,
        "Basic EPS": NaN,
        "Diluted NI Availto Com Stockholders": NaN,
        "Net Income Common Stockholders": NaN,
        "Net Income": NaN,
        "Minority Interests": 0.0,
        "Net Income Including Noncontrolling Interests": NaN,
        "Net Income Continuous Operations": NaN,
        "Tax Provision": NaN,
        "Pretax Income": NaN,
        "Other Income Expense": NaN,
        "Other Non Operating Income Expenses": NaN,
        "Special Income Charges": NaN,
        "Other Special Charges": NaN,
        "Write Off": NaN,
        "Gain On Sale Of Security": NaN,
        "Net Non Operating Interest Income Expense": NaN,
        "Interest Income Non Operating": NaN,
        "Operating Income": NaN,
        "Operating Expense": NaN,
        "Research And Development": NaN,
        "Selling General And Administration": NaN,
        "Gross Profit": NaN,
        "Cost Of Revenue": NaN,
        "Total Revenue": NaN,
        "Operating Revenue": NaN
    },
    "2022-12-31": {
        "Tax Effect Of Unusual Items": NaN,
        "Tax Rate For Calcs": NaN,
        "Normalized EBITDA": NaN,
        "Total Unusual Items": NaN,
        "Total Unusual Items Excluding Goodwill": NaN,
        "Net Income From Continuing Operation Net Minority Interest": NaN,
        "Reconciled Depreciation": NaN,
        "Reconciled Cost Of Revenue": NaN,
        "EBITDA": NaN,
        "EBIT": NaN,
        "Net Interest Income": NaN,
        "Interest Income": NaN,
        "Normalized Income": NaN,
        "Net Income From Continuing And Discontinued Operation": NaN,
        "Total Expenses": NaN,
        "Total Operating Income As Reported": NaN,
        "Diluted Average Shares": NaN,
        "Basic Average Shares": NaN,
        "Diluted EPS": NaN,
        "Basic EPS": NaN,
        "Diluted NI Availto Com Stockholders": NaN,
        "Net Income Common Stockholders": NaN,
        "Net Income": NaN,
        "Minority Interests": 68.0,
        "Net Income Including Noncontrolling Interests": NaN,
        "Net Income Continuous Operations": NaN,
        "Tax Provision": NaN,
        "Pretax Income": NaN,
        "Other Income Expense": NaN,
        "Other Non Operating Income Expenses": NaN,
        "Special Income Charges": NaN,
        "Other Special Charges": NaN,
        "Write Off": NaN,
        "Gain On Sale Of Security": NaN,
        "Net Non Operating Interest Income Expense": NaN,
        "Interest Income Non Operating": NaN,
        "Operating Income": NaN,
        "Operating Expense": NaN,
        "Research And Development": NaN,
        "Selling General And Administration": NaN,
        "Gross Profit": NaN,
        "Cost Of Revenue": NaN,
        "Total Revenue": NaN,
        "Operating Revenue": NaN
    },
    "2022-09-30": {
        "Tax Effect Of Unusual Items": NaN,
        "Tax Rate For Calcs": NaN,
        "Normalized EBITDA": NaN,
        "Total Unusual Items": NaN,
        "Total Unusual Items Excluding Goodwill": NaN,
        "Net Income From Continuing Operation Net Minority Interest": NaN,
        "Reconciled Depreciation": NaN,
        "Reconciled Cost Of Revenue": NaN,
        "EBITDA": NaN,
        "EBIT": NaN,
        "Net Interest Income": NaN,
        "Interest Income": NaN,
        "Normalized Income": NaN,
        "Net Income From Continuing And Discontinued Operation": NaN,
        "Total Expenses": NaN,
        "Total Operating Income As Reported": NaN,
        "Diluted Average Shares": 93516231.0,
        "Basic Average Shares": 93516231.0,
        "Diluted EPS": -0.07,
        "Basic EPS": -0.07,
        "Diluted NI Availto Com Stockholders": NaN,
        "Net Income Common Stockholders": NaN,
        "Net Income": NaN,
        "Minority Interests": NaN,
        "Net Income Including Noncontrolling Interests": NaN,
        "Net Income Continuous Operations": NaN,
        "Tax Provision": NaN,
        "Pretax Income": NaN,
        "Other Income Expense": NaN,
        "Other Non Operating Income Expenses": NaN,
        "Special Income Charges": NaN,
        "Other Special Charges": NaN,
        "Gain On Sale Of Security": NaN,
        "Net Non Operating Interest Income Expense": NaN,
        "Interest Income Non Operating": NaN,
        "Operating Income": NaN,
        "Operating Expense": NaN,
        "Research And Development": NaN,
        "Selling General And Administration": NaN,
        "Gross Profit": NaN,
        "Cost Of Revenue": NaN,
        "Total Revenue": NaN,
        "Operating Revenue": NaN
    },
    "2022-06-30": {
        "Tax Effect Of Unusual Items": 0.0,
        "Tax Rate For Calcs": 0.4,
        "Normalized EBITDA": -5470061.0,
        "Total Unusual Items": -150094.0,
        "Total Unusual Items Excluding Goodwill": -150094.0,
        "Net Income From Continuing Operation Net Minority Interest": -5646932.0,
        "Reconciled Depreciation": 267663.0,
        "Reconciled Cost Of Revenue": 7906250.0,
        "EBITDA": -5470061.0,
        "EBIT": -5470061.0,
        "Net Interest Income": 12552.0,
        "Interest Income": 12552.0,
        "Normalized Income": -5646932.0,
        "Net Income From Continuing And Discontinued Operation": -5646932.0,
        "Total Expenses": 17379093.0,
        "Total Operating Income As Reported": -5470061.0,
        "Diluted Average Shares": 90300999.0,
        "Basic Average Shares": 90300999.0,
        "Diluted EPS": -0.06,
        "Basic EPS": -0.06,
        "Diluted NI Availto Com Stockholders": -5646932.0,
        "Net Income Common Stockholders": -5646932.0,
        "Net Income": -5646932.0,
        "Minority Interests": 257.0,
        "Net Income Including Noncontrolling Interests": -5647189.0,
        "Net Income Continuous Operations": -5647189.0,
        "Tax Provision": 36000.0,
        "Pretax Income": -5611189.0,
        "Other Income Expense": -141128.0,
        "Other Non Operating Income Expenses": -141128.0,
        "Gain On Sale Of Security": -150094.0,
        "Net Non Operating Interest Income Expense": 12552.0,
        "Interest Income Non Operating": 12552.0,
        "Operating Income": -5470061.0,
        "Operating Expense": 9472843.0,
        "Research And Development": 5145375.0,
        "Selling General And Administration": 4327468.0,
        "Gross Profit": 4002782.0,
        "Cost Of Revenue": 7906250.0,
        "Total Revenue": 11909032.0,
        "Operating Revenue": 11909032.0
    },
    "2022-03-31": {
        "Diluted EPS": -0.02,
        "Total Revenue": 12,
        "Gross Profit": 4,
        "Operating Income": -6,
        "EBIT": -6,
        "Net Income": -1
    },
    "2021-12-31": {
        "Diluted EPS": -0.04,
        "Total Revenue": 13,
        "Gross Profit": 6,
        "Operating Income": -4,
        "EBIT": -4,
        "Net Income": -3
    },
    "2021-09-30": {
        "Diluted EPS": -0.02,
        "Total Revenue": 11,
        "Gross Profit": 6,
        "Operating Income": -2,
        "EBIT": -2,
        "Net Income": -2
    },
    "2021-06-30": {
        "Diluted EPS": -0.04,
        "Total Revenue": 10,
        "Gross Profit": 4,
        "Operating Income": -4,
        "EBIT": -4,
        "Net Income": -4
    },
    "2021-03-31": {
        "Diluted EPS": -0.05,
        "Total Revenue": 12,
        "Gross Profit": 5,
        "Operating Income": -4,
        "EBIT": -4,
        "Net Income": -4
    },
    "2020-12-31": {
        "Diluted EPS": 0.01,
        "Total Revenue": 14,
        "Gross Profit": 8,
        "Operating Income": 1,
        "EBIT": 1,
        "Net Income": 1
    },
    "2020-09-30": {
        "Diluted EPS": -0.01,
        "Total Revenue": 10,
        "Gross Profit": 5,
        "Operating Income": -1,
        "EBIT": -1,
        "Net Income": -1
    },
    "2020-06-30": {
        "Diluted EPS": -0.01,
        "Total Revenue": 9,
        "Gross Profit": 4,
        "Operating Income": -1,
        "EBIT": -1,
        "Net Income": -1
    },
    "2020-03-31": {
        "Diluted EPS": -0.04,
        "Total Revenue": 8,
        "Gross Profit": 2,
        "Operating Income": -4,
        "EBIT": -3,
        "Net Income": -4
    },
    "2019-12-31": {
        "Diluted EPS": -0.09,
        "Total Revenue": 9,
        "Gross Profit": 4,
        "Operating Income": -4,
        "EBIT": -3,
        "Net Income": -7
    },
    "2019-09-30": {
        "Diluted EPS": -0.08,
        "Total Revenue": 6,
        "Gross Profit": 1,
        "Operating Income": -6,
        "EBIT": -6,
        "Net Income": -7
    },
    "2019-06-30": {
        "Diluted EPS": -0.05,
        "Total Revenue": 9,
        "Gross Profit": 4,
        "Operating Income": -5,
        "EBIT": -5,
        "Net Income": -4
    },
    "2019-03-31": {
        "Diluted EPS": -0.15,
        "Total Revenue": 6,
        "Gross Profit": 0,
        "Operating Income": -12,
        "EBIT": -11,
        "Net Income": -11
    },
    "2018-12-31": {
        "Diluted EPS": -0.13,
        "Total Revenue": 8,
        "Gross Profit": 3,
        "Operating Income": -11,
        "EBIT": -9,
        "Net Income": -10
    },
    "2018-09-30": {
        "Diluted EPS": -0.13,
        "Total Revenue": 5,
        "Gross Profit": 1,
        "Operating Income": -10,
        "EBIT": -10,
        "Net Income": -10
    },
    "2018-06-30": {
        "Diluted EPS": -0.13,
        "Total Revenue": 6,
        "Gross Profit": 2,
        "Operating Income": -9,
        "EBIT": -8,
        "Net Income": -9
    },
    "2018-03-31": {
        "Diluted EPS": -0.08,
        "Total Revenue": 6,
        "Gross Profit": 2,
        "Operating Income": -10,
        "EBIT": -9,
        "Net Income": -6
    },
    "2017-12-31": {
        "Diluted EPS": -0.03,
        "Total Revenue": 11,
        "Gross Profit": 5,
        "Operating Income": -5,
        "EBIT": -4,
        "Net Income": -2
    },
    "2017-09-30": {
        "Diluted EPS": -0.11,
        "Total Revenue": 6,
        "Gross Profit": 2,
        "Operating Income": -9,
        "EBIT": -8,
        "Net Income": -8
    },
    "2017-06-30": {
        "Diluted EPS": -0.1,
        "Total Revenue": 6,
        "Gross Profit": 2,
        "Operating Income": -8,
        "EBIT": -7,
        "Net Income": -7
    },
    "2017-03-31": {
        "Diluted EPS": -0.12,
        "Total Revenue": 4,
        "Gross Profit": 1,
        "Operating Income": -9,
        "EBIT": -8,
        "Net Income": -8
    },
    "2016-12-31": {
        "Diluted EPS": -0.08,
        "Total Revenue": 6,
        "Gross Profit": 2,
        "Operating Income": -6,
        "EBIT": -6,
        "Net Income": -5
    },
    "2016-09-30": {
        "Diluted EPS": -0.13,
        "Total Revenue": 6,
        "Gross Profit": 1,
        "Operating Income": -7,
        "EBIT": -7,
        "Net Income": -8
    },
    "2016-06-30": {
        "Diluted EPS": -0.05,
        "Total Revenue": 4,
        "Gross Profit": 0,
        "Operating Income": -1,
        "EBIT": -1,
        "Net Income": -3
    },
    "2016-03-31": {
        "Diluted EPS": -0.11,
        "Total Revenue": 6,
        "Gross Profit": 1,
        "Operating Income": -6,
        "EBIT": -6,
        "Net Income": -7
    },
    "2015-12-31": {
        "Diluted EPS": -0.11,
        "Total Revenue": 5,
        "Gross Profit": 0,
        "Operating Income": -8,
        "EBIT": -8,
        "Net Income": -7
    },
    "2015-09-30": {
        "Diluted EPS": -0.07,
        "Total Revenue": 8,
        "Gross Profit": 3,
        "Operating Income": -6,
        "EBIT": -5,
        "Net Income": -5
    },
    "2015-06-30": {
        "Diluted EPS": 0.01,
        "Total Revenue": 11,
        "Gross Profit": 4,
        "Operating Income": -5,
        "EBIT": -5,
        "Net Income": 1
    },
    "2015-03-31": {
        "Diluted EPS": -0.06,
        "Total Revenue": 9,
        "Gross Profit": 3,
        "Operating Income": -6,
        "EBIT": -5,
        "Net Income": -4
    },
    "2014-12-31": {
        "Diluted EPS": -0.08,
        "Total Revenue": 11,
        "Gross Profit": 5,
        "Operating Income": -6,
        "EBIT": -6,
        "Net Income": -5
    },
    "2014-09-30": {
        "Diluted EPS": -0.08,
        "Total Revenue": 10,
        "Gross Profit": 4,
        "Operating Income": -6,
        "EBIT": -5,
        "Net Income": -5
    },
    "2014-06-30": {
        "Diluted EPS": -0.14,
        "Total Revenue": 7,
        "Gross Profit": 3,
        "Operating Income": -7,
        "EBIT": -6,
        "Net Income": -9
    },
    "2014-03-31": {
        "Diluted EPS": -0.15,
        "Total Revenue": 5,
        "Gross Profit": 0,
        "Operating Income": -10,
        "EBIT": -9,
        "Net Income": -9
    },
    "2013-12-31": {
        "Diluted EPS": -0.15,
        "Total Revenue": 6,
        "Gross Profit": 2,
        "Operating Income": -7,
        "EBIT": -5,
        "Net Income": -10
    },
    "2013-09-30": {
        "Diluted EPS": -0.14,
        "Total Revenue": 5,
        "Gross Profit": 0,
        "Operating Income": -10,
        "EBIT": -9,
        "Net Income": -9
    },
    "2013-06-30": {
        "Diluted EPS": -0.13,
        "Total Revenue": 6,
        "Gross Profit": 0,
        "Operating Income": -9,
        "EBIT": -8,
        "Net Income": -8
    },
    "2013-03-31": {
        "Diluted EPS": 0.34,
        "Total Revenue": 6,
        "Gross Profit": 0,
        "Operating Income": -10,
        "EBIT": -9,
        "Net Income": 22
    },
    "2012-12-31": {
        "Diluted EPS": -0.28,
        "Total Revenue": 9,
        "Gross Profit": 4,
        "Operating Income": -4,
        "EBIT": -3,
        "Net Income": -4
    },
    "2012-09-30": {
        "Diluted EPS": 0.11,
        "Total Revenue": 8,
        "Gross Profit": 3,
        "Operating Income": -6,
        "EBIT": -4,
        "Net Income": -7
    },
    "2012-06-30": {
        "Diluted EPS": -0.08,
        "Total Revenue": 7,
        "Gross Profit": 2,
        "Operating Income": -7,
        "EBIT": -2,
        "Net Income": -5
    },
    "2012-03-31": {
        "Diluted EPS": -0.04,
        "Total Revenue": 11,
        "Gross Profit": 4,
        "Operating Income": -3,
        "EBIT": -1,
        "Net Income": -3
    },
    "2011-12-31": {
        "Diluted EPS": 0.0,
        "Total Revenue": 18,
        "Gross Profit": 8,
        "Operating Income": -5,
        "EBIT": 3,
        "Net Income": 0
    },
    "2011-09-30": {
        "Diluted EPS": 0.0,
        "Total Revenue": 30,
        "Gross Profit": 10,
        "Operating Income": -1,
        "EBIT": 1,
        "Net Income": 0
    },
    "2011-06-30": {
        "Diluted EPS": 0.01,
        "Total Revenue": 31,
        "Gross Profit": 12,
        "Operating Income": 0,
        "EBIT": 2,
        "Net Income": 1
    },
    "2011-03-31": {
        "Diluted EPS": 0.03,
        "Total Revenue": 35,
        "Gross Profit": 13,
        "Operating Income": 2,
        "EBIT": 4,
        "Net Income": 2
    },
    "2010-12-31": {
        "Diluted EPS": 0.07,
        "Total Revenue": 33,
        "Gross Profit": 12,
        "Operating Income": 4,
        "EBIT": 5,
        "Net Income": 5
    },
    "2010-09-30": {
        "Diluted EPS": 0.02,
        "Total Revenue": 32,
        "Gross Profit": 10,
        "Operating Income": 2,
        "EBIT": 3,
        "Net Income": 1
    },
    "2010-06-30": {
        "Diluted EPS": 0.03,
        "Total Revenue": 30,
        "Gross Profit": 8,
        "Operating Income": -1,
        "EBIT": 1,
        "Net Income": 2
    },
    "2010-03-31": {
        "Diluted EPS": 0.02,
        "Total Revenue": 25,
        "Gross Profit": 8,
        "Operating Income": 0,
        "EBIT": 2,
        "Net Income": 1
    },
    "2009-12-31": {
        "Diluted EPS": 0.08,
        "Total Revenue": 33,
        "Gross Profit": 12,
        "Operating Income": 4,
        "EBIT": 6,
        "Net Income": 5
    },
    "2009-09-30": {
        "Diluted EPS": 0.13,
        "Total Revenue": 32,
        "Gross Profit": 11,
        "Operating Income": 4,
        "EBIT": 5,
        "Net Income": 9
    },
    "2009-06-30": {
        "Diluted EPS": 0.05,
        "Total Revenue": 28,
        "Gross Profit": 9,
        "Operating Income": 2,
        "EBIT": 4,
        "Net Income": 4
    },
    "2009-03-31": {
        "Diluted EPS": 0.03,
        "Total Revenue": 21,
        "Gross Profit": 7,
        "Operating Income": -1,
        "EBIT": 1,
        "Net Income": 2
    },
    "2023-06-30": {
        "Tax Effect Of Unusual Items": NaN,
        "Tax Rate For Calcs": NaN,
        "Normalized EBITDA": NaN,
        "Total Unusual Items": NaN,
        "Total Unusual Items Excluding Goodwill": NaN,
        "Net Income From Continuing Operation Net Minority Interest": NaN,
        "Reconciled Depreciation": NaN,
        "Reconciled Cost Of Revenue": NaN,
        "EBITDA": NaN,
        "EBIT": NaN,
        "Net Interest Income": NaN,
        "Interest Income": NaN,
        "Normalized Income": NaN,
        "Net Income From Continuing And Discontinued Operation": NaN,
        "Total Expenses": NaN,
        "Total Operating Income As Reported": NaN,
        "Diluted Average Shares": 109911244.0,
        "Basic Average Shares": 109911244.0,
        "Diluted EPS": -0.07,
        "Basic EPS": -0.07,
        "Diluted NI Availto Com Stockholders": NaN,
        "Net Income Common Stockholders": NaN,
        "Net Income": NaN,
        "Minority Interests": 0.0,
        "Net Income Including Noncontrolling Interests": NaN,
        "Net Income Continuous Operations": NaN,
        "Tax Provision": NaN,
        "Pretax Income": NaN,
        "Other Income Expense": NaN,
        "Other Non Operating Income Expenses": NaN,
        "Special Income Charges": -3327347.0,
        "Other Special Charges": NaN,
        "Write Off": 3327347.0,
        "Gain On Sale Of Security": NaN,
        "Net Non Operating Interest Income Expense": NaN,
        "Interest Income Non Operating": NaN,
        "Operating Income": NaN,
        "Operating Expense": NaN,
        "Research And Development": NaN,
        "Selling General And Administration": NaN,
        "Gross Profit": NaN,
        "Cost Of Revenue": NaN,
        "Total Revenue": NaN,
        "Operating Revenue": NaN
    },
    "2023-09-30": {
        "Tax Effect Of Unusual Items": -3031.98,
        "Tax Rate For Calcs": 0.21,
        "Normalized EBITDA": -2603142.0,
        "Total Unusual Items": -14438.0,
        "Total Unusual Items Excluding Goodwill": -14438.0,
        "Net Income From Continuing Operation Net Minority Interest": -2450313.0,
        "Reconciled Depreciation": 110409.0,
        "Reconciled Cost Of Revenue": 5437953.0,
        "EBITDA": -2617580.0,
        "EBIT": -2727989.0,
        "Net Interest Income": 299506.0,
        "Interest Income": 299506.0,
        "Normalized Income": -2438906.98,
        "Net Income From Continuing And Discontinued Operation": -2450313.0,
        "Total Expenses": 13326486.0,
        "Total Operating Income As Reported": -2727989.0,
        "Diluted Average Shares": 110360814.0,
        "Basic Average Shares": 110360814.0,
        "Diluted EPS": -0.02,
        "Basic EPS": -0.02,
        "Diluted NI Availto Com Stockholders": -2450313.0,
        "Net Income Common Stockholders": -2450313.0,
        "Net Income": -2450313.0,
        "Minority Interests": 0.0,
        "Net Income Including Noncontrolling Interests": -2450313.0,
        "Net Income Continuous Operations": -2450313.0,
        "Tax Provision": 39000.0,
        "Pretax Income": -2411313.0,
        "Other Income Expense": 17170.0,
        "Other Non Operating Income Expenses": 31608.0,
        "Special Income Charges": 0.0,
        "Other Special Charges": NaN,
        "Write Off": 0.0,
        "Gain On Sale Of Security": -14438.0,
        "Net Non Operating Interest Income Expense": 299506.0,
        "Interest Income Non Operating": 299506.0,
        "Operating Income": -2727989.0,
        "Operating Expense": 7888533.0,
        "Research And Development": 3089935.0,
        "Selling General And Administration": 4798598.0,
        "Gross Profit": 5160544.0,
        "Cost Of Revenue": 5437953.0,
        "Total Revenue": 10598497.0,
        "Operating Revenue": 10462579.0
    },
    "2023-12-31": {
        "Tax Effect Of Unusual Items": -1840.02,
        "Tax Rate For Calcs": 0.21,
        "Normalized EBITDA": -6668876.0,
        "Total Unusual Items": -8762.0,
        "Total Unusual Items Excluding Goodwill": -8762.0,
        "Net Income From Continuing Operation Net Minority Interest": -6488972.0,
        "Reconciled Depreciation": 110034.0,
        "Reconciled Cost Of Revenue": 7193314.0,
        "EBITDA": -6677638.0,
        "EBIT": -6787672.0,
        "Net Interest Income": 205631.0,
        "Interest Income": 205631.0,
        "Normalized Income": -6482050.02,
        "Net Income From Continuing And Discontinued Operation": -6488972.0,
        "Total Expenses": 15365305.0,
        "Total Operating Income As Reported": -6787672.0,
        "Diluted Average Shares": NaN,
        "Basic Average Shares": NaN,
        "Diluted EPS": NaN,
        "Basic EPS": NaN,
        "Diluted NI Availto Com Stockholders": -6488972.0,
        "Net Income Common Stockholders": -6488972.0,
        "Net Income": -6488972.0,
        "Minority Interests": 0.0,
        "Net Income Including Noncontrolling Interests": -6488972.0,
        "Net Income Continuous Operations": -6488972.0,
        "Tax Provision": 39000.0,
        "Pretax Income": -6449972.0,
        "Other Income Expense": 132069.0,
        "Other Non Operating Income Expenses": 140831.0,
        "Special Income Charges": NaN,
        "Other Special Charges": NaN,
        "Write Off": NaN,
        "Gain On Sale Of Security": -8762.0,
        "Net Non Operating Interest Income Expense": 205631.0,
        "Interest Income Non Operating": 205631.0,
        "Operating Income": -6787672.0,
        "Operating Expense": 8171991.0,
        "Research And Development": 2242682.0,
        "Selling General And Administration": 5929309.0,
        "Gross Profit": 1384319.0,
        "Cost Of Revenue": 7193314.0,
        "Total Revenue": 8577633.0,
        "Operating Revenue": 9484813.0
    },
    "2024-03-31": {
        "Tax Effect Of Unusual Items": 0.0,
        "Tax Rate For Calcs": 0.0,
        "Normalized EBITDA": 17233309.0,
        "Total Unusual Items": -24879461.0,
        "Total Unusual Items Excluding Goodwill": -24879461.0,
        "Net Income From Continuing Operation Net Minority Interest": -32548215.0,
        "Reconciled Depreciation": 195399.0,
        "Reconciled Cost Of Revenue": 8541574.0,
        "EBITDA": -7646152.0,
        "EBIT": -7841551.0,
        "Net Interest Income": 172840.0,
        "Interest Income": 172840.0,
        "Normalized Income": -7668754.0,
        "Net Income From Continuing And Discontinued Operation": -32548215.0,
        "Total Expenses": 17874192.0,
        "Total Operating Income As Reported": -32641551.0,
        "Diluted Average Shares": 120114985.0,
        "Basic Average Shares": 120114985.0,
        "Diluted EPS": -0.27,
        "Basic EPS": -0.27,
        "Diluted NI Availto Com Stockholders": -32548215.0,
        "Net Income Common Stockholders": -32548215.0,
        "Net Income": -32548215.0,
        "Minority Interests": NaN,
        "Net Income Including Noncontrolling Interests": -32548215.0,
        "Net Income Continuous Operations": -32548215.0,
        "Tax Provision": 0.0,
        "Pretax Income": -32548215.0,
        "Other Income Expense": -24879504.0,
        "Other Non Operating Income Expenses": -43.0,
        "Special Income Charges": -24800000.0,
        "Other Special Charges": 24800000.0,
        "Write Off": NaN,
        "Gain On Sale Of Security": -79461.0,
        "Net Non Operating Interest Income Expense": 172840.0,
        "Interest Income Non Operating": 172840.0,
        "Operating Income": -7841551.0,
        "Operating Expense": 9332618.0,
        "Research And Development": 2100753.0,
        "Selling General And Administration": 7231865.0,
        "Gross Profit": 1491067.0,
        "Cost Of Revenue": 8541574.0,
        "Total Revenue": 10032641.0,
        "Operating Revenue": 9925331.0
    },
    "2024-06-30": {
        "Tax Effect Of Unusual Items": 0.0,
        "Tax Rate For Calcs": 0.0,
        "Normalized EBITDA": -4608574.0,
        "Total Unusual Items": -711106.0,
        "Total Unusual Items Excluding Goodwill": -711106.0,
        "Net Income From Continuing Operation Net Minority Interest": -5921998.0,
        "Reconciled Depreciation": 136756.0,
        "Reconciled Cost Of Revenue": 8685328.0,
        "EBITDA": -5319680.0,
        "EBIT": -5456436.0,
        "Net Interest Income": 226677.0,
        "Interest Income": 226677.0,
        "Normalized Income": -5210892.0,
        "Net Income From Continuing And Discontinued Operation": -5921998.0,
        "Total Expenses": 17792859.0,
        "Total Operating Income As Reported": -5456436.0,
        "Diluted Average Shares": 121400739.0,
        "Basic Average Shares": 121400739.0,
        "Diluted EPS": -0.05,
        "Basic EPS": -0.05,
        "Diluted NI Availto Com Stockholders": -5921998.0,
        "Net Income Common Stockholders": -5921998.0,
        "Net Income": -5921998.0,
        "Minority Interests": NaN,
        "Net Income Including Noncontrolling Interests": -5921998.0,
        "Net Income Continuous Operations": -5921998.0,
        "Tax Provision": 0.0,
        "Pretax Income": -5921998.0,
        "Other Income Expense": -692239.0,
        "Other Non Operating Income Expenses": 18867.0,
        "Special Income Charges": -734286.0,
        "Other Special Charges": NaN,
        "Write Off": 734286.0,
        "Gain On Sale Of Security": 23180.0,
        "Net Non Operating Interest Income Expense": 226677.0,
        "Interest Income Non Operating": 226677.0,
        "Operating Income": -5456436.0,
        "Operating Expense": 9107531.0,
        "Research And Development": 1839663.0,
        "Selling General And Administration": 7267868.0,
        "Gross Profit": 3651095.0,
        "Cost Of Revenue": 8685328.0,
        "Total Revenue": 12336423.0,
        "Operating Revenue": 12224359.0
    },
    "2024-09-30": {
        "Tax Effect Of Unusual Items": -159749.1,
        "Tax Rate For Calcs": 0.21,
        "Normalized EBITDA": -1901643.0,
        "Total Unusual Items": -760710.0,
        "Total Unusual Items Excluding Goodwill": -760710.0,
        "Net Income From Continuing Operation Net Minority Interest": -3460342.0,
        "Reconciled Depreciation": 138472.0,
        "Reconciled Cost Of Revenue": 8316904.0,
        "EBITDA": -2662353.0,
        "EBIT": -2800825.0,
        "Net Interest Income": 220017.0,
        "Interest Income": 220017.0,
        "Normalized Income": -2859381.1,
        "Net Income From Continuing And Discontinued Operation": -3460342.0,
        "Total Expenses": 16120433.0,
        "Total Operating Income As Reported": -2800825.0,
        "Diluted Average Shares": 124318056.0,
        "Basic Average Shares": 124318056.0,
        "Diluted EPS": -0.03,
        "Basic EPS": -0.03,
        "Diluted NI Availto Com Stockholders": -3460342.0,
        "Net Income Common Stockholders": -3460342.0,
        "Net Income": -3460342.0,
        "Minority Interests": NaN,
        "Net Income Including Noncontrolling Interests": -3460342.0,
        "Net Income Continuous Operations": -3460342.0,
        "Tax Provision": 125000.0,
        "Pretax Income": -3335342.0,
        "Other Income Expense": -754534.0,
        "Other Non Operating Income Expenses": 6176.0,
        "Special Income Charges": -903609.0,
        "Other Special Charges": NaN,
        "Write Off": 903609.0,
        "Gain On Sale Of Security": 142899.0,
        "Net Non Operating Interest Income Expense": 220017.0,
        "Interest Income Non Operating": 220017.0,
        "Operating Income": -2800825.0,
        "Operating Expense": 7803529.0,
        "Research And Development": 2596649.0,
        "Selling General And Administration": 5206880.0,
        "Gross Profit": 5002704.0,
        "Cost Of Revenue": 8316904.0,
        "Total Revenue": 13319608.0,
        "Operating Revenue": 13190542.0
    }
}