{
    "2023-03-31": {
        "Tax Effect Of Unusual Items": NaN,
        "Tax Rate For Calcs": NaN,
        "Normalized EBITDA": NaN,
        "Total Unusual Items": NaN,
        "Total Unusual Items Excluding Goodwill": NaN,
        "Net Income From Continuing Operation Net Minority Interest": NaN,
        "Reconciled Depreciation": NaN,
        "Reconciled Cost Of Revenue": NaN,
        "EBITDA": NaN,
        "EBIT": NaN,
        "Net Interest Income": NaN,
        "Interest Expense": NaN,
        "Interest Income": 130000.0,
        "Normalized Income": NaN,
        "Net Income From Continuing And Discontinued Operation": NaN,
        "Total Expenses": NaN,
        "Total Operating Income As Reported": NaN,
        "Diluted Average Shares": 15304947.0,
        "Basic Average Shares": 15304947.0,
        "Diluted EPS": -1.2,
        "Basic EPS": -1.2,
        "Diluted NI Availto Com Stockholders": NaN,
        "Net Income Common Stockholders": NaN,
        "Net Income": NaN,
        "Net Income Including Noncontrolling Interests": NaN,
        "Net Income Continuous Operations": NaN,
        "Tax Provision": NaN,
        "Pretax Income": NaN,
        "Other Income Expense": NaN,
        "Other Non Operating Income Expenses": -5000.0,
        "Special Income Charges": NaN,
        "Impairment Of Capital Assets": NaN,
        "Gain On Sale Of Security": NaN,
        "Net Non Operating Interest Income Expense": NaN,
        "Interest Expense Non Operating": NaN,
        "Interest Income Non Operating": 130000.0,
        "Operating Income": NaN,
        "Operating Expense": NaN,
        "Depreciation Amortization Depletion Income Statement": NaN,
        "Depreciation And Amortization In Income Statement": NaN,
        "Selling General And Administration": NaN,
        "Gross Profit": NaN,
        "Cost Of Revenue": NaN,
        "Total Revenue": NaN,
        "Operating Revenue": NaN
    },
    "2022-12-31": {
        "Tax Effect Of Unusual Items": NaN,
        "Tax Rate For Calcs": NaN,
        "Normalized EBITDA": NaN,
        "Total Unusual Items": NaN,
        "Total Unusual Items Excluding Goodwill": NaN,
        "Net Income From Continuing Operation Net Minority Interest": NaN,
        "Reconciled Depreciation": NaN,
        "Reconciled Cost Of Revenue": NaN,
        "EBITDA": NaN,
        "EBIT": NaN,
        "Net Interest Income": NaN,
        "Interest Expense": NaN,
        "Interest Income": NaN,
        "Normalized Income": NaN,
        "Net Income From Continuing And Discontinued Operation": NaN,
        "Total Expenses": NaN,
        "Total Operating Income As Reported": NaN,
        "Diluted Average Shares": 76292241.0,
        "Basic Average Shares": 76292241.0,
        "Diluted EPS": -0.9,
        "Basic EPS": -0.9,
        "Diluted NI Availto Com Stockholders": NaN,
        "Net Income Common Stockholders": NaN,
        "Net Income": NaN,
        "Net Income Including Noncontrolling Interests": NaN,
        "Net Income Continuous Operations": NaN,
        "Tax Provision": NaN,
        "Pretax Income": NaN,
        "Other Income Expense": NaN,
        "Other Non Operating Income Expenses": NaN,
        "Special Income Charges": NaN,
        "Impairment Of Capital Assets": NaN,
        "Gain On Sale Of Security": NaN,
        "Net Non Operating Interest Income Expense": NaN,
        "Interest Expense Non Operating": NaN,
        "Interest Income Non Operating": NaN,
        "Operating Income": NaN,
        "Operating Expense": NaN,
        "Depreciation Amortization Depletion Income Statement": NaN,
        "Depreciation And Amortization In Income Statement": NaN,
        "Selling General And Administration": NaN,
        "Gross Profit": NaN,
        "Cost Of Revenue": NaN,
        "Total Revenue": NaN,
        "Operating Revenue": NaN
    },
    "2022-09-30": {
        "Tax Effect Of Unusual Items": NaN,
        "Tax Rate For Calcs": NaN,
        "Normalized EBITDA": NaN,
        "Total Unusual Items": NaN,
        "Total Unusual Items Excluding Goodwill": NaN,
        "Net Income From Continuing Operation Net Minority Interest": NaN,
        "Reconciled Depreciation": NaN,
        "Reconciled Cost Of Revenue": NaN,
        "EBITDA": NaN,
        "EBIT": NaN,
        "Net Interest Income": NaN,
        "Interest Expense": NaN,
        "Interest Income": NaN,
        "Normalized Income": NaN,
        "Net Income From Continuing And Discontinued Operation": NaN,
        "Total Expenses": NaN,
        "Total Operating Income As Reported": NaN,
        "Diluted Average Shares": NaN,
        "Basic Average Shares": NaN,
        "Diluted EPS": NaN,
        "Basic EPS": NaN,
        "Diluted NI Availto Com Stockholders": NaN,
        "Net Income Common Stockholders": NaN,
        "Otherunder Preferred Stock Dividend": 0.0,
        "Net Income": NaN,
        "Net Income Including Noncontrolling Interests": NaN,
        "Net Income Continuous Operations": NaN,
        "Tax Provision": NaN,
        "Pretax Income": NaN,
        "Other Income Expense": NaN,
        "Other Non Operating Income Expenses": NaN,
        "Special Income Charges": 0.0,
        "Impairment Of Capital Assets": 0.0,
        "Gain On Sale Of Security": NaN,
        "Net Non Operating Interest Income Expense": NaN,
        "Interest Expense Non Operating": NaN,
        "Interest Income Non Operating": NaN,
        "Operating Income": NaN,
        "Operating Expense": NaN,
        "Depreciation Amortization Depletion Income Statement": NaN,
        "Depreciation And Amortization In Income Statement": NaN,
        "Selling General And Administration": NaN,
        "Gross Profit": NaN,
        "Cost Of Revenue": NaN,
        "Total Revenue": NaN,
        "Operating Revenue": NaN
    },
    "2022-06-30": {
        "Tax Effect Of Unusual Items": 21094.0,
        "Tax Rate For Calcs": 0.199,
        "Normalized EBITDA": 7065000.0,
        "Total Unusual Items": 106000.0,
        "Total Unusual Items Excluding Goodwill": 106000.0,
        "Net Income From Continuing Operation Net Minority Interest": -11141000.0,
        "Reconciled Depreciation": 13774000.0,
        "Reconciled Cost Of Revenue": 33875000.0,
        "EBITDA": 7171000.0,
        "EBIT": -6603000.0,
        "Net Interest Income": -7297000.0,
        "Interest Expense": 7297000.0,
        "Normalized Income": -11225906.0,
        "Net Income From Continuing And Discontinued Operation": -11141000.0,
        "Total Expenses": 77062000.0,
        "Total Operating Income As Reported": -6709000.0,
        "Diluted Average Shares": 76239989.0,
        "Basic Average Shares": 76239989.0,
        "Diluted EPS": -0.14,
        "Basic EPS": -0.14,
        "Diluted NI Availto Com Stockholders": -11141000.0,
        "Net Income Common Stockholders": -11141000.0,
        "Otherunder Preferred Stock Dividend": NaN,
        "Net Income": -11141000.0,
        "Net Income Including Noncontrolling Interests": -11141000.0,
        "Net Income Continuous Operations": -11141000.0,
        "Tax Provision": -2759000.0,
        "Pretax Income": -13900000.0,
        "Other Income Expense": 106000.0,
        "Special Income Charges": NaN,
        "Impairment Of Capital Assets": NaN,
        "Gain On Sale Of Security": 106000.0,
        "Net Non Operating Interest Income Expense": -7297000.0,
        "Interest Expense Non Operating": 7297000.0,
        "Operating Income": -6709000.0,
        "Operating Expense": 43187000.0,
        "Depreciation Amortization Depletion Income Statement": 13774000.0,
        "Depreciation And Amortization In Income Statement": 13774000.0,
        "Selling General And Administration": 29413000.0,
        "Gross Profit": 36478000.0,
        "Cost Of Revenue": 33875000.0,
        "Total Revenue": 70353000.0,
        "Operating Revenue": 70353000.0
    },
    "2022-03-31": {
        "Diluted EPS": -0.16,
        "Total Revenue": 69,
        "Gross Profit": 34,
        "Operating Income": -7,
        "EBIT": 7,
        "Net Income": -12
    },
    "2021-12-31": {
        "Diluted EPS": -0.05,
        "Total Revenue": 65,
        "Gross Profit": 32,
        "Operating Income": -6,
        "EBIT": 7,
        "Net Income": -12
    },
    "2021-09-30": {
        "Diluted EPS": -0.26,
        "Total Revenue": 68,
        "Gross Profit": 33,
        "Operating Income": -6,
        "EBIT": 7,
        "Net Income": -8
    },
    "2021-06-30": {
        "Diluted EPS": -0.46,
        "Total Revenue": 61,
        "Gross Profit": 31,
        "Operating Income": -4,
        "EBIT": 9,
        "Net Income": -14
    },
    "2021-03-31": {
        "Diluted EPS": -0.27,
        "Total Revenue": 55,
        "Gross Profit": 31,
        "Operating Income": 0,
        "EBIT": 14,
        "Net Income": -8
    },
    "2020-12-31": {
        "Diluted EPS": 0.0,
        "Total Revenue": NaN,
        "Gross Profit": NaN,
        "Operating Income": NaN,
        "EBIT": NaN,
        "Net Income": NaN
    },
    "2020-09-30": {
        "Diluted EPS": -0.42,
        "Total Revenue": 55,
        "Gross Profit": 30,
        "Operating Income": -1,
        "EBIT": -1,
        "Net Income": -13
    },
    "2019-12-31": {
        "Diluted EPS": 0.0,
        "Total Revenue": NaN,
        "Gross Profit": NaN,
        "Operating Income": NaN,
        "EBIT": NaN,
        "Net Income": NaN
    },
    "2023-06-30": {
        "Tax Effect Of Unusual Items": NaN,
        "Tax Rate For Calcs": NaN,
        "Normalized EBITDA": NaN,
        "Total Unusual Items": NaN,
        "Total Unusual Items Excluding Goodwill": NaN,
        "Net Income From Continuing Operation Net Minority Interest": NaN,
        "Reconciled Depreciation": NaN,
        "Reconciled Cost Of Revenue": NaN,
        "EBITDA": NaN,
        "EBIT": NaN,
        "Net Interest Income": NaN,
        "Interest Expense": NaN,
        "Interest Income": 99000.0,
        "Normalized Income": NaN,
        "Net Income From Continuing And Discontinued Operation": NaN,
        "Total Expenses": NaN,
        "Total Operating Income As Reported": NaN,
        "Diluted Average Shares": 15969860.0,
        "Basic Average Shares": 15969860.0,
        "Diluted EPS": -1.22,
        "Basic EPS": -1.22,
        "Diluted NI Availto Com Stockholders": NaN,
        "Net Income Common Stockholders": NaN,
        "Net Income": NaN,
        "Net Income Including Noncontrolling Interests": NaN,
        "Net Income Continuous Operations": NaN,
        "Tax Provision": NaN,
        "Pretax Income": NaN,
        "Other Income Expense": NaN,
        "Other Non Operating Income Expenses": -208000.0,
        "Special Income Charges": 0.0,
        "Impairment Of Capital Assets": 0.0,
        "Gain On Sale Of Security": NaN,
        "Net Non Operating Interest Income Expense": NaN,
        "Interest Expense Non Operating": NaN,
        "Interest Income Non Operating": 99000.0,
        "Operating Income": NaN,
        "Operating Expense": NaN,
        "Depreciation Amortization Depletion Income Statement": NaN,
        "Depreciation And Amortization In Income Statement": NaN,
        "Selling General And Administration": NaN,
        "Gross Profit": NaN,
        "Cost Of Revenue": NaN,
        "Total Revenue": NaN,
        "Operating Revenue": NaN
    },
    "2023-09-30": {
        "Tax Effect Of Unusual Items": -2457994.728503,
        "Tax Rate For Calcs": 0.031416,
        "Normalized EBITDA": 4727000.0,
        "Total Unusual Items": -78241000.0,
        "Total Unusual Items Excluding Goodwill": -78241000.0,
        "Net Income From Continuing Operation Net Minority Interest": -95361000.0,
        "Reconciled Depreciation": 14457000.0,
        "Reconciled Cost Of Revenue": 30996000.0,
        "EBITDA": -73514000.0,
        "EBIT": -87971000.0,
        "Net Interest Income": -10274000.0,
        "Interest Expense": 10483000.0,
        "Interest Income": 209000.0,
        "Normalized Income": -19577994.728503,
        "Net Income From Continuing And Discontinued Operation": -95361000.0,
        "Total Expenses": 78231000.0,
        "Total Operating Income As Reported": -87853000.0,
        "Diluted Average Shares": 17331056.0,
        "Basic Average Shares": 17331056.0,
        "Diluted EPS": -5.5,
        "Basic EPS": -5.5,
        "Diluted NI Availto Com Stockholders": -95361000.0,
        "Net Income Common Stockholders": -95361000.0,
        "Net Income": -95361000.0,
        "Net Income Including Noncontrolling Interests": -95361000.0,
        "Net Income Continuous Operations": -95361000.0,
        "Tax Provision": -3093000.0,
        "Pretax Income": -98454000.0,
        "Other Income Expense": -78582000.0,
        "Other Non Operating Income Expenses": -341000.0,
        "Special Income Charges": -78255000.0,
        "Impairment Of Capital Assets": 78255000.0,
        "Gain On Sale Of Security": 14000.0,
        "Net Non Operating Interest Income Expense": -10274000.0,
        "Interest Expense Non Operating": 10483000.0,
        "Interest Income Non Operating": 209000.0,
        "Operating Income": -9598000.0,
        "Operating Expense": 47235000.0,
        "Depreciation Amortization Depletion Income Statement": 14457000.0,
        "Depreciation And Amortization In Income Statement": 14457000.0,
        "Selling General And Administration": 32778000.0,
        "Gross Profit": 37637000.0,
        "Cost Of Revenue": 30996000.0,
        "Total Revenue": 68633000.0,
        "Operating Revenue": 68633000.0
    },
    "2023-12-31": {
        "Tax Effect Of Unusual Items": -53723.748267,
        "Tax Rate For Calcs": 0.00593,
        "Normalized EBITDA": 2427000.0,
        "Total Unusual Items": -9059000.0,
        "Total Unusual Items Excluding Goodwill": -9059000.0,
        "Net Income From Continuing Operation Net Minority Interest": -33692000.0,
        "Reconciled Depreciation": 15269000.0,
        "Reconciled Cost Of Revenue": 35534000.0,
        "EBITDA": -6632000.0,
        "EBIT": -21901000.0,
        "Net Interest Income": -11440000.0,
        "Interest Expense": 11992000.0,
        "Interest Income": NaN,
        "Normalized Income": -24686723.748267,
        "Net Income From Continuing And Discontinued Operation": -33692000.0,
        "Total Expenses": 85121000.0,
        "Total Operating Income As Reported": 224865000.0,
        "Diluted Average Shares": NaN,
        "Basic Average Shares": NaN,
        "Diluted EPS": NaN,
        "Basic EPS": NaN,
        "Diluted NI Availto Com Stockholders": -33692000.0,
        "Net Income Common Stockholders": -33692000.0,
        "Net Income": -33692000.0,
        "Net Income Including Noncontrolling Interests": -33692000.0,
        "Net Income Continuous Operations": -33692000.0,
        "Tax Provision": -201000.0,
        "Pretax Income": -33893000.0,
        "Other Income Expense": -9798000.0,
        "Other Non Operating Income Expenses": NaN,
        "Special Income Charges": -2609000.0,
        "Impairment Of Capital Assets": 2000.0,
        "Gain On Sale Of Security": -6450000.0,
        "Net Non Operating Interest Income Expense": -11440000.0,
        "Interest Expense Non Operating": 11992000.0,
        "Interest Income Non Operating": NaN,
        "Operating Income": -12655000.0,
        "Operating Expense": 49587000.0,
        "Depreciation Amortization Depletion Income Statement": 15269000.0,
        "Depreciation And Amortization In Income Statement": 15269000.0,
        "Selling General And Administration": 34318000.0,
        "Gross Profit": 36932000.0,
        "Cost Of Revenue": 35534000.0,
        "Total Revenue": 72466000.0,
        "Operating Revenue": 72466000.0
    },
    "2024-03-31": {
        "Tax Effect Of Unusual Items": 54135.613928,
        "Tax Rate For Calcs": 0.023324,
        "Normalized EBITDA": 6570000.0,
        "Total Unusual Items": 2321000.0,
        "Total Unusual Items Excluding Goodwill": 2321000.0,
        "Net Income From Continuing Operation Net Minority Interest": -17587000.0,
        "Reconciled Depreciation": 13958000.0,
        "Reconciled Cost Of Revenue": 33861000.0,
        "EBITDA": 8891000.0,
        "EBIT": -5067000.0,
        "Net Interest Income": -12640000.0,
        "Interest Expense": 12940000.0,
        "Interest Income": 300000.0,
        "Normalized Income": -19853864.386072,
        "Net Income From Continuing And Discontinued Operation": -17587000.0,
        "Total Expenses": 83356000.0,
        "Total Operating Income As Reported": -7381000.0,
        "Diluted Average Shares": 18992074.0,
        "Basic Average Shares": 18992074.0,
        "Diluted EPS": -0.95,
        "Basic EPS": -0.95,
        "Diluted NI Availto Com Stockholders": -17587000.0,
        "Net Income Common Stockholders": -17587000.0,
        "Net Income": -17587000.0,
        "Net Income Including Noncontrolling Interests": -17587000.0,
        "Net Income Continuous Operations": -17587000.0,
        "Tax Provision": -420000.0,
        "Pretax Income": -18007000.0,
        "Other Income Expense": 2014000.0,
        "Other Non Operating Income Expenses": -307000.0,
        "Special Income Charges": NaN,
        "Impairment Of Capital Assets": NaN,
        "Gain On Sale Of Security": 2321000.0,
        "Net Non Operating Interest Income Expense": -12640000.0,
        "Interest Expense Non Operating": 12940000.0,
        "Interest Income Non Operating": 300000.0,
        "Operating Income": -7381000.0,
        "Operating Expense": 49143000.0,
        "Depreciation Amortization Depletion Income Statement": 13606000.0,
        "Depreciation And Amortization In Income Statement": 13606000.0,
        "Selling General And Administration": 35537000.0,
        "Gross Profit": 41762000.0,
        "Cost Of Revenue": 34213000.0,
        "Total Revenue": 75975000.0,
        "Operating Revenue": 75975000.0
    },
    "2024-06-30": {
        "Tax Effect Of Unusual Items": -1192671.169111,
        "Tax Rate For Calcs": 0.019393,
        "Normalized EBITDA": 3660000.0,
        "Total Unusual Items": -61499000.0,
        "Total Unusual Items Excluding Goodwill": -61499000.0,
        "Net Income From Continuing Operation Net Minority Interest": -83633000.0,
        "Reconciled Depreciation": 14423000.0,
        "Reconciled Cost Of Revenue": 29245000.0,
        "EBITDA": -57839000.0,
        "EBIT": -72262000.0,
        "Net Interest Income": -12650000.0,
        "Interest Expense": 13025000.0,
        "Interest Income": 375000.0,
        "Normalized Income": -23326671.169111,
        "Net Income From Continuing And Discontinued Operation": -83633000.0,
        "Total Expenses": 78704000.0,
        "Total Operating Income As Reported": -76700000.0,
        "Diluted Average Shares": 19147677.0,
        "Basic Average Shares": 19147677.0,
        "Diluted EPS": -4.37,
        "Basic EPS": -4.37,
        "Diluted NI Availto Com Stockholders": -83633000.0,
        "Net Income Common Stockholders": -83633000.0,
        "Net Income": -83633000.0,
        "Net Income Including Noncontrolling Interests": -83633000.0,
        "Net Income Continuous Operations": -83633000.0,
        "Tax Provision": -1654000.0,
        "Pretax Income": -85287000.0,
        "Other Income Expense": -61801000.0,
        "Other Non Operating Income Expenses": -302000.0,
        "Special Income Charges": -65864000.0,
        "Impairment Of Capital Assets": 65864000.0,
        "Gain On Sale Of Security": 4365000.0,
        "Net Non Operating Interest Income Expense": -12650000.0,
        "Interest Expense Non Operating": 13025000.0,
        "Interest Income Non Operating": 375000.0,
        "Operating Income": -10836000.0,
        "Operating Expense": 49459000.0,
        "Depreciation Amortization Depletion Income Statement": 14423000.0,
        "Depreciation And Amortization In Income Statement": 14423000.0,
        "Selling General And Administration": 35036000.0,
        "Gross Profit": 38623000.0,
        "Cost Of Revenue": 29245000.0,
        "Total Revenue": 67868000.0,
        "Operating Revenue": 67868000.0
    },
    "2024-09-30": {
        "Tax Effect Of Unusual Items": -7005.247225,
        "Tax Rate For Calcs": 0.020787,
        "Normalized EBITDA": 8002000.0,
        "Total Unusual Items": -337000.0,
        "Total Unusual Items Excluding Goodwill": -337000.0,
        "Net Income From Continuing Operation Net Minority Interest": -19408000.0,
        "Reconciled Depreciation": 14214000.0,
        "Reconciled Cost Of Revenue": 30719000.0,
        "EBITDA": 7665000.0,
        "EBIT": -6549000.0,
        "Net Interest Income": -13059000.0,
        "Interest Expense": 13271000.0,
        "Interest Income": 212000.0,
        "Normalized Income": -19078005.247225,
        "Net Income From Continuing And Discontinued Operation": -19408000.0,
        "Total Expenses": 74546000.0,
        "Total Operating Income As Reported": -5626000.0,
        "Diluted Average Shares": 19458102.0,
        "Basic Average Shares": 19458102.0,
        "Diluted EPS": -1.0,
        "Basic EPS": -1.0,
        "Diluted NI Availto Com Stockholders": -19408000.0,
        "Net Income Common Stockholders": -19408000.0,
        "Net Income": -19408000.0,
        "Net Income Including Noncontrolling Interests": -19408000.0,
        "Net Income Continuous Operations": -19408000.0,
        "Tax Provision": -412000.0,
        "Pretax Income": -19820000.0,
        "Other Income Expense": -1135000.0,
        "Other Non Operating Income Expenses": -798000.0,
        "Special Income Charges": 0.0,
        "Impairment Of Capital Assets": 0.0,
        "Gain On Sale Of Security": -337000.0,
        "Net Non Operating Interest Income Expense": -13059000.0,
        "Interest Expense Non Operating": 13271000.0,
        "Interest Income Non Operating": 212000.0,
        "Operating Income": -5626000.0,
        "Operating Expense": 43827000.0,
        "Depreciation Amortization Depletion Income Statement": 14214000.0,
        "Depreciation And Amortization In Income Statement": 14214000.0,
        "Selling General And Administration": 29613000.0,
        "Gross Profit": 38201000.0,
        "Cost Of Revenue": 30719000.0,
        "Total Revenue": 68920000.0,
        "Operating Revenue": 68920000.0
    }
}