{
    "2023-06-30": {
        "Tax Effect Of Unusual Items": NaN,
        "Tax Rate For Calcs": NaN,
        "Total Unusual Items": -139000.0,
        "Total Unusual Items Excluding Goodwill": -139000.0,
        "Net Income From Continuing Operation Net Minority Interest": NaN,
        "Reconciled Depreciation": NaN,
        "Net Interest Income": NaN,
        "Interest Expense": NaN,
        "Interest Income": NaN,
        "Normalized Income": NaN,
        "Net Income From Continuing And Discontinued Operation": NaN,
        "Diluted Average Shares": 63667000.0,
        "Basic Average Shares": 63667000.0,
        "Diluted EPS": 0.19,
        "Basic EPS": 0.19,
        "Diluted NI Availto Com Stockholders": NaN,
        "Net Income Common Stockholders": NaN,
        "Net Income": NaN,
        "Net Income Including Noncontrolling Interests": NaN,
        "Net Income Continuous Operations": NaN,
        "Tax Provision": NaN,
        "Pretax Income": NaN,
        "Gain On Sale Of Security": 0.0,
        "Selling General And Administration": NaN,
        "Selling And Marketing Expense": NaN,
        "General And Administrative Expense": NaN,
        "Insurance And Claims": NaN,
        "Salaries And Wages": NaN,
        "Total Revenue": NaN,
        "Operating Revenue": NaN,
        "Occupancy And Equipment": NaN,
        "Other Non Interest Expense": NaN
    },
    "2023-03-31": {
        "Tax Effect Of Unusual Items": NaN,
        "Tax Rate For Calcs": NaN,
        "Total Unusual Items": 0.0,
        "Total Unusual Items Excluding Goodwill": 0.0,
        "Net Income From Continuing Operation Net Minority Interest": NaN,
        "Reconciled Depreciation": NaN,
        "Net Interest Income": NaN,
        "Interest Expense": NaN,
        "Interest Income": NaN,
        "Normalized Income": NaN,
        "Net Income From Continuing And Discontinued Operation": NaN,
        "Diluted Average Shares": NaN,
        "Basic Average Shares": NaN,
        "Diluted EPS": NaN,
        "Basic EPS": NaN,
        "Diluted NI Availto Com Stockholders": NaN,
        "Net Income Common Stockholders": NaN,
        "Net Income": NaN,
        "Net Income Including Noncontrolling Interests": NaN,
        "Net Income Continuous Operations": NaN,
        "Tax Provision": NaN,
        "Pretax Income": NaN,
        "Gain On Sale Of Security": 0.0,
        "Selling General And Administration": NaN,
        "Selling And Marketing Expense": NaN,
        "General And Administrative Expense": NaN,
        "Insurance And Claims": NaN,
        "Salaries And Wages": NaN,
        "Total Revenue": NaN,
        "Operating Revenue": NaN,
        "Occupancy And Equipment": NaN,
        "Other Non Interest Expense": NaN
    },
    "2022-12-31": {
        "Tax Effect Of Unusual Items": NaN,
        "Tax Rate For Calcs": NaN,
        "Total Unusual Items": 0.0,
        "Total Unusual Items Excluding Goodwill": 0.0,
        "Net Income From Continuing Operation Net Minority Interest": NaN,
        "Reconciled Depreciation": NaN,
        "Net Interest Income": NaN,
        "Interest Expense": NaN,
        "Interest Income": NaN,
        "Normalized Income": NaN,
        "Net Income From Continuing And Discontinued Operation": NaN,
        "Diluted Average Shares": NaN,
        "Basic Average Shares": NaN,
        "Diluted EPS": NaN,
        "Basic EPS": NaN,
        "Diluted NI Availto Com Stockholders": NaN,
        "Net Income Common Stockholders": NaN,
        "Net Income": NaN,
        "Net Income Including Noncontrolling Interests": NaN,
        "Net Income Continuous Operations": NaN,
        "Tax Provision": NaN,
        "Pretax Income": NaN,
        "Gain On Sale Of Security": -15227000.0,
        "Selling General And Administration": NaN,
        "Selling And Marketing Expense": NaN,
        "General And Administrative Expense": NaN,
        "Insurance And Claims": NaN,
        "Salaries And Wages": NaN,
        "Total Revenue": NaN,
        "Operating Revenue": NaN,
        "Occupancy And Equipment": NaN,
        "Other Non Interest Expense": NaN
    },
    "2022-09-30": {
        "Tax Effect Of Unusual Items": 0.0,
        "Tax Rate For Calcs": 0.241,
        "Total Unusual Items": 0.0,
        "Total Unusual Items Excluding Goodwill": 0.0,
        "Net Income From Continuing Operation Net Minority Interest": 16535000.0,
        "Reconciled Depreciation": 1616000.0,
        "Net Interest Income": 48531000.0,
        "Interest Expense": 15889000.0,
        "Interest Income": 64420000.0,
        "Normalized Income": 16535000.0,
        "Net Income From Continuing And Discontinued Operation": 16535000.0,
        "Diluted Average Shares": 65756000.0,
        "Basic Average Shares": 65737000.0,
        "Diluted EPS": 0.25,
        "Basic EPS": 0.25,
        "Diluted NI Availto Com Stockholders": 16535000.0,
        "Net Income Common Stockholders": 16535000.0,
        "Net Income": 16535000.0,
        "Net Income Including Noncontrolling Interests": 16535000.0,
        "Net Income Continuous Operations": 16535000.0,
        "Tax Provision": 5255000.0,
        "Pretax Income": 21790000.0,
        "Gain On Sale Of Security": 0.0,
        "Selling General And Administration": 22341000.0,
        "Selling And Marketing Expense": 747000.0,
        "General And Administrative Expense": 21594000.0,
        "Insurance And Claims": 906000.0,
        "Salaries And Wages": 20688000.0,
        "Total Revenue": 54448000.0,
        "Operating Revenue": 54448000.0
    },
    "2022-06-30": {
        "Tax Effect Of Unusual Items": -2430.0,
        "Tax Rate For Calcs": 0.27,
        "Total Unusual Items": -9000.0,
        "Total Unusual Items Excluding Goodwill": -9000.0,
        "Net Income From Continuing Operation Net Minority Interest": 11370000.0,
        "Reconciled Depreciation": 1647000.0,
        "Net Interest Income": 50599000.0,
        "Interest Expense": 7954000.0,
        "Interest Income": 58553000.0,
        "Normalized Income": 11376570.0,
        "Net Income From Continuing And Discontinued Operation": 11370000.0,
        "Diluted Average Shares": 67270000.0,
        "Basic Average Shares": 67254000.0,
        "Diluted EPS": 0.17,
        "Basic EPS": 0.17,
        "Diluted NI Availto Com Stockholders": 11370000.0,
        "Net Income Common Stockholders": 11370000.0,
        "Net Income": 11370000.0,
        "Net Income Including Noncontrolling Interests": 11370000.0,
        "Net Income Continuous Operations": 11370000.0,
        "Tax Provision": 4205000.0,
        "Pretax Income": 15575000.0,
        "Special Income Charges": 0.0,
        "Restructuring And Mergern Acquisition": 0.0,
        "Gain On Sale Of Security": -563000.0,
        "Selling General And Administration": 22172000.0,
        "Selling And Marketing Expense": 703000.0,
        "General And Administrative Expense": 21469000.0,
        "Insurance And Claims": 762000.0,
        "Salaries And Wages": 20707000.0,
        "Total Revenue": 53409000.0,
        "Operating Revenue": 53409000.0
    },
    "2022-03-31": {
        "Diluted EPS": 0.25,
        "Total Revenue": 58,
        "Gross Profit": 51,
        "Operating Income": 24,
        "EBIT": NaN,
        "Net Income": 18
    },
    "2021-12-31": {
        "Diluted EPS": 0.26,
        "Total Revenue": 60,
        "Gross Profit": 53,
        "Operating Income": 26,
        "EBIT": NaN,
        "Net Income": 19
    },
    "2021-09-30": {
        "Diluted EPS": 0.26,
        "Total Revenue": 61,
        "Gross Profit": 53,
        "Operating Income": 27,
        "EBIT": NaN,
        "Net Income": 20
    },
    "2021-06-30": {
        "Diluted EPS": 0.24,
        "Total Revenue": 61,
        "Gross Profit": 53,
        "Operating Income": 26,
        "EBIT": NaN,
        "Net Income": 18
    },
    "2021-03-31": {
        "Diluted EPS": 0.2,
        "Total Revenue": 64,
        "Gross Profit": 53,
        "Operating Income": 22,
        "EBIT": NaN,
        "Net Income": 16
    },
    "2020-12-31": {
        "Diluted EPS": 0.2,
        "Total Revenue": 66,
        "Gross Profit": 52,
        "Operating Income": 23,
        "EBIT": NaN,
        "Net Income": 17
    },
    "2020-09-30": {
        "Diluted EPS": 0.13,
        "Total Revenue": 69,
        "Gross Profit": 52,
        "Operating Income": 19,
        "EBIT": NaN,
        "Net Income": 11
    },
    "2020-06-30": {
        "Diluted EPS": 0.18,
        "Total Revenue": 62,
        "Gross Profit": 45,
        "Operating Income": 19,
        "EBIT": NaN,
        "Net Income": 14
    },
    "2020-03-31": {
        "Diluted EPS": 0.11,
        "Total Revenue": 65,
        "Gross Profit": 44,
        "Operating Income": 10,
        "EBIT": NaN,
        "Net Income": 9
    },
    "2019-12-31": {
        "Diluted EPS": 0.13,
        "Total Revenue": 62,
        "Gross Profit": 39,
        "Operating Income": 14,
        "EBIT": NaN,
        "Net Income": 11
    },
    "2019-09-30": {
        "Diluted EPS": 0.13,
        "Total Revenue": 64,
        "Gross Profit": 41,
        "Operating Income": 15,
        "EBIT": NaN,
        "Net Income": 11
    },
    "2019-06-30": {
        "Diluted EPS": 0.09,
        "Total Revenue": 63,
        "Gross Profit": 41,
        "Operating Income": 11,
        "EBIT": NaN,
        "Net Income": 9
    },
    "2019-03-31": {
        "Diluted EPS": 0.13,
        "Total Revenue": 63,
        "Gross Profit": 42,
        "Operating Income": 16,
        "EBIT": NaN,
        "Net Income": 11
    },
    "2018-12-31": {
        "Diluted EPS": 0.12,
        "Total Revenue": 63,
        "Gross Profit": 43,
        "Operating Income": 14,
        "EBIT": NaN,
        "Net Income": 11
    },
    "2018-09-30": {
        "Diluted EPS": 0.12,
        "Total Revenue": 61,
        "Gross Profit": 43,
        "Operating Income": 15,
        "EBIT": NaN,
        "Net Income": 11
    },
    "2018-06-30": {
        "Diluted EPS": 0.08,
        "Total Revenue": 61,
        "Gross Profit": 44,
        "Operating Income": 17,
        "EBIT": NaN,
        "Net Income": 8
    },
    "2018-03-31": {
        "Diluted EPS": 0.07,
        "Total Revenue": 42,
        "Gross Profit": 31,
        "Operating Income": 8,
        "EBIT": NaN,
        "Net Income": 5
    },
    "2017-12-31": {
        "Diluted EPS": 0.02,
        "Total Revenue": 41,
        "Gross Profit": 30,
        "Operating Income": 8,
        "EBIT": NaN,
        "Net Income": 1
    },
    "2017-09-30": {
        "Diluted EPS": 0.07,
        "Total Revenue": 41,
        "Gross Profit": 30,
        "Operating Income": 8,
        "EBIT": NaN,
        "Net Income": 5
    },
    "2017-06-30": {
        "Diluted EPS": 0.06,
        "Total Revenue": 40,
        "Gross Profit": 30,
        "Operating Income": 7,
        "EBIT": NaN,
        "Net Income": 4
    },
    "2017-03-31": {
        "Diluted EPS": 0.05,
        "Total Revenue": 37,
        "Gross Profit": 28,
        "Operating Income": 6,
        "EBIT": NaN,
        "Net Income": 4
    },
    "2016-12-31": {
        "Diluted EPS": 0.06,
        "Total Revenue": 38,
        "Gross Profit": 29,
        "Operating Income": 8,
        "EBIT": NaN,
        "Net Income": 5
    },
    "2016-09-30": {
        "Diluted EPS": 0.05,
        "Total Revenue": 35,
        "Gross Profit": 27,
        "Operating Income": 7,
        "EBIT": NaN,
        "Net Income": 5
    },
    "2016-06-30": {
        "Diluted EPS": 0.06,
        "Total Revenue": 36,
        "Gross Profit": 27,
        "Operating Income": 8,
        "EBIT": NaN,
        "Net Income": 5
    },
    "2016-03-31": {
        "Diluted EPS": 0.05,
        "Total Revenue": 35,
        "Gross Profit": 27,
        "Operating Income": 6,
        "EBIT": NaN,
        "Net Income": 4
    },
    "2015-12-31": {
        "Diluted EPS": 0.04,
        "Total Revenue": 34,
        "Gross Profit": 26,
        "Operating Income": 5,
        "EBIT": NaN,
        "Net Income": 4
    },
    "2015-09-30": {
        "Diluted EPS": 0.03,
        "Total Revenue": 32,
        "Gross Profit": 25,
        "Operating Income": 4,
        "EBIT": NaN,
        "Net Income": 3
    },
    "2015-06-30": {
        "Diluted EPS": -0.03,
        "Total Revenue": 29,
        "Gross Profit": 22,
        "Operating Income": -7,
        "EBIT": NaN,
        "Net Income": -3
    },
    "2015-03-31": {
        "Diluted EPS": 0.04,
        "Total Revenue": 30,
        "Gross Profit": 24,
        "Operating Income": 5,
        "EBIT": NaN,
        "Net Income": 4
    },
    "2014-12-31": {
        "Diluted EPS": 0.02,
        "Total Revenue": 28,
        "Gross Profit": 21,
        "Operating Income": 3,
        "EBIT": NaN,
        "Net Income": 2
    },
    "2014-09-30": {
        "Diluted EPS": 0.03,
        "Total Revenue": 27,
        "Gross Profit": 21,
        "Operating Income": 3,
        "EBIT": NaN,
        "Net Income": 3
    },
    "2014-06-30": {
        "Diluted EPS": 0.02,
        "Total Revenue": 27,
        "Gross Profit": 21,
        "Operating Income": 4,
        "EBIT": NaN,
        "Net Income": 3
    },
    "2014-03-31": {
        "Diluted EPS": 0.02,
        "Total Revenue": 26,
        "Gross Profit": 21,
        "Operating Income": 3,
        "EBIT": NaN,
        "Net Income": 2
    },
    "2013-12-31": {
        "Diluted EPS": 0.04,
        "Total Revenue": 26,
        "Gross Profit": 20,
        "Operating Income": 4,
        "EBIT": NaN,
        "Net Income": 3
    },
    "2013-09-30": {
        "Diluted EPS": 0.03,
        "Total Revenue": 25,
        "Gross Profit": 20,
        "Operating Income": 4,
        "EBIT": NaN,
        "Net Income": 3
    },
    "2013-06-30": {
        "Diluted EPS": 0.01,
        "Total Revenue": 23,
        "Gross Profit": 19,
        "Operating Income": 3,
        "EBIT": NaN,
        "Net Income": 2
    },
    "2013-03-31": {
        "Diluted EPS": 0.02,
        "Total Revenue": 33,
        "Gross Profit": 27,
        "Operating Income": 2,
        "EBIT": NaN,
        "Net Income": 2
    },
    "2012-12-31": {
        "Diluted EPS": 0.02,
        "Total Revenue": 24,
        "Gross Profit": 18,
        "Operating Income": 2,
        "EBIT": NaN,
        "Net Income": 1
    },
    "2012-09-30": {
        "Diluted EPS": 0.02,
        "Total Revenue": 24,
        "Gross Profit": 18,
        "Operating Income": 2,
        "EBIT": NaN,
        "Net Income": 2
    },
    "2012-06-30": {
        "Diluted EPS": 0.02,
        "Total Revenue": 25,
        "Gross Profit": 19,
        "Operating Income": 2,
        "EBIT": NaN,
        "Net Income": 1
    },
    "2012-03-31": {
        "Diluted EPS": 0.02,
        "Total Revenue": 25,
        "Gross Profit": 18,
        "Operating Income": 2,
        "EBIT": NaN,
        "Net Income": 1
    },
    "2011-12-31": {
        "Diluted EPS": 0.01,
        "Total Revenue": 24,
        "Gross Profit": 17,
        "Operating Income": 1,
        "EBIT": NaN,
        "Net Income": 0
    },
    "2011-09-30": {
        "Diluted EPS": 0.02,
        "Total Revenue": 26,
        "Gross Profit": 19,
        "Operating Income": 3,
        "EBIT": NaN,
        "Net Income": 2
    },
    "2011-06-30": {
        "Diluted EPS": 0.04,
        "Total Revenue": 29,
        "Gross Profit": 22,
        "Operating Income": 6,
        "EBIT": NaN,
        "Net Income": 4
    },
    "2011-03-31": {
        "Diluted EPS": 0.03,
        "Total Revenue": 27,
        "Gross Profit": 20,
        "Operating Income": 4,
        "EBIT": NaN,
        "Net Income": 3
    },
    "2010-12-31": {
        "Diluted EPS": 0.0,
        "Total Revenue": 25,
        "Gross Profit": 17,
        "Operating Income": 4,
        "EBIT": NaN,
        "Net Income": 0
    },
    "2010-09-30": {
        "Diluted EPS": 0.02,
        "Total Revenue": 24,
        "Gross Profit": 15,
        "Operating Income": 2,
        "EBIT": NaN,
        "Net Income": 1
    },
    "2010-06-30": {
        "Diluted EPS": 0.02,
        "Total Revenue": 24,
        "Gross Profit": 16,
        "Operating Income": 4,
        "EBIT": NaN,
        "Net Income": 2
    },
    "2010-03-31": {
        "Diluted EPS": 0.02,
        "Total Revenue": 24,
        "Gross Profit": 15,
        "Operating Income": 3,
        "EBIT": NaN,
        "Net Income": 2
    },
    "2009-12-31": {
        "Diluted EPS": 0.02,
        "Total Revenue": 24,
        "Gross Profit": 15,
        "Operating Income": 3,
        "EBIT": NaN,
        "Net Income": 2
    },
    "2009-09-30": {
        "Diluted EPS": 0.02,
        "Total Revenue": 24,
        "Gross Profit": 14,
        "Operating Income": 2,
        "EBIT": NaN,
        "Net Income": 1
    },
    "2009-06-30": {
        "Diluted EPS": 0.01,
        "Total Revenue": 24,
        "Gross Profit": 14,
        "Operating Income": 2,
        "EBIT": NaN,
        "Net Income": 1
    },
    "2009-03-31": {
        "Diluted EPS": 0.02,
        "Total Revenue": 24,
        "Gross Profit": 13,
        "Operating Income": 2,
        "EBIT": NaN,
        "Net Income": 1
    },
    "2023-09-30": {
        "Tax Effect Of Unusual Items": 0.0,
        "Tax Rate For Calcs": 0.2516,
        "Total Unusual Items": NaN,
        "Total Unusual Items Excluding Goodwill": NaN,
        "Net Income From Continuing Operation Net Minority Interest": 9842000.0,
        "Reconciled Depreciation": 1364000.0,
        "Net Interest Income": 39160000.0,
        "Interest Expense": 42008000.0,
        "Interest Income": 81168000.0,
        "Normalized Income": 9842000.0,
        "Net Income From Continuing And Discontinued Operation": 9842000.0,
        "Diluted Average Shares": 63061000.0,
        "Basic Average Shares": 63014000.0,
        "Diluted EPS": 0.16,
        "Basic EPS": 0.16,
        "Diluted NI Availto Com Stockholders": 9842000.0,
        "Net Income Common Stockholders": 9842000.0,
        "Net Income": 9842000.0,
        "Net Income Including Noncontrolling Interests": 9842000.0,
        "Net Income Continuous Operations": 9842000.0,
        "Tax Provision": 3309000.0,
        "Pretax Income": 13151000.0,
        "Gain On Sale Of Security": NaN,
        "Selling General And Administration": 19906000.0,
        "Selling And Marketing Expense": 228000.0,
        "General And Administrative Expense": 19678000.0,
        "Insurance And Claims": 1524000.0,
        "Salaries And Wages": 18154000.0,
        "Total Revenue": 43170000.0,
        "Operating Revenue": 43170000.0,
        "Occupancy And Equipment": 6559000.0,
        "Other Non Interest Expense": 3309000.0
    },
    "2023-12-31": {
        "Tax Effect Of Unusual Items": -204540.0,
        "Tax Rate For Calcs": 0.21,
        "Total Unusual Items": -974000.0,
        "Total Unusual Items Excluding Goodwill": -974000.0,
        "Net Income From Continuing Operation Net Minority Interest": -13827000.0,
        "Reconciled Depreciation": 1330000.0,
        "Net Interest Income": 35839000.0,
        "Interest Expense": 46786000.0,
        "Interest Income": 82625000.0,
        "Normalized Income": -13057540.0,
        "Net Income From Continuing And Discontinued Operation": -13827000.0,
        "Diluted Average Shares": 62367000.0,
        "Basic Average Shares": 62299000.0,
        "Diluted EPS": -0.14,
        "Basic EPS": -0.14,
        "Diluted NI Availto Com Stockholders": -13827000.0,
        "Net Income Common Stockholders": -13827000.0,
        "Net Income": -13827000.0,
        "Net Income Including Noncontrolling Interests": -13827000.0,
        "Net Income Continuous Operations": -13827000.0,
        "Tax Provision": 1782000.0,
        "Pretax Income": -12045000.0,
        "Gain On Sale Of Security": -18135000.0,
        "Selling General And Administration": 19471000.0,
        "Selling And Marketing Expense": 301000.0,
        "General And Administrative Expense": 19170000.0,
        "Insurance And Claims": 1495000.0,
        "Salaries And Wages": 17675000.0,
        "Total Revenue": 19827000.0,
        "Operating Revenue": 19827000.0,
        "Occupancy And Equipment": 6488000.0,
        "Other Non Interest Expense": 3808000.0
    },
    "2024-03-31": {
        "Tax Effect Of Unusual Items": 0.0,
        "Tax Rate For Calcs": 0.1884,
        "Total Unusual Items": 0.0,
        "Total Unusual Items Excluding Goodwill": 0.0,
        "Net Income From Continuing Operation Net Minority Interest": 7397000.0,
        "Reconciled Depreciation": 1296000.0,
        "Net Interest Income": 34319000.0,
        "Interest Expense": 47766000.0,
        "Interest Income": 82085000.0,
        "Normalized Income": 7397000.0,
        "Net Income From Continuing And Discontinued Operation": 7397000.0,
        "Diluted Average Shares": 62211000.0,
        "Basic Average Shares": 62205000.0,
        "Diluted EPS": 0.12,
        "Basic EPS": 0.12,
        "Diluted NI Availto Com Stockholders": 7397000.0,
        "Net Income Common Stockholders": 7397000.0,
        "Net Income": 7397000.0,
        "Net Income Including Noncontrolling Interests": 7397000.0,
        "Net Income Continuous Operations": 7397000.0,
        "Tax Provision": 1717000.0,
        "Pretax Income": 9114000.0,
        "Gain On Sale Of Security": 0.0,
        "Selling General And Administration": 19087000.0,
        "Selling And Marketing Expense": 387000.0,
        "General And Administrative Expense": 18700000.0,
        "Insurance And Claims": 1429000.0,
        "Salaries And Wages": 17271000.0,
        "Total Revenue": 38522000.0,
        "Operating Revenue": 38522000.0,
        "Occupancy And Equipment": 6686000.0,
        "Other Non Interest Expense": 3286000.0
    },
    "2024-06-30": {
        "Tax Effect Of Unusual Items": -981233.131127,
        "Tax Rate For Calcs": 0.010077,
        "Total Unusual Items": -97370000.0,
        "Total Unusual Items Excluding Goodwill": -97370000.0,
        "Net Income From Continuing Operation Net Minority Interest": -90079000.0,
        "Reconciled Depreciation": 1266000.0,
        "Net Interest Income": 33276000.0,
        "Interest Expense": 49714000.0,
        "Interest Income": 82990000.0,
        "Normalized Income": 6309766.868873,
        "Net Income From Continuing And Discontinued Operation": -90079000.0,
        "Diluted Average Shares": NaN,
        "Basic Average Shares": NaN,
        "Diluted EPS": NaN,
        "Basic EPS": NaN,
        "Diluted NI Availto Com Stockholders": -90079000.0,
        "Net Income Common Stockholders": -90079000.0,
        "Net Income": -90079000.0,
        "Net Income Including Noncontrolling Interests": -90079000.0,
        "Net Income Continuous Operations": -90079000.0,
        "Tax Provision": -917000.0,
        "Pretax Income": -90996000.0,
        "Gain On Sale Of Security": 0.0,
        "Selling General And Administration": 19638000.0,
        "Selling And Marketing Expense": 480000.0,
        "General And Administrative Expense": 19158000.0,
        "Insurance And Claims": 1532000.0,
        "Salaries And Wages": 17626000.0,
        "Total Revenue": 39082000.0,
        "Operating Revenue": 39082000.0,
        "Occupancy And Equipment": 6523000.0,
        "Other Non Interest Expense": 3020000.0
    },
    "2024-09-30": {
        "Tax Effect Of Unusual Items": 0.0,
        "Tax Rate For Calcs": 0.1513,
        "Total Unusual Items": NaN,
        "Total Unusual Items Excluding Goodwill": NaN,
        "Net Income From Continuing Operation Net Minority Interest": 6092000.0,
        "Reconciled Depreciation": 1234000.0,
        "Net Interest Income": 32446000.0,
        "Interest Expense": 50806000.0,
        "Interest Income": 83252000.0,
        "Normalized Income": 6092000.0,
        "Net Income From Continuing And Discontinued Operation": 6092000.0,
        "Diluted Average Shares": 62420000.0,
        "Basic Average Shares": 62389000.0,
        "Diluted EPS": 0.1,
        "Basic EPS": 0.1,
        "Diluted NI Availto Com Stockholders": 6092000.0,
        "Net Income Common Stockholders": 6092000.0,
        "Net Income": 6092000.0,
        "Net Income Including Noncontrolling Interests": 6092000.0,
        "Net Income Continuous Operations": 6092000.0,
        "Tax Provision": 1086000.0,
        "Pretax Income": 7178000.0,
        "Gain On Sale Of Security": NaN,
        "Selling General And Administration": 19764000.0,
        "Selling And Marketing Expense": 342000.0,
        "General And Administrative Expense": 19422000.0,
        "Insurance And Claims": 1563000.0,
        "Salaries And Wages": 17859000.0,
        "Total Revenue": 37072000.0,
        "Operating Revenue": 37072000.0,
        "Occupancy And Equipment": 6658000.0,
        "Other Non Interest Expense": 3364000.0
    }
}