{
    "2023-03-31": {
        "Tax Effect Of Unusual Items": 1467420.81448,
        "Tax Rate For Calcs": 0.312217,
        "Normalized EBITDA": -8600000.0,
        "Total Unusual Items": 4700000.0,
        "Total Unusual Items Excluding Goodwill": 4700000.0,
        "Net Income From Continuing Operation Net Minority Interest": -15200000.0,
        "Reconciled Depreciation": 14000000.0,
        "Reconciled Cost Of Revenue": 395500000.0,
        "EBITDA": -3900000.0,
        "EBIT": -17900000.0,
        "Net Interest Income": -2200000.0,
        "Interest Expense": 4200000.0,
        "Interest Income": 2000000.0,
        "Normalized Income": -18432579.18552,
        "Net Income From Continuing And Discontinued Operation": -15200000.0,
        "Total Expenses": 450900000.0,
        "Total Operating Income As Reported": -18300000.0,
        "Diluted Average Shares": 115300000.0,
        "Basic Average Shares": 115300000.0,
        "Diluted EPS": -0.13,
        "Basic EPS": -0.13,
        "Diluted NI Availto Com Stockholders": -15200000.0,
        "Net Income Common Stockholders": -15200000.0,
        "Net Income": -15200000.0,
        "Net Income Including Noncontrolling Interests": -15200000.0,
        "Net Income Continuous Operations": -15200000.0,
        "Tax Provision": -6900000.0,
        "Pretax Income": -22100000.0,
        "Other Income Expense": 4700000.0,
        "Other Non Operating Income Expenses": -900000.0,
        "Gain On Sale Of Security": 4700000.0,
        "Net Non Operating Interest Income Expense": -2200000.0,
        "Interest Expense Non Operating": 4200000.0,
        "Interest Income Non Operating": 2000000.0,
        "Operating Income": -24600000.0,
        "Operating Expense": 55400000.0,
        "Other Operating Expenses": 1300000.0,
        "Selling General And Administration": 54100000.0,
        "General And Administrative Expense": 54100000.0,
        "Other Gand A": 53200000.0,
        "Salaries And Wages": 900000.0,
        "Gross Profit": 30800000.0,
        "Cost Of Revenue": 395500000.0,
        "Total Revenue": 426300000.0,
        "Operating Revenue": 426300000.0
    },
    "2022-12-31": {
        "Tax Effect Of Unusual Items": -1205241.935484,
        "Tax Rate For Calcs": 0.197581,
        "Normalized EBITDA": -1000000.0,
        "Total Unusual Items": -6100000.0,
        "Total Unusual Items Excluding Goodwill": -6100000.0,
        "Net Income From Continuing Operation Net Minority Interest": -19900000.0,
        "Reconciled Depreciation": 13800000.0,
        "Reconciled Cost Of Revenue": 305100000.0,
        "EBITDA": -7100000.0,
        "EBIT": -20900000.0,
        "Net Interest Income": -900000.0,
        "Interest Expense": 3900000.0,
        "Interest Income": 3000000.0,
        "Normalized Income": -15005241.935484,
        "Net Income From Continuing And Discontinued Operation": -19900000.0,
        "Total Expenses": 360200000.0,
        "Total Operating Income As Reported": -19700000.0,
        "Diluted Average Shares": 115400000.0,
        "Basic Average Shares": 115400000.0,
        "Diluted EPS": -0.18,
        "Basic EPS": -0.18,
        "Diluted NI Availto Com Stockholders": -19900000.0,
        "Net Income Common Stockholders": -19900000.0,
        "Net Income": -19900000.0,
        "Net Income Including Noncontrolling Interests": -19900000.0,
        "Net Income Continuous Operations": -19900000.0,
        "Tax Provision": -4900000.0,
        "Pretax Income": -24800000.0,
        "Other Income Expense": -6100000.0,
        "Other Non Operating Income Expenses": -3700000.0,
        "Gain On Sale Of Security": -6100000.0,
        "Net Non Operating Interest Income Expense": -900000.0,
        "Interest Expense Non Operating": 3900000.0,
        "Interest Income Non Operating": 3000000.0,
        "Operating Income": -17800000.0,
        "Operating Expense": 55100000.0,
        "Other Operating Expenses": -11400000.0,
        "Selling General And Administration": 66500000.0,
        "General And Administrative Expense": 66500000.0,
        "Other Gand A": 62800000.0,
        "Salaries And Wages": 3700000.0,
        "Gross Profit": 37300000.0,
        "Cost Of Revenue": 305100000.0,
        "Total Revenue": 342400000.0,
        "Operating Revenue": 342400000.0
    },
    "2022-09-30": {
        "Tax Effect Of Unusual Items": 205405.405405,
        "Tax Rate For Calcs": 0.054054,
        "Normalized EBITDA": 36600000.0,
        "Total Unusual Items": 3800000.0,
        "Total Unusual Items Excluding Goodwill": 3800000.0,
        "Net Income From Continuing Operation Net Minority Interest": 21000000.0,
        "Reconciled Depreciation": 14000000.0,
        "Reconciled Cost Of Revenue": 375600000.0,
        "EBITDA": 40400000.0,
        "EBIT": 26400000.0,
        "Net Interest Income": -2800000.0,
        "Interest Expense": 4200000.0,
        "Interest Income": 1400000.0,
        "Normalized Income": 17405405.405405,
        "Net Income From Continuing And Discontinued Operation": 21000000.0,
        "Total Expenses": 435500000.0,
        "Total Operating Income As Reported": 30800000.0,
        "Diluted Average Shares": 115500000.0,
        "Basic Average Shares": 115500000.0,
        "Diluted EPS": 0.18,
        "Basic EPS": 0.18,
        "Diluted NI Availto Com Stockholders": 21000000.0,
        "Net Income Common Stockholders": 21000000.0,
        "Net Income": 21000000.0,
        "Net Income Including Noncontrolling Interests": 21000000.0,
        "Net Income Continuous Operations": 21000000.0,
        "Tax Provision": 1200000.0,
        "Pretax Income": 22200000.0,
        "Other Income Expense": 900000.0,
        "Other Non Operating Income Expenses": -2900000.0,
        "Gain On Sale Of Security": 3800000.0,
        "Net Non Operating Interest Income Expense": -2800000.0,
        "Interest Expense Non Operating": 4200000.0,
        "Interest Income Non Operating": 1400000.0,
        "Operating Income": 24100000.0,
        "Operating Expense": 59900000.0,
        "Other Operating Expenses": 900000.0,
        "Selling General And Administration": 59000000.0,
        "General And Administrative Expense": 61900000.0,
        "Other Gand A": 59000000.0,
        "Salaries And Wages": 2900000.0,
        "Gross Profit": 84000000.0,
        "Cost Of Revenue": 375600000.0,
        "Total Revenue": 459600000.0,
        "Operating Revenue": 459600000.0
    },
    "2022-06-30": {
        "Tax Effect Of Unusual Items": 3462273.476112,
        "Tax Rate For Calcs": 0.243822,
        "Normalized EBITDA": 64900000.0,
        "Total Unusual Items": 14200000.0,
        "Total Unusual Items Excluding Goodwill": 14200000.0,
        "Net Income From Continuing Operation Net Minority Interest": 45900000.0,
        "Reconciled Depreciation": 14100000.0,
        "Reconciled Cost Of Revenue": 444800000.0,
        "EBITDA": 79100000.0,
        "EBIT": 65000000.0,
        "Net Interest Income": -3700000.0,
        "Interest Expense": 4300000.0,
        "Interest Income": 600000.0,
        "Normalized Income": 35162273.476112,
        "Net Income From Continuing And Discontinued Operation": 45900000.0,
        "Total Expenses": 512000000.0,
        "Total Operating Income As Reported": 65200000.0,
        "Diluted Average Shares": 115500000.0,
        "Basic Average Shares": 115500000.0,
        "Diluted EPS": 0.4,
        "Basic EPS": 0.4,
        "Diluted NI Availto Com Stockholders": 45900000.0,
        "Net Income Common Stockholders": 45900000.0,
        "Net Income": 45900000.0,
        "Net Income Including Noncontrolling Interests": 45900000.0,
        "Net Income Continuous Operations": 45900000.0,
        "Tax Provision": 14800000.0,
        "Pretax Income": 60700000.0,
        "Other Income Expense": 11100000.0,
        "Other Non Operating Income Expenses": -3100000.0,
        "Gain On Sale Of Security": 14200000.0,
        "Net Non Operating Interest Income Expense": -3700000.0,
        "Interest Expense Non Operating": 4300000.0,
        "Interest Income Non Operating": 600000.0,
        "Operating Income": 53300000.0,
        "Operating Expense": 67200000.0,
        "Other Operating Expenses": 4000000.0,
        "Selling General And Administration": 63200000.0,
        "General And Administrative Expense": 66300000.0,
        "Other Gand A": 63200000.0,
        "Salaries And Wages": 3100000.0,
        "Gross Profit": 120500000.0,
        "Cost Of Revenue": 444800000.0,
        "Total Revenue": 565300000.0,
        "Operating Revenue": 565300000.0
    },
    "2023-06-30": {
        "Tax Effect Of Unusual Items": 833333.333333,
        "Tax Rate For Calcs": 0.333333,
        "Normalized EBITDA": 2300000.0,
        "Total Unusual Items": 2500000.0,
        "Total Unusual Items Excluding Goodwill": 2500000.0,
        "Net Income From Continuing Operation Net Minority Interest": -8200000.0,
        "Reconciled Depreciation": 12800000.0,
        "Reconciled Cost Of Revenue": 399100000.0,
        "EBITDA": 4800000.0,
        "EBIT": -8000000.0,
        "Net Interest Income": -2800000.0,
        "Interest Expense": 4300000.0,
        "Interest Income": 1500000.0,
        "Normalized Income": -9866666.666667,
        "Net Income From Continuing And Discontinued Operation": -8200000.0,
        "Total Expenses": 455200000.0,
        "Total Operating Income As Reported": -6700000.0,
        "Diluted Average Shares": 115100000.0,
        "Basic Average Shares": 115100000.0,
        "Diluted EPS": -0.07,
        "Basic EPS": -0.07,
        "Diluted NI Availto Com Stockholders": -8200000.0,
        "Net Income Common Stockholders": -8200000.0,
        "Net Income": -8200000.0,
        "Net Income Including Noncontrolling Interests": -8200000.0,
        "Net Income Continuous Operations": -8200000.0,
        "Tax Provision": -4100000.0,
        "Pretax Income": -12300000.0,
        "Other Income Expense": 2500000.0,
        "Other Non Operating Income Expenses": -2200000.0,
        "Gain On Sale Of Security": 2500000.0,
        "Net Non Operating Interest Income Expense": -2800000.0,
        "Interest Expense Non Operating": 4300000.0,
        "Interest Income Non Operating": 1500000.0,
        "Operating Income": -12000000.0,
        "Operating Expense": 56100000.0,
        "Other Operating Expenses": 3800000.0,
        "Selling General And Administration": 52300000.0,
        "General And Administrative Expense": 52300000.0,
        "Other Gand A": 50100000.0,
        "Salaries And Wages": 2200000.0,
        "Gross Profit": 44100000.0,
        "Cost Of Revenue": 399100000.0,
        "Total Revenue": 443200000.0,
        "Operating Revenue": 443200000.0
    },
    "2022-03-31": {
        "Diluted EPS": 0.5,
        "Total Revenue": 563,
        "Gross Profit": 149,
        "Operating Income": 83,
        "EBIT": 98,
        "Net Income": 58
    },
    "2021-12-31": {
        "Diluted EPS": 0.28,
        "Total Revenue": 496,
        "Gross Profit": 119,
        "Operating Income": 52,
        "EBIT": 67,
        "Net Income": 32
    },
    "2021-09-30": {
        "Diluted EPS": 0.31,
        "Total Revenue": 500,
        "Gross Profit": 123,
        "Operating Income": 57,
        "EBIT": 72,
        "Net Income": 36
    },
    "2021-06-30": {
        "Diluted EPS": 0.22,
        "Total Revenue": 479,
        "Gross Profit": 109,
        "Operating Income": 44,
        "EBIT": 58,
        "Net Income": 26
    },
    "2021-03-31": {
        "Diluted EPS": 0.17,
        "Total Revenue": 465,
        "Gross Profit": 96,
        "Operating Income": 34,
        "EBIT": 48,
        "Net Income": 20
    },
    "2020-12-31": {
        "Diluted EPS": 0.09,
        "Total Revenue": 415,
        "Gross Profit": 87,
        "Operating Income": 20,
        "EBIT": 37,
        "Net Income": 10
    },
    "2020-09-30": {
        "Diluted EPS": 0.07,
        "Total Revenue": 417,
        "Gross Profit": 81,
        "Operating Income": 19,
        "EBIT": 35,
        "Net Income": 8
    },
    "2020-06-30": {
        "Diluted EPS": 0.16,
        "Total Revenue": 386,
        "Gross Profit": 96,
        "Operating Income": 33,
        "EBIT": 49,
        "Net Income": 19
    },
    "2020-03-31": {
        "Diluted EPS": 0.23,
        "Total Revenue": 421,
        "Gross Profit": 88,
        "Operating Income": 44,
        "EBIT": 60,
        "Net Income": 27
    },
    "2019-12-31": {
        "Diluted EPS": 0.08,
        "Total Revenue": 373,
        "Gross Profit": 80,
        "Operating Income": 17,
        "EBIT": 33,
        "Net Income": 9
    },
    "2019-09-30": {
        "Diluted EPS": 0.16,
        "Total Revenue": 437,
        "Gross Profit": 88,
        "Operating Income": 33,
        "EBIT": 47,
        "Net Income": 18
    },
    "2019-06-30": {
        "Diluted EPS": 0.25,
        "Total Revenue": 485,
        "Gross Profit": 110,
        "Operating Income": 47,
        "EBIT": 60,
        "Net Income": 30
    },
    "2019-03-31": {
        "Diluted EPS": 0.26,
        "Total Revenue": 437,
        "Gross Profit": 109,
        "Operating Income": 49,
        "EBIT": 61,
        "Net Income": 30
    },
    "2018-12-31": {
        "Diluted EPS": 0.21,
        "Total Revenue": 349,
        "Gross Profit": 97,
        "Operating Income": 45,
        "EBIT": 57,
        "Net Income": 24
    },
    "2018-09-30": {
        "Diluted EPS": 0.28,
        "Total Revenue": 410,
        "Gross Profit": 119,
        "Operating Income": 58,
        "EBIT": 71,
        "Net Income": 33
    },
    "2018-06-30": {
        "Diluted EPS": 0.67,
        "Total Revenue": 472,
        "Gross Profit": 172,
        "Operating Income": 120,
        "EBIT": 132,
        "Net Income": 78
    },
    "2018-03-31": {
        "Diluted EPS": 0.61,
        "Total Revenue": 430,
        "Gross Profit": 175,
        "Operating Income": 108,
        "EBIT": 120,
        "Net Income": 71
    },
    "2017-12-31": {
        "Diluted EPS": 0.4,
        "Total Revenue": 453,
        "Gross Profit": 176,
        "Operating Income": 121,
        "EBIT": 132,
        "Net Income": 47
    },
    "2017-09-30": {
        "Diluted EPS": 0.64,
        "Total Revenue": 465,
        "Gross Profit": 155,
        "Operating Income": 96,
        "EBIT": 107,
        "Net Income": 74
    },
    "2017-06-30": {
        "Diluted EPS": 1.7,
        "Total Revenue": 441,
        "Gross Profit": 132,
        "Operating Income": 74,
        "EBIT": 84,
        "Net Income": 197
    },
    "2017-03-31": {
        "Diluted EPS": 0.32,
        "Total Revenue": 370,
        "Gross Profit": 106,
        "Operating Income": 56,
        "EBIT": 67,
        "Net Income": 37
    },
    "2016-12-31": {
        "Diluted EPS": 0.2,
        "Total Revenue": 334,
        "Gross Profit": 93,
        "Operating Income": 55,
        "EBIT": 65,
        "Net Income": 23
    },
    "2016-09-30": {
        "Diluted EPS": 0.19,
        "Total Revenue": 356,
        "Gross Profit": 76,
        "Operating Income": 28,
        "EBIT": 38,
        "Net Income": 22
    },
    "2016-06-30": {
        "Diluted EPS": 0.01,
        "Total Revenue": 356,
        "Gross Profit": 56,
        "Operating Income": 11,
        "EBIT": 21,
        "Net Income": 2
    },
    "2016-03-31": {
        "Diluted EPS": -0.03,
        "Total Revenue": 318,
        "Gross Profit": 40,
        "Operating Income": 0,
        "EBIT": 10,
        "Net Income": -4
    },
    "2015-12-31": {
        "Diluted EPS": -0.18,
        "Total Revenue": 287,
        "Gross Profit": 25,
        "Operating Income": -20,
        "EBIT": -10,
        "Net Income": -20
    },
    "2015-09-30": {
        "Diluted EPS": -0.1,
        "Total Revenue": 337,
        "Gross Profit": 43,
        "Operating Income": -3,
        "EBIT": 7,
        "Net Income": -12
    },
    "2015-06-30": {
        "Diluted EPS": -1.38,
        "Total Revenue": 360,
        "Gross Profit": 47,
        "Operating Income": -10,
        "EBIT": 0,
        "Net Income": -160
    },
    "2015-03-31": {
        "Diluted EPS": 0.16,
        "Total Revenue": 365,
        "Gross Profit": 77,
        "Operating Income": 32,
        "EBIT": 43,
        "Net Income": 18
    },
    "2014-12-31": {
        "Diluted EPS": 0.17,
        "Total Revenue": 374,
        "Gross Profit": 80,
        "Operating Income": 32,
        "EBIT": 43,
        "Net Income": 20
    },
    "2014-09-30": {
        "Diluted EPS": 0.28,
        "Total Revenue": 415,
        "Gross Profit": 96,
        "Operating Income": 48,
        "EBIT": 60,
        "Net Income": 32
    },
    "2014-06-30": {
        "Diluted EPS": 0.29,
        "Total Revenue": 444,
        "Gross Profit": 94,
        "Operating Income": 44,
        "EBIT": 57,
        "Net Income": 33
    },
    "2014-03-31": {
        "Diluted EPS": 0.12,
        "Total Revenue": 420,
        "Gross Profit": 81,
        "Operating Income": 26,
        "EBIT": 39,
        "Net Income": 14
    },
    "2013-12-31": {
        "Diluted EPS": 0.02,
        "Total Revenue": 369,
        "Gross Profit": 52,
        "Operating Income": -1,
        "EBIT": 12,
        "Net Income": 3
    },
    "2013-09-30": {
        "Diluted EPS": -0.26,
        "Total Revenue": 419,
        "Gross Profit": 47,
        "Operating Income": -37,
        "EBIT": -24,
        "Net Income": -30
    },
    "2013-06-30": {
        "Diluted EPS": -0.29,
        "Total Revenue": 481,
        "Gross Profit": 10,
        "Operating Income": -48,
        "EBIT": -35,
        "Net Income": -34
    },
    "2013-03-31": {
        "Diluted EPS": -0.35,
        "Total Revenue": 464,
        "Gross Profit": 4,
        "Operating Income": -47,
        "EBIT": -34,
        "Net Income": -41
    },
    "2012-12-31": {
        "Diluted EPS": -0.15,
        "Total Revenue": 397,
        "Gross Profit": 50,
        "Operating Income": 1,
        "EBIT": 14,
        "Net Income": -18
    },
    "2012-09-30": {
        "Diluted EPS": 0.3,
        "Total Revenue": 473,
        "Gross Profit": 86,
        "Operating Income": 39,
        "EBIT": 50,
        "Net Income": 35
    },
    "2012-06-30": {
        "Diluted EPS": 0.56,
        "Total Revenue": 545,
        "Gross Profit": 163,
        "Operating Income": 111,
        "EBIT": 123,
        "Net Income": 65
    },
    "2012-03-31": {
        "Diluted EPS": 1.18,
        "Total Revenue": 561,
        "Gross Profit": 262,
        "Operating Income": 209,
        "EBIT": 221,
        "Net Income": 137
    },
    "2011-12-31": {
        "Diluted EPS": 0.74,
        "Total Revenue": 437,
        "Gross Profit": 194,
        "Operating Income": 143,
        "EBIT": 155,
        "Net Income": 86
    },
    "2011-09-30": {
        "Diluted EPS": 0.74,
        "Total Revenue": 548,
        "Gross Profit": 211,
        "Operating Income": 157,
        "EBIT": 169,
        "Net Income": 86
    },
    "2011-06-30": {
        "Diluted EPS": 0.77,
        "Total Revenue": 538,
        "Gross Profit": 197,
        "Operating Income": 144,
        "EBIT": 156,
        "Net Income": 89
    },
    "2011-03-31": {
        "Diluted EPS": 0.52,
        "Total Revenue": 420,
        "Gross Profit": 146,
        "Operating Income": 102,
        "EBIT": 114,
        "Net Income": 60
    },
    "2010-12-31": {
        "Diluted EPS": 0.33,
        "Total Revenue": 373,
        "Gross Profit": 103,
        "Operating Income": 61,
        "EBIT": 72,
        "Net Income": 36
    },
    "2010-09-30": {
        "Diluted EPS": 0.33,
        "Total Revenue": 377,
        "Gross Profit": 96,
        "Operating Income": 57,
        "EBIT": 68,
        "Net Income": 32
    },
    "2010-06-30": {
        "Diluted EPS": 0.2,
        "Total Revenue": 380,
        "Gross Profit": 85,
        "Operating Income": 39,
        "EBIT": 50,
        "Net Income": 19
    },
    "2010-03-31": {
        "Diluted EPS": 0.44,
        "Total Revenue": 320,
        "Gross Profit": 61,
        "Operating Income": 22,
        "EBIT": 33,
        "Net Income": 43
    },
    "2009-12-31": {
        "Diluted EPS": 0.06,
        "Total Revenue": 302,
        "Gross Profit": 53,
        "Operating Income": 11,
        "EBIT": 24,
        "Net Income": 5
    },
    "2009-09-30": {
        "Diluted EPS": 0.09,
        "Total Revenue": 310,
        "Gross Profit": 60,
        "Operating Income": 21,
        "EBIT": 33,
        "Net Income": 9
    },
    "2009-06-30": {
        "Diluted EPS": -0.23,
        "Total Revenue": 282,
        "Gross Profit": 14,
        "Operating Income": -22,
        "EBIT": -11,
        "Net Income": -22
    },
    "2009-03-31": {
        "Diluted EPS": -0.27,
        "Total Revenue": 248,
        "Gross Profit": 4,
        "Operating Income": -26,
        "EBIT": -15,
        "Net Income": -27
    },
    "2023-09-30": {
        "Tax Effect Of Unusual Items": -1165979.381443,
        "Tax Rate For Calcs": 0.298969,
        "Normalized EBITDA": -7700000.0,
        "Total Unusual Items": -3900000.0,
        "Total Unusual Items Excluding Goodwill": -3900000.0,
        "Net Income From Continuing Operation Net Minority Interest": -20400000.0,
        "Reconciled Depreciation": 13200000.0,
        "Reconciled Cost Of Revenue": 362500000.0,
        "EBITDA": -11600000.0,
        "EBIT": -24800000.0,
        "Net Interest Income": -2800000.0,
        "Interest Expense": 4300000.0,
        "Interest Income": 1500000.0,
        "Normalized Income": -17665979.381443,
        "Net Income From Continuing And Discontinued Operation": -20400000.0,
        "Total Expenses": 419300000.0,
        "Total Operating Income As Reported": -25300000.0,
        "Diluted Average Shares": 115000000.0,
        "Basic Average Shares": 115000000.0,
        "Diluted EPS": -0.18,
        "Basic EPS": -0.18,
        "Diluted NI Availto Com Stockholders": -20400000.0,
        "Net Income Common Stockholders": -20400000.0,
        "Net Income": -20400000.0,
        "Net Income Including Noncontrolling Interests": -20400000.0,
        "Net Income Continuous Operations": -20400000.0,
        "Tax Provision": -8700000.0,
        "Pretax Income": -29100000.0,
        "Other Income Expense": -3900000.0,
        "Other Non Operating Income Expenses": NaN,
        "Gain On Sale Of Security": -3900000.0,
        "Net Non Operating Interest Income Expense": -2800000.0,
        "Interest Expense Non Operating": 4300000.0,
        "Interest Income Non Operating": 1500000.0,
        "Operating Income": -22400000.0,
        "Operating Expense": 56800000.0,
        "Other Operating Expenses": 2200000.0,
        "Selling General And Administration": 54600000.0,
        "General And Administrative Expense": 54600000.0,
        "Other Gand A": 53600000.0,
        "Salaries And Wages": 1000000.0,
        "Gross Profit": 34400000.0,
        "Cost Of Revenue": 362500000.0,
        "Total Revenue": 396900000.0,
        "Operating Revenue": 396900000.0
    }
}