{
    "2023-03-31": {
        "Tax Effect Of Unusual Items": -119615.0,
        "Tax Rate For Calcs": 0.235,
        "Normalized EBITDA": 16550000.0,
        "Total Unusual Items": -509000.0,
        "Total Unusual Items Excluding Goodwill": -509000.0,
        "Net Income From Continuing Operation Net Minority Interest": 9005000.0,
        "Reconciled Depreciation": 3630000.0,
        "Reconciled Cost Of Revenue": 57657000.0,
        "EBITDA": 16041000.0,
        "EBIT": 12411000.0,
        "Net Interest Income": -340000.0,
        "Interest Expense": 407000.0,
        "Interest Income": 67000.0,
        "Normalized Income": 9394385.0,
        "Net Income From Continuing And Discontinued Operation": 9005000.0,
        "Total Expenses": 82987000.0,
        "Total Operating Income As Reported": 12732000.0,
        "Diluted Average Shares": 19939923.0,
        "Basic Average Shares": 19886585.0,
        "Diluted EPS": 0.45,
        "Basic EPS": 0.45,
        "Diluted NI Availto Com Stockholders": 9005000.0,
        "Net Income Common Stockholders": 9005000.0,
        "Net Income": 9005000.0,
        "Minority Interests": -181000.0,
        "Net Income Including Noncontrolling Interests": 9186000.0,
        "Net Income Continuous Operations": 9186000.0,
        "Tax Provision": 2818000.0,
        "Pretax Income": 12004000.0,
        "Other Income Expense": -470000.0,
        "Other Non Operating Income Expenses": 39000.0,
        "Special Income Charges": -82000.0,
        "Impairment Of Capital Assets": 82000.0,
        "Gain On Sale Of Security": -427000.0,
        "Net Non Operating Interest Income Expense": -340000.0,
        "Total Other Finance Cost": NaN,
        "Interest Expense Non Operating": 407000.0,
        "Interest Income Non Operating": 67000.0,
        "Operating Income": 12814000.0,
        "Operating Expense": 25330000.0,
        "Selling General And Administration": 25330000.0,
        "Selling And Marketing Expense": 8701000.0,
        "General And Administrative Expense": 16629000.0,
        "Other Gand A": 16629000.0,
        "Gross Profit": 38144000.0,
        "Cost Of Revenue": 57657000.0,
        "Total Revenue": 95801000.0,
        "Operating Revenue": 95801000.0
    },
    "2022-12-31": {
        "Tax Effect Of Unusual Items": 15579.893747,
        "Tax Rate For Calcs": 0.072129,
        "Normalized EBITDA": 15586000.0,
        "Total Unusual Items": 216000.0,
        "Total Unusual Items Excluding Goodwill": 216000.0,
        "Net Income From Continuing Operation Net Minority Interest": 4541000.0,
        "Reconciled Depreciation": 6475000.0,
        "Reconciled Cost Of Revenue": 63002000.0,
        "EBITDA": 15802000.0,
        "EBIT": 9327000.0,
        "Net Interest Income": -375000.0,
        "Interest Expense": NaN,
        "Interest Income": NaN,
        "Normalized Income": 4340579.893747,
        "Net Income From Continuing And Discontinued Operation": 4541000.0,
        "Total Expenses": 87855000.0,
        "Total Operating Income As Reported": 4812000.0,
        "Diluted Average Shares": 19936954.0,
        "Basic Average Shares": 19872681.0,
        "Diluted EPS": 0.23,
        "Basic EPS": 0.23,
        "Diluted NI Availto Com Stockholders": 4541000.0,
        "Net Income Common Stockholders": 4541000.0,
        "Net Income": 4541000.0,
        "Minority Interests": 0.0,
        "Net Income Including Noncontrolling Interests": 4541000.0,
        "Net Income Continuous Operations": 4541000.0,
        "Tax Provision": 353000.0,
        "Pretax Income": 4894000.0,
        "Other Income Expense": 457000.0,
        "Other Non Operating Income Expenses": 241000.0,
        "Special Income Charges": 0.0,
        "Impairment Of Capital Assets": NaN,
        "Gain On Sale Of Security": 216000.0,
        "Net Non Operating Interest Income Expense": -375000.0,
        "Interest Expense Non Operating": NaN,
        "Interest Income Non Operating": NaN,
        "Operating Income": 4812000.0,
        "Operating Expense": 24853000.0,
        "Selling General And Administration": 24853000.0,
        "Selling And Marketing Expense": 7626000.0,
        "General And Administrative Expense": 17227000.0,
        "Other Gand A": 17227000.0,
        "Gross Profit": 29665000.0,
        "Cost Of Revenue": 63002000.0,
        "Total Revenue": 92667000.0,
        "Operating Revenue": 92667000.0
    },
    "2022-09-30": {
        "Tax Effect Of Unusual Items": NaN,
        "Tax Rate For Calcs": NaN,
        "Normalized EBITDA": NaN,
        "Total Unusual Items": NaN,
        "Total Unusual Items Excluding Goodwill": NaN,
        "Net Income From Continuing Operation Net Minority Interest": NaN,
        "Reconciled Depreciation": NaN,
        "Reconciled Cost Of Revenue": NaN,
        "EBITDA": NaN,
        "EBIT": NaN,
        "Net Interest Income": NaN,
        "Interest Expense": NaN,
        "Interest Income": NaN,
        "Normalized Income": NaN,
        "Net Income From Continuing And Discontinued Operation": NaN,
        "Total Expenses": NaN,
        "Total Operating Income As Reported": NaN,
        "Diluted Average Shares": NaN,
        "Basic Average Shares": NaN,
        "Diluted EPS": NaN,
        "Basic EPS": NaN,
        "Diluted NI Availto Com Stockholders": NaN,
        "Net Income Common Stockholders": NaN,
        "Net Income": NaN,
        "Minority Interests": NaN,
        "Net Income Including Noncontrolling Interests": NaN,
        "Net Income Continuous Operations": NaN,
        "Tax Provision": NaN,
        "Pretax Income": NaN,
        "Other Income Expense": NaN,
        "Other Non Operating Income Expenses": NaN,
        "Special Income Charges": NaN,
        "Impairment Of Capital Assets": NaN,
        "Gain On Sale Of Security": NaN,
        "Net Non Operating Interest Income Expense": NaN,
        "Total Other Finance Cost": 493000.0,
        "Interest Expense Non Operating": NaN,
        "Interest Income Non Operating": NaN,
        "Operating Income": NaN,
        "Operating Expense": NaN,
        "Selling General And Administration": NaN,
        "Selling And Marketing Expense": NaN,
        "General And Administrative Expense": NaN,
        "Other Gand A": NaN,
        "Gross Profit": NaN,
        "Cost Of Revenue": NaN,
        "Total Revenue": NaN,
        "Operating Revenue": NaN
    },
    "2022-06-30": {
        "Tax Effect Of Unusual Items": 165750.0,
        "Tax Rate For Calcs": 0.195,
        "Normalized EBITDA": 9516000.0,
        "Total Unusual Items": 850000.0,
        "Total Unusual Items Excluding Goodwill": 850000.0,
        "Net Income From Continuing Operation Net Minority Interest": 6344000.0,
        "Reconciled Depreciation": 2564000.0,
        "Reconciled Cost Of Revenue": 80917000.0,
        "EBITDA": 10366000.0,
        "EBIT": 7802000.0,
        "Net Interest Income": 237000.0,
        "Interest Expense": NaN,
        "Interest Income": NaN,
        "Normalized Income": 5659750.0,
        "Net Income From Continuing And Discontinued Operation": 6344000.0,
        "Total Expenses": 107079000.0,
        "Total Operating Income As Reported": 7802000.0,
        "Diluted Average Shares": 19926956.0,
        "Basic Average Shares": 19809417.0,
        "Diluted EPS": 0.32,
        "Basic EPS": 0.32,
        "Diluted NI Availto Com Stockholders": 6344000.0,
        "Net Income Common Stockholders": 6344000.0,
        "Net Income": 6344000.0,
        "Minority Interests": -856000.0,
        "Net Income Including Noncontrolling Interests": 7200000.0,
        "Net Income Continuous Operations": 7200000.0,
        "Tax Provision": 1746000.0,
        "Pretax Income": 8946000.0,
        "Other Income Expense": 907000.0,
        "Other Non Operating Income Expenses": 57000.0,
        "Special Income Charges": 0.0,
        "Write Off": NaN,
        "Impairment Of Capital Assets": NaN,
        "Gain On Sale Of Security": 850000.0,
        "Net Non Operating Interest Income Expense": 237000.0,
        "Total Other Finance Cost": -237000.0,
        "Interest Expense Non Operating": NaN,
        "Interest Income Non Operating": NaN,
        "Operating Income": 7802000.0,
        "Operating Expense": 26162000.0,
        "Selling General And Administration": 26162000.0,
        "Selling And Marketing Expense": 9468000.0,
        "General And Administrative Expense": 16694000.0,
        "Other Gand A": 16694000.0,
        "Gross Profit": 33964000.0,
        "Cost Of Revenue": 80917000.0,
        "Total Revenue": 114881000.0,
        "Operating Revenue": 114881000.0
    },
    "2022-03-31": {
        "Diluted EPS": 0.34,
        "Total Revenue": 105,
        "Gross Profit": 34,
        "Operating Income": 9,
        "EBIT": 13,
        "Net Income": 7
    },
    "2021-12-31": {
        "Diluted EPS": 0.31,
        "Total Revenue": 91,
        "Gross Profit": 28,
        "Operating Income": 7,
        "EBIT": 10,
        "Net Income": 6
    },
    "2021-09-30": {
        "Diluted EPS": 0.19,
        "Total Revenue": 103,
        "Gross Profit": 30,
        "Operating Income": 5,
        "EBIT": 8,
        "Net Income": 4
    },
    "2021-06-30": {
        "Diluted EPS": 0.5,
        "Total Revenue": 95,
        "Gross Profit": 28,
        "Operating Income": 7,
        "EBIT": 9,
        "Net Income": 10
    },
    "2021-03-31": {
        "Diluted EPS": 0.12,
        "Total Revenue": 76,
        "Gross Profit": 22,
        "Operating Income": 4,
        "EBIT": 6,
        "Net Income": 2
    },
    "2020-12-31": {
        "Diluted EPS": 0.06,
        "Total Revenue": 70,
        "Gross Profit": 19,
        "Operating Income": 2,
        "EBIT": 5,
        "Net Income": 1
    },
    "2020-09-30": {
        "Diluted EPS": 0.26,
        "Total Revenue": 76,
        "Gross Profit": 23,
        "Operating Income": 7,
        "EBIT": 9,
        "Net Income": 4
    },
    "2020-06-30": {
        "Diluted EPS": 0.65,
        "Total Revenue": 85,
        "Gross Profit": 29,
        "Operating Income": 15,
        "EBIT": 16,
        "Net Income": 10
    },
    "2020-03-31": {
        "Diluted EPS": 0.16,
        "Total Revenue": 64,
        "Gross Profit": 18,
        "Operating Income": 4,
        "EBIT": 6,
        "Net Income": 2
    },
    "2023-06-30": {
        "Tax Effect Of Unusual Items": -506469.0,
        "Tax Rate For Calcs": 0.237,
        "Normalized EBITDA": 20711000.0,
        "Total Unusual Items": -2137000.0,
        "Total Unusual Items Excluding Goodwill": -2137000.0,
        "Net Income From Continuing Operation Net Minority Interest": 10502000.0,
        "Reconciled Depreciation": 4001000.0,
        "Reconciled Cost Of Revenue": 66879000.0,
        "EBITDA": 18574000.0,
        "EBIT": 14573000.0,
        "Net Interest Income": -54000.0,
        "Interest Expense": 573000.0,
        "Interest Income": 519000.0,
        "Normalized Income": 12132531.0,
        "Net Income From Continuing And Discontinued Operation": 10502000.0,
        "Total Expenses": 92942000.0,
        "Total Operating Income As Reported": 13339000.0,
        "Diluted Average Shares": 19953510.0,
        "Basic Average Shares": 19886585.0,
        "Diluted EPS": 0.53,
        "Basic EPS": 0.53,
        "Diluted NI Availto Com Stockholders": 10502000.0,
        "Net Income Common Stockholders": 10502000.0,
        "Net Income": 10502000.0,
        "Minority Interests": -175000.0,
        "Net Income Including Noncontrolling Interests": 10677000.0,
        "Net Income Continuous Operations": 10677000.0,
        "Tax Provision": 3323000.0,
        "Pretax Income": 14000000.0,
        "Other Income Expense": -1744000.0,
        "Other Non Operating Income Expenses": 393000.0,
        "Special Income Charges": -2459000.0,
        "Impairment Of Capital Assets": 2459000.0,
        "Gain On Sale Of Security": 322000.0,
        "Net Non Operating Interest Income Expense": -54000.0,
        "Total Other Finance Cost": NaN,
        "Interest Expense Non Operating": 573000.0,
        "Interest Income Non Operating": 519000.0,
        "Operating Income": 15798000.0,
        "Operating Expense": 26063000.0,
        "Selling General And Administration": 26063000.0,
        "Selling And Marketing Expense": 8871000.0,
        "General And Administrative Expense": 17192000.0,
        "Other Gand A": 17192000.0,
        "Gross Profit": 41861000.0,
        "Cost Of Revenue": 66879000.0,
        "Total Revenue": 108740000.0,
        "Operating Revenue": 108740000.0
    },
    "2023-09-30": {
        "Tax Effect Of Unusual Items": 184365.0,
        "Tax Rate For Calcs": 0.241,
        "Normalized EBITDA": 15859000.0,
        "Total Unusual Items": 765000.0,
        "Total Unusual Items Excluding Goodwill": 765000.0,
        "Net Income From Continuing Operation Net Minority Interest": 9065000.0,
        "Reconciled Depreciation": 4044000.0,
        "Reconciled Cost Of Revenue": 66584000.0,
        "EBITDA": 16624000.0,
        "EBIT": 12580000.0,
        "Net Interest Income": -82000.0,
        "Interest Expense": 536000.0,
        "Interest Income": 454000.0,
        "Normalized Income": 8484365.0,
        "Net Income From Continuing And Discontinued Operation": 9065000.0,
        "Total Expenses": 94458000.0,
        "Total Operating Income As Reported": 11380000.0,
        "Diluted Average Shares": 19994648.0,
        "Basic Average Shares": 19890646.0,
        "Diluted EPS": 0.45,
        "Basic EPS": 0.46,
        "Diluted NI Availto Com Stockholders": 9065000.0,
        "Net Income Common Stockholders": 9065000.0,
        "Net Income": 9065000.0,
        "Minority Interests": -75000.0,
        "Net Income Including Noncontrolling Interests": 9140000.0,
        "Net Income Continuous Operations": 9140000.0,
        "Tax Provision": 2904000.0,
        "Pretax Income": 12044000.0,
        "Other Income Expense": 1056000.0,
        "Other Non Operating Income Expenses": 291000.0,
        "Special Income Charges": 310000.0,
        "Impairment Of Capital Assets": -310000.0,
        "Gain On Sale Of Security": 455000.0,
        "Net Non Operating Interest Income Expense": -82000.0,
        "Total Other Finance Cost": NaN,
        "Interest Expense Non Operating": 536000.0,
        "Interest Income Non Operating": 454000.0,
        "Operating Income": 11070000.0,
        "Operating Expense": 27874000.0,
        "Selling General And Administration": 27874000.0,
        "Selling And Marketing Expense": 8004000.0,
        "General And Administrative Expense": 19870000.0,
        "Other Gand A": 19870000.0,
        "Gross Profit": 38944000.0,
        "Cost Of Revenue": 66584000.0,
        "Total Revenue": 105528000.0,
        "Operating Revenue": 105528000.0
    },
    "2023-12-31": {
        "Tax Effect Of Unusual Items": -83188.614263,
        "Tax Rate For Calcs": 0.153768,
        "Normalized EBITDA": 10081000.0,
        "Total Unusual Items": -541000.0,
        "Total Unusual Items Excluding Goodwill": -541000.0,
        "Net Income From Continuing Operation Net Minority Interest": 3898000.0,
        "Reconciled Depreciation": 4077000.0,
        "Reconciled Cost Of Revenue": 61488000.0,
        "EBITDA": 9540000.0,
        "EBIT": 5463000.0,
        "Net Interest Income": 236000.0,
        "Interest Expense": 527000.0,
        "Interest Income": 763000.0,
        "Normalized Income": 4355811.385737,
        "Net Income From Continuing And Discontinued Operation": 3898000.0,
        "Total Expenses": 90663000.0,
        "Total Operating Income As Reported": 4625000.0,
        "Diluted Average Shares": 20021314.0,
        "Basic Average Shares": 19953525.0,
        "Diluted EPS": 0.19,
        "Basic EPS": 0.2,
        "Diluted NI Availto Com Stockholders": 3898000.0,
        "Net Income Common Stockholders": 3898000.0,
        "Net Income": 3898000.0,
        "Minority Interests": -279000.0,
        "Net Income Including Noncontrolling Interests": 4177000.0,
        "Net Income Continuous Operations": 4177000.0,
        "Tax Provision": 759000.0,
        "Pretax Income": 4936000.0,
        "Other Income Expense": -219000.0,
        "Other Non Operating Income Expenses": 322000.0,
        "Special Income Charges": -294000.0,
        "Impairment Of Capital Assets": 294000.0,
        "Gain On Sale Of Security": -247000.0,
        "Net Non Operating Interest Income Expense": 236000.0,
        "Total Other Finance Cost": NaN,
        "Interest Expense Non Operating": 527000.0,
        "Interest Income Non Operating": 763000.0,
        "Operating Income": 4919000.0,
        "Operating Expense": 29175000.0,
        "Selling General And Administration": 29175000.0,
        "Selling And Marketing Expense": 15990000.0,
        "General And Administrative Expense": 13185000.0,
        "Other Gand A": 13185000.0,
        "Gross Profit": 34094000.0,
        "Cost Of Revenue": 61488000.0,
        "Total Revenue": 95582000.0,
        "Operating Revenue": 95582000.0
    },
    "2024-03-31": {
        "Tax Effect Of Unusual Items": -438048.0,
        "Tax Rate For Calcs": 0.234,
        "Normalized EBITDA": 14942000.0,
        "Total Unusual Items": -1872000.0,
        "Total Unusual Items Excluding Goodwill": -1872000.0,
        "Net Income From Continuing Operation Net Minority Interest": 6166000.0,
        "Reconciled Depreciation": 4095000.0,
        "Reconciled Cost Of Revenue": 58011000.0,
        "EBITDA": 13070000.0,
        "EBIT": 8975000.0,
        "Net Interest Income": -93000.0,
        "Interest Expense": 524000.0,
        "Interest Income": 431000.0,
        "Normalized Income": 7599952.0,
        "Net Income From Continuing And Discontinued Operation": 6166000.0,
        "Total Expenses": 85543000.0,
        "Total Operating Income As Reported": 8076000.0,
        "Diluted Average Shares": 20075485.0,
        "Basic Average Shares": 19969606.0,
        "Diluted EPS": 0.31,
        "Basic EPS": 0.31,
        "Diluted NI Availto Com Stockholders": 6166000.0,
        "Net Income Common Stockholders": 6166000.0,
        "Net Income": 6166000.0,
        "Minority Interests": -310000.0,
        "Net Income Including Noncontrolling Interests": 6476000.0,
        "Net Income Continuous Operations": 6476000.0,
        "Tax Provision": 1975000.0,
        "Pretax Income": 8451000.0,
        "Other Income Expense": -1526000.0,
        "Other Non Operating Income Expenses": 346000.0,
        "Special Income Charges": -1994000.0,
        "Impairment Of Capital Assets": 1994000.0,
        "Gain On Sale Of Security": 122000.0,
        "Net Non Operating Interest Income Expense": -93000.0,
        "Total Other Finance Cost": NaN,
        "Interest Expense Non Operating": 524000.0,
        "Interest Income Non Operating": 431000.0,
        "Operating Income": 10070000.0,
        "Operating Expense": 27532000.0,
        "Selling General And Administration": 27532000.0,
        "Selling And Marketing Expense": 10763000.0,
        "General And Administrative Expense": 16769000.0,
        "Other Gand A": 16769000.0,
        "Gross Profit": 37602000.0,
        "Cost Of Revenue": 58011000.0,
        "Total Revenue": 95613000.0,
        "Operating Revenue": 95613000.0
    }
}