{
    "2023-03-31": {
        "Tax Effect Of Unusual Items": 75636.0,
        "Tax Rate For Calcs": 0.191,
        "Normalized EBITDA": 6934000.0,
        "Total Unusual Items": 396000.0,
        "Total Unusual Items Excluding Goodwill": 396000.0,
        "Net Income From Continuing Operation Net Minority Interest": 1976000.0,
        "Reconciled Depreciation": 2199000.0,
        "Reconciled Cost Of Revenue": 150277000.0,
        "EBITDA": 7330000.0,
        "EBIT": 5131000.0,
        "Net Interest Income": -2688000.0,
        "Interest Expense": 2688000.0,
        "Normalized Income": 1655636.0,
        "Net Income From Continuing And Discontinued Operation": 1976000.0,
        "Total Expenses": 159818000.0,
        "Total Operating Income As Reported": 5131000.0,
        "Diluted Average Shares": 10865000.0,
        "Basic Average Shares": 10762000.0,
        "Diluted EPS": 0.18,
        "Basic EPS": 0.18,
        "Diluted NI Availto Com Stockholders": 1976000.0,
        "Net Income Common Stockholders": 1976000.0,
        "Net Income": 1976000.0,
        "Net Income Including Noncontrolling Interests": 1976000.0,
        "Net Income Continuous Operations": 1976000.0,
        "Tax Provision": 467000.0,
        "Pretax Income": 2443000.0,
        "Other Income Expense": 396000.0,
        "Special Income Charges": 396000.0,
        "Other Special Charges": -396000.0,
        "Net Non Operating Interest Income Expense": -2688000.0,
        "Interest Expense Non Operating": 2688000.0,
        "Operating Income": 4735000.0,
        "Operating Expense": 9541000.0,
        "Research And Development": 2580000.0,
        "Selling General And Administration": 6961000.0,
        "Gross Profit": 14276000.0,
        "Cost Of Revenue": 150277000.0,
        "Total Revenue": 164553000.0,
        "Operating Revenue": 164553000.0
    },
    "2022-12-31": {
        "Tax Effect Of Unusual Items": 330620.0,
        "Tax Rate For Calcs": 0.122,
        "Normalized EBITDA": 3171000.0,
        "Total Unusual Items": 2710000.0,
        "Total Unusual Items Excluding Goodwill": 2710000.0,
        "Net Income From Continuing Operation Net Minority Interest": 967000.0,
        "Reconciled Depreciation": 2273000.0,
        "Reconciled Cost Of Revenue": 114788000.0,
        "EBITDA": 5881000.0,
        "EBIT": 3608000.0,
        "Net Interest Income": -2507000.0,
        "Interest Expense": 2507000.0,
        "Normalized Income": -1412380.0,
        "Net Income From Continuing And Discontinued Operation": 967000.0,
        "Total Expenses": 122810000.0,
        "Total Operating Income As Reported": 3608000.0,
        "Diluted Average Shares": 10832000.0,
        "Basic Average Shares": 10762000.0,
        "Diluted EPS": 0.09,
        "Basic EPS": 0.09,
        "Diluted NI Availto Com Stockholders": 967000.0,
        "Net Income Common Stockholders": 967000.0,
        "Net Income": 967000.0,
        "Net Income Including Noncontrolling Interests": 967000.0,
        "Net Income Continuous Operations": 967000.0,
        "Tax Provision": 134000.0,
        "Pretax Income": 1101000.0,
        "Other Income Expense": 2710000.0,
        "Special Income Charges": 2710000.0,
        "Other Special Charges": -2710000.0,
        "Net Non Operating Interest Income Expense": -2507000.0,
        "Interest Expense Non Operating": 2507000.0,
        "Operating Income": 898000.0,
        "Operating Expense": 8022000.0,
        "Research And Development": 2287000.0,
        "Selling General And Administration": 5735000.0,
        "Gross Profit": 8920000.0,
        "Cost Of Revenue": 114788000.0,
        "Total Revenue": 123708000.0,
        "Operating Revenue": 123708000.0
    },
    "2022-09-30": {
        "Tax Effect Of Unusual Items": 204035.278155,
        "Tax Rate For Calcs": 0.218453,
        "Normalized EBITDA": 2427000.0,
        "Total Unusual Items": 934000.0,
        "Total Unusual Items Excluding Goodwill": 934000.0,
        "Net Income From Continuing Operation Net Minority Interest": 1152000.0,
        "Reconciled Depreciation": 2385000.0,
        "Reconciled Cost Of Revenue": 126884000.0,
        "EBITDA": 3361000.0,
        "EBIT": 3361000.0,
        "Net Interest Income": -1887000.0,
        "Interest Expense": 1887000.0,
        "Normalized Income": 422035.278155,
        "Net Income From Continuing And Discontinued Operation": 1152000.0,
        "Total Expenses": 134836000.0,
        "Total Operating Income As Reported": 3361000.0,
        "Diluted Average Shares": 10832000.0,
        "Basic Average Shares": 10762000.0,
        "Diluted EPS": 0.11,
        "Basic EPS": 0.11,
        "Diluted NI Availto Com Stockholders": 1152000.0,
        "Net Income Common Stockholders": 1152000.0,
        "Net Income": 1152000.0,
        "Net Income Including Noncontrolling Interests": 1152000.0,
        "Net Income Continuous Operations": 1152000.0,
        "Tax Provision": 322000.0,
        "Pretax Income": 1474000.0,
        "Other Income Expense": 934000.0,
        "Special Income Charges": 934000.0,
        "Other Special Charges": -934000.0,
        "Net Non Operating Interest Income Expense": -1887000.0,
        "Interest Expense Non Operating": 1887000.0,
        "Operating Income": 2427000.0,
        "Operating Expense": 7952000.0,
        "Research And Development": 2296000.0,
        "Selling General And Administration": 5656000.0,
        "Gross Profit": 10379000.0,
        "Cost Of Revenue": 126884000.0,
        "Total Revenue": 137263000.0,
        "Operating Revenue": 137263000.0
    },
    "2022-06-30": {
        "Tax Effect Of Unusual Items": 0.0,
        "Tax Rate For Calcs": 0.4,
        "Normalized EBITDA": 2261000.0,
        "Total Unusual Items": NaN,
        "Total Unusual Items Excluding Goodwill": NaN,
        "Net Income From Continuing Operation Net Minority Interest": 968000.0,
        "Reconciled Depreciation": 3629000.0,
        "Reconciled Cost Of Revenue": 114446000.0,
        "EBITDA": 2261000.0,
        "EBIT": 2261000.0,
        "Net Interest Income": -1466000.0,
        "Interest Expense": 1466000.0,
        "Normalized Income": 968000.0,
        "Net Income From Continuing And Discontinued Operation": 968000.0,
        "Total Expenses": 123945000.0,
        "Total Operating Income As Reported": 2261000.0,
        "Diluted Average Shares": 11075000.0,
        "Basic Average Shares": 10762000.0,
        "Diluted EPS": 0.09,
        "Basic EPS": 0.09,
        "Diluted NI Availto Com Stockholders": 968000.0,
        "Net Income Common Stockholders": 968000.0,
        "Net Income": 968000.0,
        "Net Income Including Noncontrolling Interests": 968000.0,
        "Net Income Continuous Operations": 968000.0,
        "Tax Provision": -173000.0,
        "Pretax Income": 795000.0,
        "Other Income Expense": NaN,
        "Special Income Charges": NaN,
        "Other Special Charges": NaN,
        "Net Non Operating Interest Income Expense": -1466000.0,
        "Interest Expense Non Operating": 1466000.0,
        "Operating Income": 2261000.0,
        "Operating Expense": 9499000.0,
        "Research And Development": 2348000.0,
        "Selling General And Administration": 7151000.0,
        "Gross Profit": 11760000.0,
        "Cost Of Revenue": 114446000.0,
        "Total Revenue": 126206000.0,
        "Operating Revenue": 126206000.0
    },
    "2022-03-31": {
        "Diluted EPS": 0.09,
        "Total Revenue": 138,
        "Gross Profit": 12,
        "Operating Income": 3,
        "EBIT": 4,
        "Net Income": 1
    },
    "2021-12-31": {
        "Diluted EPS": 0.05,
        "Total Revenue": 134,
        "Gross Profit": 10,
        "Operating Income": 2,
        "EBIT": 3,
        "Net Income": 1
    },
    "2021-09-30": {
        "Diluted EPS": 0.07,
        "Total Revenue": 133,
        "Gross Profit": 10,
        "Operating Income": 2,
        "EBIT": 4,
        "Net Income": 1
    },
    "2021-06-30": {
        "Diluted EPS": 0.01,
        "Total Revenue": 133,
        "Gross Profit": 10,
        "Operating Income": 1,
        "EBIT": 3,
        "Net Income": 0
    },
    "2021-03-31": {
        "Diluted EPS": 0.08,
        "Total Revenue": 135,
        "Gross Profit": 11,
        "Operating Income": 3,
        "EBIT": 4,
        "Net Income": 1
    },
    "2020-12-31": {
        "Diluted EPS": 0.14,
        "Total Revenue": 128,
        "Gross Profit": 11,
        "Operating Income": 3,
        "EBIT": 4,
        "Net Income": 2
    },
    "2020-09-30": {
        "Diluted EPS": 0.16,
        "Total Revenue": 123,
        "Gross Profit": 10,
        "Operating Income": 3,
        "EBIT": 5,
        "Net Income": 2
    },
    "2020-06-30": {
        "Diluted EPS": 0.14,
        "Total Revenue": 116,
        "Gross Profit": 9,
        "Operating Income": 1,
        "EBIT": 3,
        "Net Income": 1
    },
    "2020-03-31": {
        "Diluted EPS": 0.08,
        "Total Revenue": 111,
        "Gross Profit": 9,
        "Operating Income": 2,
        "EBIT": 3,
        "Net Income": 1
    },
    "2019-12-31": {
        "Diluted EPS": 0.08,
        "Total Revenue": 117,
        "Gross Profit": 8,
        "Operating Income": 1,
        "EBIT": 3,
        "Net Income": 1
    },
    "2019-09-30": {
        "Diluted EPS": 0.14,
        "Total Revenue": 105,
        "Gross Profit": 9,
        "Operating Income": 3,
        "EBIT": 4,
        "Net Income": 2
    },
    "2019-06-30": {
        "Diluted EPS": 0.07,
        "Total Revenue": 106,
        "Gross Profit": 8,
        "Operating Income": 1,
        "EBIT": 3,
        "Net Income": 1
    },
    "2019-03-31": {
        "Diluted EPS": -1.11,
        "Total Revenue": 108,
        "Gross Profit": 7,
        "Operating Income": -13,
        "EBIT": 2,
        "Net Income": -12
    },
    "2018-12-31": {
        "Diluted EPS": 0.15,
        "Total Revenue": 123,
        "Gross Profit": 10,
        "Operating Income": 3,
        "EBIT": 4,
        "Net Income": 2
    },
    "2018-09-30": {
        "Diluted EPS": 0.15,
        "Total Revenue": 127,
        "Gross Profit": 10,
        "Operating Income": 3,
        "EBIT": 4,
        "Net Income": 2
    },
    "2018-06-30": {
        "Diluted EPS": -0.2,
        "Total Revenue": 117,
        "Gross Profit": 9,
        "Operating Income": -2,
        "EBIT": -1,
        "Net Income": -2
    },
    "2018-03-31": {
        "Diluted EPS": 0.06,
        "Total Revenue": 108,
        "Gross Profit": 8,
        "Operating Income": 1,
        "EBIT": 3,
        "Net Income": 1
    },
    "2017-12-31": {
        "Diluted EPS": -0.02,
        "Total Revenue": 112,
        "Gross Profit": 9,
        "Operating Income": 2,
        "EBIT": 4,
        "Net Income": 0
    },
    "2017-09-30": {
        "Diluted EPS": 0.04,
        "Total Revenue": 109,
        "Gross Profit": 8,
        "Operating Income": 1,
        "EBIT": 3,
        "Net Income": 0
    },
    "2017-06-30": {
        "Diluted EPS": 0.12,
        "Total Revenue": 119,
        "Gross Profit": 10,
        "Operating Income": 2,
        "EBIT": 4,
        "Net Income": 1
    },
    "2017-03-31": {
        "Diluted EPS": 0.09,
        "Total Revenue": 114,
        "Gross Profit": 9,
        "Operating Income": 2,
        "EBIT": 4,
        "Net Income": 1
    },
    "2016-12-31": {
        "Diluted EPS": 0.14,
        "Total Revenue": 119,
        "Gross Profit": 10,
        "Operating Income": 3,
        "EBIT": 4,
        "Net Income": 2
    },
    "2016-09-30": {
        "Diluted EPS": 0.16,
        "Total Revenue": 117,
        "Gross Profit": 10,
        "Operating Income": 3,
        "EBIT": 4,
        "Net Income": 2
    },
    "2016-06-30": {
        "Diluted EPS": 0.19,
        "Total Revenue": 124,
        "Gross Profit": 11,
        "Operating Income": 3,
        "EBIT": 5,
        "Net Income": 2
    },
    "2016-03-31": {
        "Diluted EPS": 0.16,
        "Total Revenue": 118,
        "Gross Profit": 10,
        "Operating Income": 3,
        "EBIT": 4,
        "Net Income": 2
    },
    "2015-12-31": {
        "Diluted EPS": 0.16,
        "Total Revenue": 116,
        "Gross Profit": 9,
        "Operating Income": 2,
        "EBIT": 4,
        "Net Income": 2
    },
    "2015-09-30": {
        "Diluted EPS": 0.07,
        "Total Revenue": 126,
        "Gross Profit": 9,
        "Operating Income": 2,
        "EBIT": 3,
        "Net Income": 1
    },
    "2015-06-30": {
        "Diluted EPS": 0.22,
        "Total Revenue": 120,
        "Gross Profit": 10,
        "Operating Income": 3,
        "EBIT": 5,
        "Net Income": 2
    },
    "2015-03-31": {
        "Diluted EPS": 0.16,
        "Total Revenue": 113,
        "Gross Profit": 9,
        "Operating Income": 3,
        "EBIT": 4,
        "Net Income": 2
    },
    "2014-12-31": {
        "Diluted EPS": 0.14,
        "Total Revenue": 114,
        "Gross Profit": 9,
        "Operating Income": 3,
        "EBIT": 4,
        "Net Income": 2
    },
    "2014-09-30": {
        "Diluted EPS": -0.14,
        "Total Revenue": 86,
        "Gross Profit": 4,
        "Operating Income": -2,
        "EBIT": 0,
        "Net Income": -2
    },
    "2014-06-30": {
        "Diluted EPS": 0.13,
        "Total Revenue": 72,
        "Gross Profit": 7,
        "Operating Income": 2,
        "EBIT": 3,
        "Net Income": 1
    },
    "2014-03-31": {
        "Diluted EPS": 0.12,
        "Total Revenue": 77,
        "Gross Profit": 7,
        "Operating Income": 2,
        "EBIT": 3,
        "Net Income": 1
    },
    "2013-12-31": {
        "Diluted EPS": 0.27,
        "Total Revenue": 78,
        "Gross Profit": 7,
        "Operating Income": 2,
        "EBIT": 3,
        "Net Income": 3
    },
    "2013-09-30": {
        "Diluted EPS": 0.15,
        "Total Revenue": 78,
        "Gross Profit": 7,
        "Operating Income": 2,
        "EBIT": 3,
        "Net Income": 2
    },
    "2013-06-30": {
        "Diluted EPS": 0.18,
        "Total Revenue": 85,
        "Gross Profit": 8,
        "Operating Income": 4,
        "EBIT": 5,
        "Net Income": 2
    },
    "2013-03-31": {
        "Diluted EPS": 0.26,
        "Total Revenue": 84,
        "Gross Profit": 8,
        "Operating Income": 4,
        "EBIT": 4,
        "Net Income": 3
    },
    "2012-12-31": {
        "Diluted EPS": 0.33,
        "Total Revenue": 95,
        "Gross Profit": 9,
        "Operating Income": 5,
        "EBIT": 6,
        "Net Income": 4
    },
    "2012-09-30": {
        "Diluted EPS": 0.35,
        "Total Revenue": 98,
        "Gross Profit": 9,
        "Operating Income": 6,
        "EBIT": 6,
        "Net Income": 4
    },
    "2012-06-30": {
        "Diluted EPS": 0.33,
        "Total Revenue": 97,
        "Gross Profit": 9,
        "Operating Income": 5,
        "EBIT": 6,
        "Net Income": 4
    },
    "2012-03-31": {
        "Diluted EPS": 0.32,
        "Total Revenue": 96,
        "Gross Profit": 9,
        "Operating Income": 5,
        "EBIT": 5,
        "Net Income": 3
    },
    "2011-12-31": {
        "Diluted EPS": 0.3,
        "Total Revenue": 84,
        "Gross Profit": 7,
        "Operating Income": 3,
        "EBIT": 3,
        "Net Income": 3
    },
    "2011-09-30": {
        "Diluted EPS": 0.12,
        "Total Revenue": 70,
        "Gross Profit": 5,
        "Operating Income": 2,
        "EBIT": 2,
        "Net Income": 1
    },
    "2011-06-30": {
        "Diluted EPS": 0.14,
        "Total Revenue": 66,
        "Gross Profit": 5,
        "Operating Income": 2,
        "EBIT": 2,
        "Net Income": 2
    },
    "2011-03-31": {
        "Diluted EPS": 0.07,
        "Total Revenue": 63,
        "Gross Profit": 4,
        "Operating Income": 1,
        "EBIT": 1,
        "Net Income": 1
    },
    "2010-12-31": {
        "Diluted EPS": 0.17,
        "Total Revenue": 61,
        "Gross Profit": 5,
        "Operating Income": 2,
        "EBIT": 2,
        "Net Income": 2
    },
    "2010-09-30": {
        "Diluted EPS": 0.17,
        "Total Revenue": 63,
        "Gross Profit": 6,
        "Operating Income": 3,
        "EBIT": 3,
        "Net Income": 2
    },
    "2010-06-30": {
        "Diluted EPS": 0.22,
        "Total Revenue": 62,
        "Gross Profit": 7,
        "Operating Income": 3,
        "EBIT": 4,
        "Net Income": 2
    },
    "2010-03-31": {
        "Diluted EPS": 0.43,
        "Total Revenue": 52,
        "Gross Profit": 5,
        "Operating Income": 2,
        "EBIT": 3,
        "Net Income": 4
    },
    "2009-12-31": {
        "Diluted EPS": 0.17,
        "Total Revenue": 45,
        "Gross Profit": 5,
        "Operating Income": 2,
        "EBIT": 2,
        "Net Income": 2
    },
    "2009-09-30": {
        "Diluted EPS": 0.03,
        "Total Revenue": 41,
        "Gross Profit": 3,
        "Operating Income": 0,
        "EBIT": 1,
        "Net Income": 0
    },
    "2009-06-30": {
        "Diluted EPS": 0.03,
        "Total Revenue": 45,
        "Gross Profit": 3,
        "Operating Income": 0,
        "EBIT": 1,
        "Net Income": 0
    },
    "2009-03-31": {
        "Diluted EPS": 0.03,
        "Total Revenue": 44,
        "Gross Profit": 3,
        "Operating Income": 0,
        "EBIT": 1,
        "Net Income": 0
    },
    "2023-06-30": {
        "Tax Effect Of Unusual Items": 44585.803432,
        "Tax Rate For Calcs": 0.170827,
        "Normalized EBITDA": 6648000.0,
        "Total Unusual Items": 261000.0,
        "Total Unusual Items Excluding Goodwill": 261000.0,
        "Net Income From Continuing Operation Net Minority Interest": 1063000.0,
        "Reconciled Depreciation": 2685000.0,
        "Reconciled Cost Of Revenue": 148713000.0,
        "EBITDA": 6909000.0,
        "EBIT": 4224000.0,
        "Net Interest Income": -2942000.0,
        "Interest Expense": 2942000.0,
        "Normalized Income": 846585.803432,
        "Net Income From Continuing And Discontinued Operation": 1063000.0,
        "Total Expenses": 158648000.0,
        "Total Operating Income As Reported": 4224000.0,
        "Diluted Average Shares": 10996000.0,
        "Basic Average Shares": 10762000.0,
        "Diluted EPS": 0.1,
        "Basic EPS": 0.1,
        "Diluted NI Availto Com Stockholders": 1063000.0,
        "Net Income Common Stockholders": 1063000.0,
        "Net Income": 1063000.0,
        "Net Income Including Noncontrolling Interests": 1063000.0,
        "Net Income Continuous Operations": 1063000.0,
        "Tax Provision": 219000.0,
        "Pretax Income": 1282000.0,
        "Other Income Expense": 261000.0,
        "Special Income Charges": 261000.0,
        "Other Special Charges": -261000.0,
        "Net Non Operating Interest Income Expense": -2942000.0,
        "Interest Expense Non Operating": 2942000.0,
        "Operating Income": 3963000.0,
        "Operating Expense": 9935000.0,
        "Research And Development": 2573000.0,
        "Selling General And Administration": 7362000.0,
        "Gross Profit": 13898000.0,
        "Cost Of Revenue": 148713000.0,
        "Total Revenue": 162611000.0,
        "Operating Revenue": 162611000.0
    },
    "2023-09-30": {
        "Tax Effect Of Unusual Items": 90510.0,
        "Tax Rate For Calcs": 0.21,
        "Normalized EBITDA": 5624000.0,
        "Total Unusual Items": 431000.0,
        "Total Unusual Items Excluding Goodwill": 431000.0,
        "Net Income From Continuing Operation Net Minority Interest": 335000.0,
        "Reconciled Depreciation": 2787000.0,
        "Reconciled Cost Of Revenue": 136901000.0,
        "EBITDA": 6055000.0,
        "EBIT": 3268000.0,
        "Net Interest Income": -3011000.0,
        "Interest Expense": 3011000.0,
        "Normalized Income": -5490.0,
        "Net Income From Continuing And Discontinued Operation": 335000.0,
        "Total Expenses": 144926000.0,
        "Total Operating Income As Reported": 3268000.0,
        "Diluted Average Shares": 11003000.0,
        "Basic Average Shares": 10762000.0,
        "Diluted EPS": 0.03,
        "Basic EPS": 0.03,
        "Diluted NI Availto Com Stockholders": 335000.0,
        "Net Income Common Stockholders": 335000.0,
        "Net Income": 335000.0,
        "Net Income Including Noncontrolling Interests": 335000.0,
        "Net Income Continuous Operations": 335000.0,
        "Tax Provision": -78000.0,
        "Pretax Income": 257000.0,
        "Other Income Expense": 431000.0,
        "Special Income Charges": 431000.0,
        "Other Special Charges": -431000.0,
        "Net Non Operating Interest Income Expense": -3011000.0,
        "Interest Expense Non Operating": 3011000.0,
        "Operating Income": 2837000.0,
        "Operating Expense": 8025000.0,
        "Research And Development": 2241000.0,
        "Selling General And Administration": 5784000.0,
        "Gross Profit": 10862000.0,
        "Cost Of Revenue": 136901000.0,
        "Total Revenue": 147763000.0,
        "Operating Revenue": 147763000.0
    }
}