{
    "2023-03-31": {
        "Tax Effect Of Unusual Items": -189000.0,
        "Tax Rate For Calcs": 0.21,
        "Normalized EBITDA": 11700000.0,
        "Total Unusual Items": -900000.0,
        "Total Unusual Items Excluding Goodwill": -900000.0,
        "Net Income From Continuing Operation Net Minority Interest": -7000000.0,
        "Reconciled Depreciation": 10600000.0,
        "Reconciled Cost Of Revenue": 164800000.0,
        "EBITDA": 10800000.0,
        "EBIT": 200000.0,
        "Net Interest Income": -5300000.0,
        "Interest Expense": 5300000.0,
        "Normalized Income": -6289000.0,
        "Net Income From Continuing And Discontinued Operation": -7000000.0,
        "Total Expenses": 230400000.0,
        "Total Operating Income As Reported": 500000.0,
        "Diluted Average Shares": 128100000.0,
        "Basic Average Shares": 128100000.0,
        "Diluted EPS": -0.05,
        "Basic EPS": -0.05,
        "Diluted NI Availto Com Stockholders": -7000000.0,
        "Net Income Common Stockholders": -7000000.0,
        "Net Income": -7000000.0,
        "Minority Interests": -1200000.0,
        "Net Income Including Noncontrolling Interests": -5800000.0,
        "Net Income Discontinuous Operations": 0.0,
        "Net Income Continuous Operations": -5800000.0,
        "Tax Provision": 700000.0,
        "Pretax Income": -5100000.0,
        "Other Income Expense": -1200000.0,
        "Other Non Operating Income Expenses": -300000.0,
        "Special Income Charges": -900000.0,
        "Other Special Charges": NaN,
        "Restructuring And Mergern Acquisition": 900000.0,
        "Net Non Operating Interest Income Expense": -5300000.0,
        "Interest Expense Non Operating": 5300000.0,
        "Operating Income": 1400000.0,
        "Operating Expense": 58000000.0,
        "Depreciation Amortization Depletion Income Statement": 3000000.0,
        "Depreciation And Amortization In Income Statement": 3000000.0,
        "Amortization": 1600000.0,
        "Amortization Of Intangibles Income Statement": 1600000.0,
        "Depreciation Income Statement": 1400000.0,
        "Research And Development": 10200000.0,
        "Selling General And Administration": 44800000.0,
        "Gross Profit": 59400000.0,
        "Cost Of Revenue": 172400000.0,
        "Total Revenue": 231800000.0,
        "Operating Revenue": 231800000.0
    },
    "2022-12-31": {
        "Tax Effect Of Unusual Items": -105000.0,
        "Tax Rate For Calcs": 0.21,
        "Normalized EBITDA": 8900000.0,
        "Total Unusual Items": -500000.0,
        "Total Unusual Items Excluding Goodwill": -500000.0,
        "Net Income From Continuing Operation Net Minority Interest": -8500000.0,
        "Reconciled Depreciation": 2700000.0,
        "Reconciled Cost Of Revenue": 187900000.0,
        "EBITDA": 8400000.0,
        "EBIT": 5700000.0,
        "Net Interest Income": -4800000.0,
        "Interest Expense": 4800000.0,
        "Normalized Income": -8105000.0,
        "Net Income From Continuing And Discontinued Operation": -8300000.0,
        "Total Expenses": 244700000.0,
        "Total Operating Income As Reported": 4100000.0,
        "Diluted Average Shares": 127300000.0,
        "Basic Average Shares": 127300000.0,
        "Diluted EPS": -0.07,
        "Basic EPS": -0.07,
        "Diluted NI Availto Com Stockholders": -8300000.0,
        "Net Income Common Stockholders": -8300000.0,
        "Net Income": -8300000.0,
        "Minority Interests": -3400000.0,
        "Net Income Including Noncontrolling Interests": -4900000.0,
        "Net Income Discontinuous Operations": 200000.0,
        "Net Income Continuous Operations": -5100000.0,
        "Tax Provision": 6000000.0,
        "Pretax Income": 900000.0,
        "Other Income Expense": 1100000.0,
        "Other Non Operating Income Expenses": 1600000.0,
        "Special Income Charges": -500000.0,
        "Other Special Charges": 0.0,
        "Restructuring And Mergern Acquisition": 500000.0,
        "Net Non Operating Interest Income Expense": -4800000.0,
        "Interest Expense Non Operating": 4800000.0,
        "Operating Income": 4600000.0,
        "Operating Expense": 56800000.0,
        "Depreciation Amortization Depletion Income Statement": 2700000.0,
        "Depreciation And Amortization In Income Statement": 2700000.0,
        "Amortization": 1100000.0,
        "Amortization Of Intangibles Income Statement": 1100000.0,
        "Depreciation Income Statement": 1600000.0,
        "Research And Development": 10600000.0,
        "Selling General And Administration": 43500000.0,
        "Gross Profit": 61400000.0,
        "Cost Of Revenue": 187900000.0,
        "Total Revenue": 249300000.0,
        "Operating Revenue": 249300000.0
    },
    "2022-09-30": {
        "Tax Effect Of Unusual Items": -36363.636364,
        "Tax Rate For Calcs": 0.090909,
        "Normalized EBITDA": 7100000.0,
        "Total Unusual Items": -400000.0,
        "Total Unusual Items Excluding Goodwill": -400000.0,
        "Net Income From Continuing Operation Net Minority Interest": -8000000.0,
        "Reconciled Depreciation": 11400000.0,
        "Reconciled Cost Of Revenue": 173700000.0,
        "EBITDA": 6700000.0,
        "EBIT": -4700000.0,
        "Net Interest Income": -4100000.0,
        "Interest Expense": 4100000.0,
        "Normalized Income": -7636363.636364,
        "Net Income From Continuing And Discontinued Operation": -8000000.0,
        "Total Expenses": 231800000.0,
        "Total Operating Income As Reported": -3600000.0,
        "Diluted Average Shares": 127200000.0,
        "Basic Average Shares": 127200000.0,
        "Diluted EPS": -0.06,
        "Basic EPS": -0.06,
        "Diluted NI Availto Com Stockholders": -8000000.0,
        "Net Income Common Stockholders": -8000000.0,
        "Net Income": -8000000.0,
        "Minority Interests": 0.0,
        "Net Income Including Noncontrolling Interests": -8000000.0,
        "Net Income Discontinuous Operations": 0.0,
        "Net Income Continuous Operations": -8000000.0,
        "Tax Provision": -800000.0,
        "Pretax Income": -8800000.0,
        "Other Income Expense": -1500000.0,
        "Other Non Operating Income Expenses": -1100000.0,
        "Special Income Charges": -400000.0,
        "Other Special Charges": NaN,
        "Restructuring And Mergern Acquisition": 400000.0,
        "Net Non Operating Interest Income Expense": -4100000.0,
        "Interest Expense Non Operating": 4100000.0,
        "Operating Income": -3200000.0,
        "Operating Expense": 58100000.0,
        "Depreciation Amortization Depletion Income Statement": NaN,
        "Depreciation And Amortization In Income Statement": NaN,
        "Amortization": NaN,
        "Amortization Of Intangibles Income Statement": NaN,
        "Depreciation Income Statement": NaN,
        "Research And Development": 9600000.0,
        "Selling General And Administration": 48500000.0,
        "Gross Profit": 54900000.0,
        "Cost Of Revenue": 173700000.0,
        "Total Revenue": 228600000.0,
        "Operating Revenue": 228600000.0
    },
    "2022-06-30": {
        "Tax Effect Of Unusual Items": -2400000.0,
        "Tax Rate For Calcs": 0.4,
        "Normalized EBITDA": 13700000.0,
        "Total Unusual Items": -6000000.0,
        "Total Unusual Items Excluding Goodwill": -6000000.0,
        "Net Income From Continuing Operation Net Minority Interest": -5600000.0,
        "Reconciled Depreciation": 9600000.0,
        "Reconciled Cost Of Revenue": 166400000.0,
        "EBITDA": 7700000.0,
        "EBIT": -1900000.0,
        "Net Interest Income": -2900000.0,
        "Interest Expense": 2900000.0,
        "Normalized Income": -2000000.0,
        "Net Income From Continuing And Discontinued Operation": -4700000.0,
        "Total Expenses": 220100000.0,
        "Total Operating Income As Reported": -1900000.0,
        "Diluted Average Shares": 126400000.0,
        "Basic Average Shares": 126400000.0,
        "Diluted EPS": -0.04,
        "Basic EPS": -0.04,
        "Diluted NI Availto Com Stockholders": -4700000.0,
        "Net Income Common Stockholders": -4700000.0,
        "Net Income": -4700000.0,
        "Minority Interests": 300000.0,
        "Net Income Including Noncontrolling Interests": -4400000.0,
        "Net Income Discontinuous Operations": 900000.0,
        "Net Income Continuous Operations": -5300000.0,
        "Tax Provision": 500000.0,
        "Pretax Income": -4800000.0,
        "Other Income Expense": -6000000.0,
        "Other Non Operating Income Expenses": NaN,
        "Special Income Charges": -6000000.0,
        "Other Special Charges": NaN,
        "Restructuring And Mergern Acquisition": 6000000.0,
        "Net Non Operating Interest Income Expense": -2900000.0,
        "Interest Expense Non Operating": 2900000.0,
        "Operating Income": 4100000.0,
        "Operating Expense": 53700000.0,
        "Depreciation Amortization Depletion Income Statement": NaN,
        "Depreciation And Amortization In Income Statement": NaN,
        "Amortization": NaN,
        "Amortization Of Intangibles Income Statement": NaN,
        "Depreciation Income Statement": NaN,
        "Research And Development": 9200000.0,
        "Selling General And Administration": 44500000.0,
        "Gross Profit": 57800000.0,
        "Cost Of Revenue": 166400000.0,
        "Total Revenue": 224200000.0,
        "Operating Revenue": 224200000.0
    },
    "2023-06-30": {
        "Tax Effect Of Unusual Items": 0.0,
        "Tax Rate For Calcs": 0.4,
        "Normalized EBITDA": 17600000.0,
        "Total Unusual Items": 0.0,
        "Total Unusual Items Excluding Goodwill": 0.0,
        "Net Income From Continuing Operation Net Minority Interest": -2500000.0,
        "Reconciled Depreciation": 10700000.0,
        "Reconciled Cost Of Revenue": 193000000.0,
        "EBITDA": 17600000.0,
        "EBIT": 6900000.0,
        "Net Interest Income": -5100000.0,
        "Interest Expense": 5100000.0,
        "Normalized Income": -2500000.0,
        "Net Income From Continuing And Discontinued Operation": -2700000.0,
        "Total Expenses": 250200000.0,
        "Total Operating Income As Reported": 6700000.0,
        "Diluted Average Shares": 129100000.0,
        "Basic Average Shares": 129100000.0,
        "Diluted EPS": -0.02,
        "Basic EPS": -0.02,
        "Diluted NI Availto Com Stockholders": -2700000.0,
        "Net Income Common Stockholders": -2700000.0,
        "Net Income": -2700000.0,
        "Minority Interests": -2300000.0,
        "Net Income Including Noncontrolling Interests": -400000.0,
        "Net Income Discontinuous Operations": -200000.0,
        "Net Income Continuous Operations": -600000.0,
        "Tax Provision": 2400000.0,
        "Pretax Income": 1800000.0,
        "Other Income Expense": 200000.0,
        "Other Non Operating Income Expenses": 200000.0,
        "Special Income Charges": 0.0,
        "Other Special Charges": NaN,
        "Restructuring And Mergern Acquisition": 0.0,
        "Net Non Operating Interest Income Expense": -5100000.0,
        "Interest Expense Non Operating": 5100000.0,
        "Operating Income": 6700000.0,
        "Operating Expense": 57200000.0,
        "Depreciation Amortization Depletion Income Statement": NaN,
        "Depreciation And Amortization In Income Statement": NaN,
        "Amortization": NaN,
        "Amortization Of Intangibles Income Statement": NaN,
        "Depreciation Income Statement": NaN,
        "Research And Development": 9900000.0,
        "Selling General And Administration": 47300000.0,
        "Gross Profit": 63900000.0,
        "Cost Of Revenue": 193000000.0,
        "Total Revenue": 256900000.0,
        "Operating Revenue": 256900000.0
    },
    "2022-03-31": {
        "Diluted EPS": -0.12,
        "Total Revenue": 196,
        "Gross Profit": 52,
        "Operating Income": -1,
        "EBIT": 9,
        "Net Income": -16
    },
    "2021-12-31": {
        "Diluted EPS": -0.02,
        "Total Revenue": 212,
        "Gross Profit": 62,
        "Operating Income": 9,
        "EBIT": 18,
        "Net Income": -3
    },
    "2021-09-30": {
        "Diluted EPS": -0.02,
        "Total Revenue": 201,
        "Gross Profit": 61,
        "Operating Income": 11,
        "EBIT": 19,
        "Net Income": -2
    },
    "2021-06-30": {
        "Diluted EPS": 0.01,
        "Total Revenue": 205,
        "Gross Profit": 52,
        "Operating Income": 3,
        "EBIT": 13,
        "Net Income": 1
    },
    "2021-03-31": {
        "Diluted EPS": 0.01,
        "Total Revenue": 194,
        "Gross Profit": 51,
        "Operating Income": 5,
        "EBIT": 14,
        "Net Income": 2
    },
    "2020-12-31": {
        "Diluted EPS": 0.66,
        "Total Revenue": 206,
        "Gross Profit": 54,
        "Operating Income": 9,
        "EBIT": 18,
        "Net Income": 78
    },
    "2020-09-30": {
        "Diluted EPS": 0.02,
        "Total Revenue": 202,
        "Gross Profit": 57,
        "Operating Income": 13,
        "EBIT": 21,
        "Net Income": 2
    },
    "2020-06-30": {
        "Diluted EPS": -0.01,
        "Total Revenue": 170,
        "Gross Profit": 46,
        "Operating Income": 3,
        "EBIT": 12,
        "Net Income": -1
    },
    "2020-03-31": {
        "Diluted EPS": -0.0,
        "Total Revenue": 169,
        "Gross Profit": 46,
        "Operating Income": 5,
        "EBIT": 14,
        "Net Income": 0
    },
    "2019-12-31": {
        "Diluted EPS": 0.02,
        "Total Revenue": 185,
        "Gross Profit": 48,
        "Operating Income": 9,
        "EBIT": 19,
        "Net Income": 3
    },
    "2019-09-30": {
        "Diluted EPS": 0.02,
        "Total Revenue": 184,
        "Gross Profit": 49,
        "Operating Income": 12,
        "EBIT": 21,
        "Net Income": 3
    },
    "2019-06-30": {
        "Diluted EPS": 0.04,
        "Total Revenue": 188,
        "Gross Profit": 48,
        "Operating Income": 9,
        "EBIT": 17,
        "Net Income": 4
    },
    "2019-03-31": {
        "Diluted EPS": 0.03,
        "Total Revenue": 160,
        "Gross Profit": 45,
        "Operating Income": 8,
        "EBIT": 17,
        "Net Income": 3
    },
    "2018-12-31": {
        "Diluted EPS": 0.04,
        "Total Revenue": 164,
        "Gross Profit": 46,
        "Operating Income": 11,
        "EBIT": 15,
        "Net Income": 5
    },
    "2018-09-30": {
        "Diluted EPS": 0.02,
        "Total Revenue": 159,
        "Gross Profit": 44,
        "Operating Income": 10,
        "EBIT": 15,
        "Net Income": 2
    },
    "2018-06-30": {
        "Diluted EPS": -0.07,
        "Total Revenue": 151,
        "Gross Profit": 39,
        "Operating Income": 3,
        "EBIT": 8,
        "Net Income": -8
    },
    "2018-03-31": {
        "Diluted EPS": -0.02,
        "Total Revenue": 143,
        "Gross Profit": 41,
        "Operating Income": 7,
        "EBIT": 12,
        "Net Income": -2
    },
    "2017-12-31": {
        "Diluted EPS": -0.23,
        "Total Revenue": 166,
        "Gross Profit": 47,
        "Operating Income": -15,
        "EBIT": 15,
        "Net Income": -22
    },
    "2017-09-30": {
        "Diluted EPS": -0.05,
        "Total Revenue": 157,
        "Gross Profit": 37,
        "Operating Income": 0,
        "EBIT": 7,
        "Net Income": -4
    },
    "2017-06-30": {
        "Diluted EPS": -0.07,
        "Total Revenue": 148,
        "Gross Profit": 38,
        "Operating Income": 2,
        "EBIT": 7,
        "Net Income": -6
    },
    "2017-03-31": {
        "Diluted EPS": -0.13,
        "Total Revenue": 132,
        "Gross Profit": 36,
        "Operating Income": 1,
        "EBIT": 8,
        "Net Income": -10
    },
    "2016-12-31": {
        "Diluted EPS": -0.06,
        "Total Revenue": 55,
        "Gross Profit": 14,
        "Operating Income": 5,
        "EBIT": 11,
        "Net Income": -4
    },
    "2016-09-30": {
        "Diluted EPS": -0.39,
        "Total Revenue": 165,
        "Gross Profit": 26,
        "Operating Income": -13,
        "EBIT": -7,
        "Net Income": -24
    },
    "2016-06-30": {
        "Diluted EPS": -0.17,
        "Total Revenue": 168,
        "Gross Profit": 45,
        "Operating Income": NaN,
        "EBIT": 6,
        "Net Income": -10
    },
    "2016-03-31": {
        "Diluted EPS": -0.37,
        "Total Revenue": 153,
        "Gross Profit": 36,
        "Operating Income": -10,
        "EBIT": -4,
        "Net Income": -22
    },
    "2015-12-31": {
        "Diluted EPS": -0.05,
        "Total Revenue": 178,
        "Gross Profit": 42,
        "Operating Income": 2,
        "EBIT": 8,
        "Net Income": -4
    },
    "2015-09-30": {
        "Diluted EPS": 0.92,
        "Total Revenue": 162,
        "Gross Profit": 40,
        "Operating Income": 2,
        "EBIT": 8,
        "Net Income": 55
    },
    "2015-06-30": {
        "Diluted EPS": -0.25,
        "Total Revenue": 161,
        "Gross Profit": 41,
        "Operating Income": -4,
        "EBIT": 4,
        "Net Income": -15
    },
    "2015-03-31": {
        "Diluted EPS": -0.28,
        "Total Revenue": 157,
        "Gross Profit": 38,
        "Operating Income": -4,
        "EBIT": 4,
        "Net Income": -16
    },
    "2014-12-31": {
        "Diluted EPS": -0.03,
        "Total Revenue": 168,
        "Gross Profit": 36,
        "Operating Income": 3,
        "EBIT": 12,
        "Net Income": -2
    },
    "2014-09-30": {
        "Diluted EPS": -0.19,
        "Total Revenue": 191,
        "Gross Profit": 42,
        "Operating Income": -3,
        "EBIT": 6,
        "Net Income": -11
    },
    "2014-06-30": {
        "Diluted EPS": -0.87,
        "Total Revenue": 204,
        "Gross Profit": 48,
        "Operating Income": 2,
        "EBIT": 9,
        "Net Income": -50
    },
    "2014-03-31": {
        "Diluted EPS": -0.26,
        "Total Revenue": 200,
        "Gross Profit": 53,
        "Operating Income": 3,
        "EBIT": 13,
        "Net Income": -15
    },
    "2013-12-31": {
        "Diluted EPS": -0.13,
        "Total Revenue": 130,
        "Gross Profit": 26,
        "Operating Income": -8,
        "EBIT": -3,
        "Net Income": -7
    },
    "2013-09-30": {
        "Diluted EPS": -0.17,
        "Total Revenue": 226,
        "Gross Profit": 52,
        "Operating Income": 6,
        "EBIT": 19,
        "Net Income": -10
    },
    "2013-06-30": {
        "Diluted EPS": -0.17,
        "Total Revenue": 235,
        "Gross Profit": 60,
        "Operating Income": 9,
        "EBIT": 23,
        "Net Income": -10
    },
    "2013-03-31": {
        "Diluted EPS": -0.18,
        "Total Revenue": 253,
        "Gross Profit": 66,
        "Operating Income": 12,
        "EBIT": 26,
        "Net Income": -10
    },
    "2012-12-31": {
        "Diluted EPS": -1.87,
        "Total Revenue": 264,
        "Gross Profit": 68,
        "Operating Income": -80,
        "EBIT": 32,
        "Net Income": -90
    },
    "2012-09-30": {
        "Diluted EPS": -0.07,
        "Total Revenue": 276,
        "Gross Profit": 74,
        "Operating Income": 14,
        "EBIT": 31,
        "Net Income": -4
    },
    "2012-06-30": {
        "Diluted EPS": -0.41,
        "Total Revenue": 220,
        "Gross Profit": 58,
        "Operating Income": 7,
        "EBIT": 20,
        "Net Income": -17
    },
    "2012-03-31": {
        "Diluted EPS": -0.09,
        "Total Revenue": 210,
        "Gross Profit": 58,
        "Operating Income": 9,
        "EBIT": 23,
        "Net Income": -3
    },
    "2011-12-31": {
        "Diluted EPS": -0.27,
        "Total Revenue": 213,
        "Gross Profit": 59,
        "Operating Income": 10,
        "EBIT": 25,
        "Net Income": -9
    },
    "2011-09-30": {
        "Diluted EPS": -0.22,
        "Total Revenue": 207,
        "Gross Profit": 59,
        "Operating Income": 10,
        "EBIT": 26,
        "Net Income": -7
    },
    "2011-06-30": {
        "Diluted EPS": -0.22,
        "Total Revenue": 171,
        "Gross Profit": 45,
        "Operating Income": 9,
        "EBIT": 21,
        "Net Income": -5
    },
    "2011-03-31": {
        "Diluted EPS": -0.17,
        "Total Revenue": 123,
        "Gross Profit": 27,
        "Operating Income": 1,
        "EBIT": 7,
        "Net Income": -4
    },
    "2010-12-31": {
        "Diluted EPS": 0.0,
        "Total Revenue": 121,
        "Gross Profit": 25,
        "Operating Income": 7,
        "EBIT": 11,
        "Net Income": 0
    },
    "2010-09-30": {
        "Diluted EPS": 0.19,
        "Total Revenue": 120,
        "Gross Profit": 24,
        "Operating Income": 8,
        "EBIT": 13,
        "Net Income": 3
    },
    "2010-06-30": {
        "Diluted EPS": 0.65,
        "Total Revenue": 99,
        "Gross Profit": 20,
        "Operating Income": 5,
        "EBIT": 9,
        "Net Income": 11
    },
    "2010-03-31": {
        "Diluted EPS": 0.02,
        "Total Revenue": 69,
        "Gross Profit": 15,
        "Operating Income": 4,
        "EBIT": 8,
        "Net Income": 0
    },
    "2009-12-31": {
        "Diluted EPS": 0.3,
        "Total Revenue": 75,
        "Gross Profit": 11,
        "Operating Income": 3,
        "EBIT": 6,
        "Net Income": 0
    },
    "2009-09-30": {
        "Diluted EPS": 0.19,
        "Total Revenue": 86,
        "Gross Profit": 18,
        "Operating Income": 5,
        "EBIT": 7,
        "Net Income": 3
    },
    "2009-06-30": {
        "Diluted EPS": -0.19,
        "Total Revenue": 91,
        "Gross Profit": 17,
        "Operating Income": 4,
        "EBIT": 6,
        "Net Income": -3
    },
    "2009-03-31": {
        "Diluted EPS": -3.29,
        "Total Revenue": 83,
        "Gross Profit": 17,
        "Operating Income": -39,
        "EBIT": 5,
        "Net Income": -42
    },
    "2023-09-30": {
        "Tax Effect Of Unusual Items": 0.0,
        "Tax Rate For Calcs": 0.21,
        "Normalized EBITDA": 15300000.0,
        "Total Unusual Items": 0.0,
        "Total Unusual Items Excluding Goodwill": 0.0,
        "Net Income From Continuing Operation Net Minority Interest": -1600000.0,
        "Reconciled Depreciation": 3400000.0,
        "Reconciled Cost Of Revenue": 201200000.0,
        "EBITDA": 15300000.0,
        "EBIT": 11900000.0,
        "Net Interest Income": -5100000.0,
        "Interest Expense": 5100000.0,
        "Normalized Income": -1600000.0,
        "Net Income From Continuing And Discontinued Operation": -1600000.0,
        "Total Expenses": 262400000.0,
        "Total Operating Income As Reported": 12200000.0,
        "Diluted Average Shares": 129600000.0,
        "Basic Average Shares": 129600000.0,
        "Diluted EPS": -0.01,
        "Basic EPS": -0.01,
        "Diluted NI Availto Com Stockholders": -1600000.0,
        "Net Income Common Stockholders": -1600000.0,
        "Net Income": -1600000.0,
        "Minority Interests": -4600000.0,
        "Net Income Including Noncontrolling Interests": 3000000.0,
        "Net Income Discontinuous Operations": 0.0,
        "Net Income Continuous Operations": 3000000.0,
        "Tax Provision": 3800000.0,
        "Pretax Income": 6800000.0,
        "Other Income Expense": -300000.0,
        "Other Non Operating Income Expenses": -300000.0,
        "Special Income Charges": 0.0,
        "Other Special Charges": NaN,
        "Restructuring And Mergern Acquisition": 0.0,
        "Net Non Operating Interest Income Expense": -5100000.0,
        "Interest Expense Non Operating": 5100000.0,
        "Operating Income": 12200000.0,
        "Operating Expense": 61200000.0,
        "Depreciation Amortization Depletion Income Statement": 3400000.0,
        "Depreciation And Amortization In Income Statement": 3400000.0,
        "Amortization": 1500000.0,
        "Amortization Of Intangibles Income Statement": 1500000.0,
        "Depreciation Income Statement": 1900000.0,
        "Research And Development": 10300000.0,
        "Selling General And Administration": 47500000.0,
        "Gross Profit": 73400000.0,
        "Cost Of Revenue": 201200000.0,
        "Total Revenue": 274600000.0,
        "Operating Revenue": 274600000.0
    }
}