{
    "2022-06-30": {
        "Tax Effect Of Unusual Items": -121200.0,
        "Tax Rate For Calcs": 0.4,
        "Normalized EBITDA": 4690000.0,
        "Total Unusual Items": -303000.0,
        "Total Unusual Items Excluding Goodwill": -303000.0,
        "Net Income From Continuing Operation Net Minority Interest": 3757000.0,
        "Reconciled Cost Of Revenue": 25540000.0,
        "EBITDA": 4387000.0,
        "EBIT": 4387000.0,
        "Net Interest Income": -1208000.0,
        "Interest Expense": 1216000.0,
        "Interest Income": 8000.0,
        "Normalized Income": 3938800.0,
        "Net Income From Continuing And Discontinued Operation": 3757000.0,
        "Total Expenses": 49838000.0,
        "Total Operating Income As Reported": 4379000.0,
        "Diluted Average Shares": 29660565.0,
        "Basic Average Shares": 29660565.0,
        "Diluted EPS": 0.13,
        "Basic EPS": 0.13,
        "Diluted NI Availto Com Stockholders": 3757000.0,
        "Net Income Common Stockholders": 3757000.0,
        "Net Income": 3757000.0,
        "Minority Interests": 391000.0,
        "Net Income Including Noncontrolling Interests": 3366000.0,
        "Net Income Continuous Operations": 3366000.0,
        "Tax Provision": -195000.0,
        "Pretax Income": 3171000.0,
        "Other Income Expense": -224000.0,
        "Other Non Operating Income Expenses": 79000.0,
        "Special Income Charges": -1268000.0,
        "Write Off": 2055000.0,
        "Earnings From Equity Interest": 0.0,
        "Net Non Operating Interest Income Expense": -1208000.0,
        "Interest Expense Non Operating": 1216000.0,
        "Interest Income Non Operating": 8000.0,
        "Operating Income": 4603000.0,
        "Operating Expense": 24298000.0,
        "Other Operating Expenses": -971000.0,
        "Selling General And Administration": 25334000.0,
        "Selling And Marketing Expense": 5988000.0,
        "General And Administrative Expense": 19346000.0,
        "Other Gand A": 19346000.0,
        "Gross Profit": 28901000.0,
        "Cost Of Revenue": 25540000.0,
        "Total Revenue": 54441000.0,
        "Operating Revenue": 54441000.0
    },
    "2022-03-31": {
        "Diluted EPS": -0.19,
        "Total Revenue": 4,
        "Gross Profit": 0,
        "Operating Income": -6,
        "EBIT": -6,
        "Net Income": -5
    },
    "2021-12-31": {
        "Diluted EPS": 0.09,
        "Total Revenue": 18,
        "Gross Profit": 10,
        "Operating Income": 2,
        "EBIT": 2,
        "Net Income": 2
    },
    "2021-09-30": {
        "Diluted EPS": -0.13,
        "Total Revenue": 13,
        "Gross Profit": 8,
        "Operating Income": -3,
        "EBIT": -3,
        "Net Income": -4
    },
    "2021-06-30": {
        "Diluted EPS": -0.07,
        "Total Revenue": 13,
        "Gross Profit": 8,
        "Operating Income": -1,
        "EBIT": -1,
        "Net Income": -2
    },
    "2021-03-31": {
        "Diluted EPS": -0.2,
        "Total Revenue": 2,
        "Gross Profit": 0,
        "Operating Income": -6,
        "EBIT": -6,
        "Net Income": -6
    },
    "2020-12-31": {
        "Diluted EPS": 0.28,
        "Total Revenue": 20,
        "Gross Profit": 20,
        "Operating Income": 20,
        "EBIT": 20,
        "Net Income": 7
    },
    "2020-09-30": {
        "Diluted EPS": 0.0,
        "Total Revenue": NaN,
        "Gross Profit": NaN,
        "Operating Income": NaN,
        "Net Income": NaN
    },
    "2019-12-31": {
        "Diluted EPS": 0.0,
        "Total Revenue": NaN,
        "Gross Profit": NaN,
        "Operating Income": NaN,
        "EBIT": NaN,
        "Net Income": NaN
    },
    "2023-06-30": {
        "Tax Effect Of Unusual Items": 0.0,
        "Tax Rate For Calcs": 0.0,
        "Normalized EBITDA": 25090000.0,
        "Total Unusual Items": -1391000.0,
        "Total Unusual Items Excluding Goodwill": -1391000.0,
        "Net Income From Continuing Operation Net Minority Interest": 20307000.0,
        "Reconciled Cost Of Revenue": 10371000.0,
        "EBITDA": 23699000.0,
        "EBIT": 23699000.0,
        "Net Interest Income": -1341000.0,
        "Interest Expense": 1345000.0,
        "Interest Income": 4000.0,
        "Normalized Income": 21698000.0,
        "Net Income From Continuing And Discontinued Operation": 20307000.0,
        "Total Expenses": 28314000.0,
        "Total Operating Income As Reported": 23695000.0,
        "Diluted Average Shares": 29430435.0,
        "Basic Average Shares": 29430435.0,
        "Diluted EPS": 0.69,
        "Basic EPS": 0.69,
        "Diluted NI Availto Com Stockholders": 20307000.0,
        "Net Income Common Stockholders": 20307000.0,
        "Net Income": 20307000.0,
        "Minority Interests": -2046000.0,
        "Net Income Including Noncontrolling Interests": 22354000.0,
        "Net Income Continuous Operations": 22354000.0,
        "Tax Provision": 0.0,
        "Pretax Income": 22354000.0,
        "Other Income Expense": -195000.0,
        "Other Non Operating Income Expenses": 1196000.0,
        "Special Income Charges": -1391000.0,
        "Write Off": 1391000.0,
        "Earnings From Equity Interest": 0.0,
        "Net Non Operating Interest Income Expense": -1341000.0,
        "Interest Expense Non Operating": 1345000.0,
        "Interest Income Non Operating": 4000.0,
        "Operating Income": 23890000.0,
        "Operating Expense": 17943000.0,
        "Other Operating Expenses": 32000.0,
        "Selling General And Administration": 17911000.0,
        "Selling And Marketing Expense": 7601000.0,
        "General And Administrative Expense": 10310000.0,
        "Other Gand A": 10310000.0,
        "Gross Profit": 41833000.0,
        "Cost Of Revenue": 10371000.0,
        "Total Revenue": 52204000.0,
        "Operating Revenue": 52204000.0
    },
    "2024-06-30": {
        "Tax Effect Of Unusual Items": 0.0,
        "Tax Rate For Calcs": 0.0,
        "Normalized EBITDA": 26476000.0,
        "Total Unusual Items": 2703000.0,
        "Total Unusual Items Excluding Goodwill": 2703000.0,
        "Net Income From Continuing Operation Net Minority Interest": 29711000.0,
        "Reconciled Cost Of Revenue": 11833000.0,
        "EBITDA": 29179000.0,
        "EBIT": 29179000.0,
        "Net Interest Income": -796000.0,
        "Interest Expense": 796000.0,
        "Interest Income": NaN,
        "Normalized Income": 27008000.0,
        "Net Income From Continuing And Discontinued Operation": 29711000.0,
        "Total Expenses": 26413000.0,
        "Total Operating Income As Reported": 29179000.0,
        "Diluted Average Shares": 39551723.0,
        "Basic Average Shares": 39551723.0,
        "Diluted EPS": 1.56,
        "Basic EPS": 1.56,
        "Diluted NI Availto Com Stockholders": 29711000.0,
        "Net Income Common Stockholders": 29711000.0,
        "Net Income": 29711000.0,
        "Minority Interests": 1328000.0,
        "Net Income Including Noncontrolling Interests": 28383000.0,
        "Net Income Continuous Operations": 28383000.0,
        "Tax Provision": 0.0,
        "Pretax Income": 28383000.0,
        "Other Income Expense": 1479000.0,
        "Other Non Operating Income Expenses": -1224000.0,
        "Special Income Charges": 2703000.0,
        "Write Off": -2703000.0,
        "Earnings From Equity Interest": 0.0,
        "Net Non Operating Interest Income Expense": -796000.0,
        "Interest Expense Non Operating": 796000.0,
        "Interest Income Non Operating": NaN,
        "Operating Income": 27700000.0,
        "Operating Expense": 14580000.0,
        "Other Operating Expenses": 1889000.0,
        "Selling General And Administration": 12691000.0,
        "Selling And Marketing Expense": 6395000.0,
        "General And Administrative Expense": 6296000.0,
        "Other Gand A": 6296000.0,
        "Gross Profit": 42280000.0,
        "Cost Of Revenue": 11833000.0,
        "Total Revenue": 54113000.0,
        "Operating Revenue": 54113000.0
    }
}