{
    "2023-03-31": {
        "Tax Effect Of Unusual Items": NaN,
        "Tax Rate For Calcs": NaN,
        "Normalized EBITDA": NaN,
        "Total Unusual Items": NaN,
        "Total Unusual Items Excluding Goodwill": NaN,
        "Net Income From Continuing Operation Net Minority Interest": NaN,
        "Reconciled Depreciation": NaN,
        "Reconciled Cost Of Revenue": NaN,
        "EBITDA": NaN,
        "EBIT": NaN,
        "Net Interest Income": NaN,
        "Interest Expense": 0.0,
        "Interest Income": NaN,
        "Normalized Income": NaN,
        "Net Income From Continuing And Discontinued Operation": NaN,
        "Total Expenses": NaN,
        "Total Operating Income As Reported": NaN,
        "Diluted Average Shares": NaN,
        "Basic Average Shares": NaN,
        "Diluted EPS": NaN,
        "Basic EPS": NaN,
        "Diluted NI Availto Com Stockholders": NaN,
        "Net Income Common Stockholders": NaN,
        "Net Income": NaN,
        "Net Income Including Noncontrolling Interests": NaN,
        "Net Income Discontinuous Operations": 0.0,
        "Net Income Continuous Operations": NaN,
        "Tax Provision": NaN,
        "Pretax Income": NaN,
        "Other Income Expense": NaN,
        "Other Non Operating Income Expenses": NaN,
        "Special Income Charges": NaN,
        "Impairment Of Capital Assets": NaN,
        "Net Non Operating Interest Income Expense": NaN,
        "Interest Expense Non Operating": 0.0,
        "Interest Income Non Operating": NaN,
        "Operating Income": NaN,
        "Operating Expense": NaN,
        "Research And Development": NaN,
        "Selling General And Administration": NaN,
        "Selling And Marketing Expense": NaN,
        "General And Administrative Expense": NaN,
        "Other Gand A": NaN,
        "Gross Profit": NaN,
        "Cost Of Revenue": NaN,
        "Total Revenue": NaN,
        "Operating Revenue": NaN
    },
    "2022-12-31": {
        "Tax Effect Of Unusual Items": NaN,
        "Tax Rate For Calcs": NaN,
        "Normalized EBITDA": NaN,
        "Total Unusual Items": NaN,
        "Total Unusual Items Excluding Goodwill": NaN,
        "Net Income From Continuing Operation Net Minority Interest": NaN,
        "Reconciled Depreciation": NaN,
        "Reconciled Cost Of Revenue": NaN,
        "EBITDA": NaN,
        "EBIT": NaN,
        "Net Interest Income": NaN,
        "Interest Expense": 0.0,
        "Interest Income": NaN,
        "Normalized Income": NaN,
        "Net Income From Continuing And Discontinued Operation": NaN,
        "Total Expenses": NaN,
        "Total Operating Income As Reported": NaN,
        "Diluted Average Shares": 18982000.0,
        "Basic Average Shares": 18805000.0,
        "Diluted EPS": 0.03,
        "Basic EPS": 0.03,
        "Diluted NI Availto Com Stockholders": NaN,
        "Net Income Common Stockholders": NaN,
        "Net Income": NaN,
        "Net Income Including Noncontrolling Interests": NaN,
        "Net Income Discontinuous Operations": -36000.0,
        "Net Income Continuous Operations": NaN,
        "Tax Provision": NaN,
        "Pretax Income": NaN,
        "Other Income Expense": NaN,
        "Other Non Operating Income Expenses": NaN,
        "Special Income Charges": NaN,
        "Impairment Of Capital Assets": NaN,
        "Net Non Operating Interest Income Expense": NaN,
        "Interest Expense Non Operating": 0.0,
        "Interest Income Non Operating": NaN,
        "Operating Income": NaN,
        "Operating Expense": NaN,
        "Research And Development": NaN,
        "Selling General And Administration": NaN,
        "Selling And Marketing Expense": NaN,
        "General And Administrative Expense": NaN,
        "Other Gand A": NaN,
        "Gross Profit": NaN,
        "Cost Of Revenue": NaN,
        "Total Revenue": NaN,
        "Operating Revenue": NaN
    },
    "2022-09-30": {
        "Tax Effect Of Unusual Items": NaN,
        "Tax Rate For Calcs": NaN,
        "Normalized EBITDA": NaN,
        "Total Unusual Items": 0.0,
        "Total Unusual Items Excluding Goodwill": 0.0,
        "Net Income From Continuing Operation Net Minority Interest": NaN,
        "Reconciled Depreciation": NaN,
        "Reconciled Cost Of Revenue": NaN,
        "EBITDA": NaN,
        "EBIT": NaN,
        "Net Interest Income": NaN,
        "Interest Expense": NaN,
        "Interest Income": NaN,
        "Normalized Income": NaN,
        "Net Income From Continuing And Discontinued Operation": NaN,
        "Total Expenses": NaN,
        "Total Operating Income As Reported": NaN,
        "Diluted Average Shares": NaN,
        "Basic Average Shares": NaN,
        "Diluted EPS": NaN,
        "Basic EPS": NaN,
        "Diluted NI Availto Com Stockholders": NaN,
        "Net Income Common Stockholders": NaN,
        "Net Income": NaN,
        "Net Income Including Noncontrolling Interests": NaN,
        "Net Income Discontinuous Operations": NaN,
        "Net Income Continuous Operations": NaN,
        "Tax Provision": NaN,
        "Pretax Income": NaN,
        "Other Income Expense": NaN,
        "Other Non Operating Income Expenses": NaN,
        "Special Income Charges": 0.0,
        "Impairment Of Capital Assets": 0.0,
        "Net Non Operating Interest Income Expense": NaN,
        "Interest Expense Non Operating": NaN,
        "Interest Income Non Operating": NaN,
        "Operating Income": NaN,
        "Operating Expense": NaN,
        "Research And Development": NaN,
        "Selling General And Administration": NaN,
        "Selling And Marketing Expense": NaN,
        "General And Administrative Expense": NaN,
        "Other Gand A": NaN,
        "Gross Profit": NaN,
        "Cost Of Revenue": NaN,
        "Total Revenue": NaN,
        "Operating Revenue": NaN
    },
    "2022-06-30": {
        "Tax Effect Of Unusual Items": 0.0,
        "Tax Rate For Calcs": 0.4,
        "Normalized EBITDA": 2383000.0,
        "Net Income From Continuing Operation Net Minority Interest": -1444000.0,
        "Reconciled Depreciation": 3591000.0,
        "Reconciled Cost Of Revenue": 26537000.0,
        "EBITDA": 2383000.0,
        "EBIT": -1208000.0,
        "Net Interest Income": 200000.0,
        "Interest Expense": 1000.0,
        "Interest Income": 201000.0,
        "Normalized Income": -1444000.0,
        "Net Income From Continuing And Discontinued Operation": -1444000.0,
        "Total Expenses": 44169000.0,
        "Total Operating Income As Reported": -2332000.0,
        "Diluted Average Shares": 18564000.0,
        "Basic Average Shares": 18564000.0,
        "Diluted EPS": -0.08,
        "Basic EPS": -0.08,
        "Diluted NI Availto Com Stockholders": -1444000.0,
        "Net Income Common Stockholders": -1444000.0,
        "Net Income": -1444000.0,
        "Net Income Including Noncontrolling Interests": -1444000.0,
        "Net Income Discontinuous Operations": NaN,
        "Net Income Continuous Operations": -1444000.0,
        "Tax Provision": 235000.0,
        "Pretax Income": -1209000.0,
        "Other Income Expense": 923000.0,
        "Other Non Operating Income Expenses": 923000.0,
        "Net Non Operating Interest Income Expense": 200000.0,
        "Interest Expense Non Operating": 1000.0,
        "Interest Income Non Operating": 201000.0,
        "Operating Income": -2332000.0,
        "Operating Expense": 17632000.0,
        "Research And Development": 3759000.0,
        "Selling General And Administration": 13873000.0,
        "Selling And Marketing Expense": 6975000.0,
        "General And Administrative Expense": 6898000.0,
        "Other Gand A": 6898000.0,
        "Gross Profit": 15300000.0,
        "Cost Of Revenue": 26537000.0,
        "Total Revenue": 41837000.0,
        "Operating Revenue": 41837000.0
    },
    "2022-03-31": {
        "Diluted EPS": -0.25,
        "Total Revenue": 33,
        "Gross Profit": 13,
        "Operating Income": -4,
        "EBIT": -1,
        "Net Income": -5
    },
    "2021-12-31": {
        "Diluted EPS": -0.23,
        "Total Revenue": 14,
        "Gross Profit": 3,
        "Operating Income": -7,
        "EBIT": -3,
        "Net Income": -4
    },
    "2021-09-30": {
        "Diluted EPS": 0.22,
        "Total Revenue": 34,
        "Gross Profit": 12,
        "Operating Income": -4,
        "EBIT": 0,
        "Net Income": 4
    },
    "2021-06-30": {
        "Diluted EPS": -0.31,
        "Total Revenue": 43,
        "Gross Profit": 15,
        "Operating Income": -6,
        "EBIT": -2,
        "Net Income": -6
    },
    "2021-03-31": {
        "Diluted EPS": -0.22,
        "Total Revenue": 42,
        "Gross Profit": 16,
        "Operating Income": -4,
        "EBIT": 0,
        "Net Income": -4
    },
    "2020-12-31": {
        "Diluted EPS": -0.66,
        "Total Revenue": 44,
        "Gross Profit": 17,
        "Operating Income": -11,
        "EBIT": 3,
        "Net Income": -12
    },
    "2020-09-30": {
        "Diluted EPS": -0.03,
        "Total Revenue": 41,
        "Gross Profit": 16,
        "Operating Income": -1,
        "EBIT": 2,
        "Net Income": -1
    },
    "2020-06-30": {
        "Diluted EPS": -0.2,
        "Total Revenue": 37,
        "Gross Profit": 13,
        "Operating Income": -3,
        "EBIT": -1,
        "Net Income": -4
    },
    "2020-03-31": {
        "Diluted EPS": -0.35,
        "Total Revenue": 37,
        "Gross Profit": 12,
        "Operating Income": -8,
        "EBIT": -5,
        "Net Income": -6
    },
    "2019-12-31": {
        "Diluted EPS": -0.2,
        "Total Revenue": 42,
        "Gross Profit": 16,
        "Operating Income": -3,
        "EBIT": -1,
        "Net Income": -3
    },
    "2019-09-30": {
        "Diluted EPS": -0.25,
        "Total Revenue": 39,
        "Gross Profit": 13,
        "Operating Income": -5,
        "EBIT": -2,
        "Net Income": -4
    },
    "2019-06-30": {
        "Diluted EPS": 2.71,
        "Total Revenue": 40,
        "Gross Profit": 12,
        "Operating Income": -7,
        "EBIT": -4,
        "Net Income": 47
    },
    "2019-03-31": {
        "Diluted EPS": -0.36,
        "Total Revenue": 36,
        "Gross Profit": 13,
        "Operating Income": -6,
        "EBIT": -3,
        "Net Income": -6
    },
    "2018-12-31": {
        "Diluted EPS": -0.1,
        "Total Revenue": 35,
        "Gross Profit": 11,
        "Operating Income": -3,
        "EBIT": 0,
        "Net Income": -2
    },
    "2018-09-30": {
        "Diluted EPS": -0.07,
        "Total Revenue": 39,
        "Gross Profit": 15,
        "Operating Income": -2,
        "EBIT": 1,
        "Net Income": -1
    },
    "2018-06-30": {
        "Diluted EPS": -0.08,
        "Total Revenue": 39,
        "Gross Profit": 14,
        "Operating Income": -3,
        "EBIT": 1,
        "Net Income": -1
    },
    "2018-03-31": {
        "Diluted EPS": -0.23,
        "Total Revenue": 40,
        "Gross Profit": 17,
        "Operating Income": -3,
        "EBIT": 0,
        "Net Income": -4
    },
    "2017-12-31": {
        "Diluted EPS": -0.1,
        "Total Revenue": 39,
        "Gross Profit": 18,
        "Operating Income": -1,
        "EBIT": 2,
        "Net Income": -2
    },
    "2017-09-30": {
        "Diluted EPS": -0.15,
        "Total Revenue": 40,
        "Gross Profit": 17,
        "Operating Income": -2,
        "EBIT": 1,
        "Net Income": -2
    },
    "2017-06-30": {
        "Diluted EPS": -0.12,
        "Total Revenue": 40,
        "Gross Profit": 18,
        "Operating Income": -1,
        "EBIT": 1,
        "Net Income": -2
    },
    "2017-03-31": {
        "Diluted EPS": -0.3,
        "Total Revenue": 40,
        "Gross Profit": 16,
        "Operating Income": -4,
        "EBIT": -2,
        "Net Income": -5
    },
    "2016-12-31": {
        "Diluted EPS": -0.42,
        "Total Revenue": 44,
        "Gross Profit": 19,
        "Operating Income": 0,
        "EBIT": 3,
        "Net Income": -7
    },
    "2016-09-30": {
        "Diluted EPS": 0.18,
        "Total Revenue": 46,
        "Gross Profit": 21,
        "Operating Income": 3,
        "EBIT": 6,
        "Net Income": 3
    },
    "2016-06-30": {
        "Diluted EPS": -0.05,
        "Total Revenue": 46,
        "Gross Profit": 20,
        "Operating Income": -1,
        "EBIT": 2,
        "Net Income": -1
    },
    "2016-03-31": {
        "Diluted EPS": -0.18,
        "Total Revenue": 40,
        "Gross Profit": 17,
        "Operating Income": -3,
        "EBIT": 0,
        "Net Income": -3
    },
    "2015-12-31": {
        "Diluted EPS": 0.26,
        "Total Revenue": 54,
        "Gross Profit": 26,
        "Operating Income": 5,
        "EBIT": 8,
        "Net Income": 4
    },
    "2015-09-30": {
        "Diluted EPS": -0.03,
        "Total Revenue": 44,
        "Gross Profit": 20,
        "Operating Income": 0,
        "EBIT": 3,
        "Net Income": 0
    },
    "2015-06-30": {
        "Diluted EPS": 0.0,
        "Total Revenue": 45,
        "Gross Profit": 19,
        "Operating Income": 0,
        "EBIT": 3,
        "Net Income": 0
    },
    "2015-03-31": {
        "Diluted EPS": -0.09,
        "Total Revenue": 41,
        "Gross Profit": 18,
        "Operating Income": -2,
        "EBIT": 1,
        "Net Income": -1
    },
    "2014-12-31": {
        "Diluted EPS": 0.06,
        "Total Revenue": 50,
        "Gross Profit": 23,
        "Operating Income": 2,
        "EBIT": 6,
        "Net Income": 1
    },
    "2014-09-30": {
        "Diluted EPS": 0.01,
        "Total Revenue": 44,
        "Gross Profit": 19,
        "Operating Income": 1,
        "EBIT": 4,
        "Net Income": 0
    },
    "2014-06-30": {
        "Diluted EPS": 0.0,
        "Total Revenue": 41,
        "Gross Profit": 17,
        "Operating Income": 1,
        "EBIT": 2,
        "Net Income": 0
    },
    "2014-03-31": {
        "Diluted EPS": -0.07,
        "Total Revenue": 37,
        "Gross Profit": 15,
        "Operating Income": -2,
        "EBIT": 0,
        "Net Income": -1
    },
    "2013-12-31": {
        "Diluted EPS": -0.02,
        "Total Revenue": 39,
        "Gross Profit": 15,
        "Operating Income": -1,
        "EBIT": 1,
        "Net Income": 0
    },
    "2013-09-30": {
        "Diluted EPS": 0.09,
        "Total Revenue": 40,
        "Gross Profit": 17,
        "Operating Income": 2,
        "EBIT": 4,
        "Net Income": 1
    },
    "2013-06-30": {
        "Diluted EPS": 0.1,
        "Total Revenue": 43,
        "Gross Profit": 18,
        "Operating Income": 2,
        "EBIT": 4,
        "Net Income": 2
    },
    "2013-03-31": {
        "Diluted EPS": 0.13,
        "Total Revenue": 40,
        "Gross Profit": 16,
        "Operating Income": 3,
        "EBIT": 4,
        "Net Income": 2
    },
    "2012-12-31": {
        "Diluted EPS": 0.18,
        "Total Revenue": 40,
        "Gross Profit": 17,
        "Operating Income": 4,
        "EBIT": 5,
        "Net Income": 3
    },
    "2012-09-30": {
        "Diluted EPS": 0.12,
        "Total Revenue": 39,
        "Gross Profit": 15,
        "Operating Income": 3,
        "EBIT": 4,
        "Net Income": 2
    },
    "2012-06-30": {
        "Diluted EPS": 0.03,
        "Total Revenue": 32,
        "Gross Profit": 12,
        "Operating Income": 1,
        "EBIT": 2,
        "Net Income": 0
    },
    "2012-03-31": {
        "Diluted EPS": -0.09,
        "Total Revenue": 27,
        "Gross Profit": 10,
        "Operating Income": -1,
        "EBIT": 0,
        "Net Income": -1
    },
    "2011-12-31": {
        "Diluted EPS": 0.11,
        "Total Revenue": 32,
        "Gross Profit": 13,
        "Operating Income": 1,
        "EBIT": 2,
        "Net Income": 2
    },
    "2011-09-30": {
        "Diluted EPS": 0.04,
        "Total Revenue": 26,
        "Gross Profit": 10,
        "Operating Income": 0,
        "EBIT": 1,
        "Net Income": 1
    },
    "2011-06-30": {
        "Diluted EPS": 0.01,
        "Total Revenue": 31,
        "Gross Profit": 12,
        "Operating Income": 1,
        "EBIT": 2,
        "Net Income": 0
    },
    "2011-03-31": {
        "Diluted EPS": -0.1,
        "Total Revenue": 24,
        "Gross Profit": 9,
        "Operating Income": -2,
        "EBIT": -1,
        "Net Income": -2
    },
    "2010-12-31": {
        "Diluted EPS": 0.02,
        "Total Revenue": 27,
        "Gross Profit": 10,
        "Operating Income": 0,
        "EBIT": 1,
        "Net Income": 0
    },
    "2010-09-30": {
        "Diluted EPS": 0.04,
        "Total Revenue": 28,
        "Gross Profit": 12,
        "Operating Income": 1,
        "EBIT": 2,
        "Net Income": 1
    },
    "2010-06-30": {
        "Diluted EPS": 0.36,
        "Total Revenue": 29,
        "Gross Profit": 11,
        "Operating Income": 2,
        "EBIT": 3,
        "Net Income": 5
    },
    "2010-03-31": {
        "Diluted EPS": 0.14,
        "Total Revenue": 28,
        "Gross Profit": 12,
        "Operating Income": 2,
        "EBIT": 3,
        "Net Income": 2
    },
    "2009-12-31": {
        "Diluted EPS": 0.13,
        "Total Revenue": 26,
        "Gross Profit": 10,
        "Operating Income": 2,
        "EBIT": 2,
        "Net Income": 2
    },
    "2009-09-30": {
        "Diluted EPS": 0.03,
        "Total Revenue": 23,
        "Gross Profit": 9,
        "Operating Income": 0,
        "EBIT": 1,
        "Net Income": 0
    },
    "2009-06-30": {
        "Diluted EPS": 0.01,
        "Total Revenue": 22,
        "Gross Profit": 8,
        "Operating Income": 0,
        "EBIT": 1,
        "Net Income": 0
    },
    "2009-03-31": {
        "Diluted EPS": -0.18,
        "Total Revenue": 18,
        "Gross Profit": 5,
        "Operating Income": -3,
        "EBIT": -2,
        "Net Income": -3
    },
    "2023-06-30": {
        "Tax Effect Of Unusual Items": NaN,
        "Tax Rate For Calcs": NaN,
        "Normalized EBITDA": NaN,
        "Total Unusual Items": NaN,
        "Total Unusual Items Excluding Goodwill": NaN,
        "Net Income From Continuing Operation Net Minority Interest": NaN,
        "Reconciled Depreciation": NaN,
        "Reconciled Cost Of Revenue": NaN,
        "EBITDA": NaN,
        "EBIT": NaN,
        "Net Interest Income": NaN,
        "Interest Expense": 0.0,
        "Interest Income": NaN,
        "Normalized Income": NaN,
        "Net Income From Continuing And Discontinued Operation": NaN,
        "Total Expenses": NaN,
        "Total Operating Income As Reported": NaN,
        "Diluted Average Shares": 19275000.0,
        "Basic Average Shares": 19153000.0,
        "Diluted EPS": 0.04,
        "Basic EPS": 0.04,
        "Diluted NI Availto Com Stockholders": NaN,
        "Net Income Common Stockholders": NaN,
        "Net Income": NaN,
        "Net Income Including Noncontrolling Interests": NaN,
        "Net Income Discontinuous Operations": 0.0,
        "Net Income Continuous Operations": NaN,
        "Tax Provision": NaN,
        "Pretax Income": NaN,
        "Other Income Expense": NaN,
        "Other Non Operating Income Expenses": NaN,
        "Special Income Charges": NaN,
        "Impairment Of Capital Assets": NaN,
        "Net Non Operating Interest Income Expense": NaN,
        "Interest Expense Non Operating": 0.0,
        "Interest Income Non Operating": NaN,
        "Operating Income": NaN,
        "Operating Expense": NaN,
        "Research And Development": NaN,
        "Selling General And Administration": NaN,
        "Selling And Marketing Expense": NaN,
        "General And Administrative Expense": NaN,
        "Other Gand A": NaN,
        "Gross Profit": NaN,
        "Cost Of Revenue": NaN,
        "Total Revenue": NaN,
        "Operating Revenue": NaN
    },
    "2023-09-30": {
        "Tax Effect Of Unusual Items": -1257900.0,
        "Tax Rate For Calcs": 0.21,
        "Normalized EBITDA": 4915000.0,
        "Total Unusual Items": -5990000.0,
        "Total Unusual Items Excluding Goodwill": -5990000.0,
        "Net Income From Continuing Operation Net Minority Interest": -4369000.0,
        "Reconciled Depreciation": 3199000.0,
        "Reconciled Cost Of Revenue": 20749000.0,
        "EBITDA": -1075000.0,
        "EBIT": -4274000.0,
        "Net Interest Income": 997000.0,
        "Interest Expense": 0.0,
        "Interest Income": 997000.0,
        "Normalized Income": 363100.0,
        "Net Income From Continuing And Discontinued Operation": -4369000.0,
        "Total Expenses": 32355000.0,
        "Total Operating Income As Reported": -5150000.0,
        "Diluted Average Shares": 19231000.0,
        "Basic Average Shares": 19231000.0,
        "Diluted EPS": -0.23,
        "Basic EPS": -0.23,
        "Diluted NI Availto Com Stockholders": -4369000.0,
        "Net Income Common Stockholders": -4369000.0,
        "Net Income": -4369000.0,
        "Net Income Including Noncontrolling Interests": -4369000.0,
        "Net Income Discontinuous Operations": 0.0,
        "Net Income Continuous Operations": -4369000.0,
        "Tax Provision": 95000.0,
        "Pretax Income": -4274000.0,
        "Other Income Expense": -6111000.0,
        "Other Non Operating Income Expenses": -121000.0,
        "Special Income Charges": -5990000.0,
        "Impairment Of Capital Assets": 5990000.0,
        "Net Non Operating Interest Income Expense": 997000.0,
        "Interest Expense Non Operating": 0.0,
        "Interest Income Non Operating": 997000.0,
        "Operating Income": 840000.0,
        "Operating Expense": 11606000.0,
        "Research And Development": 2398000.0,
        "Selling General And Administration": 9208000.0,
        "Selling And Marketing Expense": 4841000.0,
        "General And Administrative Expense": 4367000.0,
        "Other Gand A": 4367000.0,
        "Gross Profit": 12446000.0,
        "Cost Of Revenue": 20749000.0,
        "Total Revenue": 33195000.0,
        "Operating Revenue": 33195000.0
    },
    "2023-12-31": {
        "Tax Effect Of Unusual Items": 0.0,
        "Tax Rate For Calcs": 0.21,
        "Normalized EBITDA": -8610000.0,
        "Total Unusual Items": 0.0,
        "Total Unusual Items Excluding Goodwill": 0.0,
        "Net Income From Continuing Operation Net Minority Interest": -12089000.0,
        "Reconciled Depreciation": 3319000.0,
        "Reconciled Cost Of Revenue": 30067000.0,
        "EBITDA": -8610000.0,
        "EBIT": -11929000.0,
        "Net Interest Income": 985000.0,
        "Interest Expense": 1000.0,
        "Interest Income": 986000.0,
        "Normalized Income": -12089000.0,
        "Net Income From Continuing And Discontinued Operation": -12089000.0,
        "Total Expenses": 43064000.0,
        "Total Operating Income As Reported": -12094000.0,
        "Diluted Average Shares": NaN,
        "Basic Average Shares": NaN,
        "Diluted EPS": NaN,
        "Basic EPS": NaN,
        "Diluted NI Availto Com Stockholders": -12089000.0,
        "Net Income Common Stockholders": -12089000.0,
        "Net Income": -12089000.0,
        "Net Income Including Noncontrolling Interests": -12089000.0,
        "Net Income Discontinuous Operations": 0.0,
        "Net Income Continuous Operations": -12089000.0,
        "Tax Provision": 159000.0,
        "Pretax Income": -11930000.0,
        "Other Income Expense": -821000.0,
        "Other Non Operating Income Expenses": -821000.0,
        "Special Income Charges": 0.0,
        "Impairment Of Capital Assets": 0.0,
        "Net Non Operating Interest Income Expense": 985000.0,
        "Interest Expense Non Operating": 1000.0,
        "Interest Income Non Operating": 986000.0,
        "Operating Income": -12094000.0,
        "Operating Expense": 12997000.0,
        "Research And Development": 2020000.0,
        "Selling General And Administration": 10977000.0,
        "Selling And Marketing Expense": 5217000.0,
        "General And Administrative Expense": 5760000.0,
        "Other Gand A": 5760000.0,
        "Gross Profit": 903000.0,
        "Cost Of Revenue": 30067000.0,
        "Total Revenue": 30970000.0,
        "Operating Revenue": 30970000.0
    },
    "2024-03-31": {
        "Tax Effect Of Unusual Items": 0.0,
        "Tax Rate For Calcs": 0.21,
        "Normalized EBITDA": -551000.0,
        "Total Unusual Items": NaN,
        "Total Unusual Items Excluding Goodwill": NaN,
        "Net Income From Continuing Operation Net Minority Interest": -3163000.0,
        "Reconciled Depreciation": 3247000.0,
        "Reconciled Cost Of Revenue": 19352000.0,
        "EBITDA": -551000.0,
        "EBIT": -3798000.0,
        "Net Interest Income": 911000.0,
        "Interest Expense": NaN,
        "Interest Income": 911000.0,
        "Normalized Income": -3163000.0,
        "Net Income From Continuing And Discontinued Operation": -3163000.0,
        "Total Expenses": 33065000.0,
        "Total Operating Income As Reported": -3798000.0,
        "Diluted Average Shares": 19286000.0,
        "Basic Average Shares": 19286000.0,
        "Diluted EPS": -0.16,
        "Basic EPS": -0.16,
        "Diluted NI Availto Com Stockholders": -3163000.0,
        "Net Income Common Stockholders": -3163000.0,
        "Net Income": -3163000.0,
        "Net Income Including Noncontrolling Interests": -3163000.0,
        "Net Income Discontinuous Operations": NaN,
        "Net Income Continuous Operations": -3163000.0,
        "Tax Provision": 78000.0,
        "Pretax Income": -3085000.0,
        "Other Income Expense": -198000.0,
        "Other Non Operating Income Expenses": -198000.0,
        "Special Income Charges": NaN,
        "Impairment Of Capital Assets": NaN,
        "Net Non Operating Interest Income Expense": 911000.0,
        "Interest Expense Non Operating": NaN,
        "Interest Income Non Operating": 911000.0,
        "Operating Income": -3798000.0,
        "Operating Expense": 13713000.0,
        "Research And Development": 3038000.0,
        "Selling General And Administration": 10675000.0,
        "Selling And Marketing Expense": 5384000.0,
        "General And Administrative Expense": 5291000.0,
        "Other Gand A": 5291000.0,
        "Gross Profit": 9915000.0,
        "Cost Of Revenue": 19352000.0,
        "Total Revenue": 29267000.0,
        "Operating Revenue": 29267000.0
    },
    "2024-06-30": {
        "Tax Effect Of Unusual Items": 0.0,
        "Tax Rate For Calcs": 0.001,
        "Normalized EBITDA": 849000.0,
        "Total Unusual Items": NaN,
        "Total Unusual Items Excluding Goodwill": NaN,
        "Net Income From Continuing Operation Net Minority Interest": -2376000.0,
        "Reconciled Depreciation": 3738000.0,
        "Reconciled Cost Of Revenue": 19768000.0,
        "EBITDA": 849000.0,
        "EBIT": -2889000.0,
        "Net Interest Income": 876000.0,
        "Interest Expense": NaN,
        "Interest Income": 876000.0,
        "Normalized Income": -2376000.0,
        "Net Income From Continuing And Discontinued Operation": -2376000.0,
        "Total Expenses": 31562000.0,
        "Total Operating Income As Reported": -2889000.0,
        "Diluted Average Shares": 19381000.0,
        "Basic Average Shares": 19381000.0,
        "Diluted EPS": -0.12,
        "Basic EPS": -0.12,
        "Diluted NI Availto Com Stockholders": -2376000.0,
        "Net Income Common Stockholders": -2376000.0,
        "Net Income": -2376000.0,
        "Net Income Including Noncontrolling Interests": -2376000.0,
        "Net Income Discontinuous Operations": NaN,
        "Net Income Continuous Operations": -2376000.0,
        "Tax Provision": -3000.0,
        "Pretax Income": -2379000.0,
        "Other Income Expense": -366000.0,
        "Other Non Operating Income Expenses": -366000.0,
        "Special Income Charges": NaN,
        "Impairment Of Capital Assets": NaN,
        "Net Non Operating Interest Income Expense": 876000.0,
        "Interest Expense Non Operating": NaN,
        "Interest Income Non Operating": 876000.0,
        "Operating Income": -2889000.0,
        "Operating Expense": 11794000.0,
        "Research And Development": 2326000.0,
        "Selling General And Administration": 9468000.0,
        "Selling And Marketing Expense": 5334000.0,
        "General And Administrative Expense": 4134000.0,
        "Other Gand A": 4134000.0,
        "Gross Profit": 8905000.0,
        "Cost Of Revenue": 19768000.0,
        "Total Revenue": 28673000.0,
        "Operating Revenue": 28673000.0
    },
    "2024-09-30": {
        "Tax Effect Of Unusual Items": -238770.0,
        "Tax Rate For Calcs": 0.21,
        "Normalized EBITDA": 3256000.0,
        "Total Unusual Items": -1137000.0,
        "Total Unusual Items Excluding Goodwill": -1137000.0,
        "Net Income From Continuing Operation Net Minority Interest": -1199000.0,
        "Reconciled Depreciation": 3265000.0,
        "Reconciled Cost Of Revenue": 19697000.0,
        "EBITDA": 2119000.0,
        "EBIT": -1146000.0,
        "Net Interest Income": 627000.0,
        "Interest Expense": 2000.0,
        "Interest Income": 629000.0,
        "Normalized Income": -300770.0,
        "Net Income From Continuing And Discontinued Operation": -1199000.0,
        "Total Expenses": 29825000.0,
        "Total Operating Income As Reported": -1991000.0,
        "Diluted Average Shares": 19433000.0,
        "Basic Average Shares": 19433000.0,
        "Diluted EPS": -0.06,
        "Basic EPS": -0.06,
        "Diluted NI Availto Com Stockholders": -1199000.0,
        "Net Income Common Stockholders": -1199000.0,
        "Net Income": -1199000.0,
        "Net Income Including Noncontrolling Interests": -1199000.0,
        "Net Income Discontinuous Operations": NaN,
        "Net Income Continuous Operations": -1199000.0,
        "Tax Provision": 51000.0,
        "Pretax Income": -1148000.0,
        "Other Income Expense": -921000.0,
        "Other Non Operating Income Expenses": 216000.0,
        "Special Income Charges": -1137000.0,
        "Impairment Of Capital Assets": 1137000.0,
        "Net Non Operating Interest Income Expense": 627000.0,
        "Interest Expense Non Operating": 2000.0,
        "Interest Income Non Operating": 629000.0,
        "Operating Income": -854000.0,
        "Operating Expense": 10128000.0,
        "Research And Development": 1407000.0,
        "Selling General And Administration": 8721000.0,
        "Selling And Marketing Expense": 4932000.0,
        "General And Administrative Expense": 3789000.0,
        "Other Gand A": 3789000.0,
        "Gross Profit": 9274000.0,
        "Cost Of Revenue": 19697000.0,
        "Total Revenue": 28971000.0,
        "Operating Revenue": 28971000.0
    }
}