{
    "2023-03-31": {
        "Tax Effect Of Unusual Items": -2024876.944961,
        "Tax Rate For Calcs": 0.276736,
        "Normalized EBITDA": 75253000.0,
        "Total Unusual Items": -7317000.0,
        "Total Unusual Items Excluding Goodwill": -7317000.0,
        "Net Income From Continuing Operation Net Minority Interest": 29534000.0,
        "Reconciled Depreciation": 20246000.0,
        "Reconciled Cost Of Revenue": 326698000.0,
        "EBITDA": 67936000.0,
        "EBIT": 47690000.0,
        "Net Interest Income": -13242000.0,
        "Interest Expense": 13242000.0,
        "Normalized Income": 34826123.055039,
        "Net Income From Continuing And Discontinued Operation": 29534000.0,
        "Total Expenses": 445887000.0,
        "Total Operating Income As Reported": 49929000.0,
        "Diluted Average Shares": 17898746.0,
        "Basic Average Shares": 17866670.0,
        "Diluted EPS": 1.64,
        "Basic EPS": 1.64,
        "Diluted NI Availto Com Stockholders": 29389000.0,
        "Net Income Common Stockholders": 29389000.0,
        "Otherunder Preferred Stock Dividend": 145000.0,
        "Net Income": 29534000.0,
        "Minority Interests": -7000.0,
        "Net Income Including Noncontrolling Interests": 29541000.0,
        "Net Income Continuous Operations": 29541000.0,
        "Earnings From Equity Interest Net Of Tax": 4626000.0,
        "Tax Provision": 9533000.0,
        "Pretax Income": 34448000.0,
        "Other Income Expense": -6571000.0,
        "Other Non Operating Income Expenses": 746000.0,
        "Special Income Charges": -3991000.0,
        "Gain On Sale Of Ppe": -19000.0,
        "Other Special Charges": NaN,
        "Restructuring And Mergern Acquisition": 3972000.0,
        "Gain On Sale Of Security": -3326000.0,
        "Net Non Operating Interest Income Expense": -13242000.0,
        "Interest Expense Non Operating": 13242000.0,
        "Operating Income": 54261000.0,
        "Operating Expense": 119189000.0,
        "Other Taxes": -360000.0,
        "Selling General And Administration": 119549000.0,
        "Gross Profit": 173450000.0,
        "Cost Of Revenue": 326698000.0,
        "Total Revenue": 500148000.0,
        "Operating Revenue": 500148000.0
    },
    "2022-12-31": {
        "Tax Effect Of Unusual Items": -21054390.0,
        "Tax Rate For Calcs": 0.21,
        "Normalized EBITDA": 64336000.0,
        "Total Unusual Items": -100259000.0,
        "Total Unusual Items Excluding Goodwill": -100259000.0,
        "Net Income From Continuing Operation Net Minority Interest": -75957000.0,
        "Reconciled Depreciation": 19775000.0,
        "Reconciled Cost Of Revenue": 328538000.0,
        "EBITDA": -35923000.0,
        "EBIT": -55698000.0,
        "Net Interest Income": -12351000.0,
        "Interest Expense": 12351000.0,
        "Normalized Income": 3247610.0,
        "Net Income From Continuing And Discontinued Operation": -75957000.0,
        "Total Expenses": 440861000.0,
        "Total Operating Income As Reported": -53611000.0,
        "Diluted Average Shares": 17869452.0,
        "Basic Average Shares": 17857840.0,
        "Diluted EPS": -4.24,
        "Basic EPS": -4.24,
        "Diluted NI Availto Com Stockholders": -75615000.0,
        "Net Income Common Stockholders": -75615000.0,
        "Otherunder Preferred Stock Dividend": -342000.0,
        "Net Income": -75957000.0,
        "Minority Interests": -15000.0,
        "Net Income Including Noncontrolling Interests": -75942000.0,
        "Net Income Continuous Operations": -75942000.0,
        "Earnings From Equity Interest Net Of Tax": 2607000.0,
        "Tax Provision": 10500000.0,
        "Pretax Income": -68049000.0,
        "Other Income Expense": -99645000.0,
        "Other Non Operating Income Expenses": 614000.0,
        "Special Income Charges": -96719000.0,
        "Gain On Sale Of Ppe": 135000.0,
        "Other Special Charges": -700000.0,
        "Restructuring And Mergern Acquisition": 4554000.0,
        "Gain On Sale Of Security": -3540000.0,
        "Net Non Operating Interest Income Expense": -12351000.0,
        "Interest Expense Non Operating": 12351000.0,
        "Operating Income": 43947000.0,
        "Operating Expense": 112323000.0,
        "Other Taxes": -4000.0,
        "Selling General And Administration": 112327000.0,
        "Gross Profit": 156270000.0,
        "Cost Of Revenue": 328538000.0,
        "Total Revenue": 484808000.0,
        "Operating Revenue": 484808000.0
    },
    "2022-09-30": {
        "Tax Effect Of Unusual Items": -410260.0,
        "Tax Rate For Calcs": 0.281,
        "Normalized EBITDA": 65810000.0,
        "Total Unusual Items": -1460000.0,
        "Total Unusual Items Excluding Goodwill": -1460000.0,
        "Net Income From Continuing Operation Net Minority Interest": 25867000.0,
        "Reconciled Depreciation": 19656000.0,
        "Reconciled Cost Of Revenue": 331469000.0,
        "EBITDA": 64350000.0,
        "EBIT": 44694000.0,
        "Net Interest Income": -8389000.0,
        "Interest Expense": 8389000.0,
        "Normalized Income": 26916740.0,
        "Net Income From Continuing And Discontinued Operation": 25867000.0,
        "Total Expenses": 446803000.0,
        "Total Operating Income As Reported": 44609000.0,
        "Diluted Average Shares": 17859871.0,
        "Basic Average Shares": 17847305.0,
        "Diluted EPS": 1.44,
        "Basic EPS": 1.44,
        "Diluted NI Availto Com Stockholders": 25752000.0,
        "Net Income Common Stockholders": 25752000.0,
        "Otherunder Preferred Stock Dividend": 115000.0,
        "Net Income": 25867000.0,
        "Minority Interests": -41000.0,
        "Net Income Including Noncontrolling Interests": 25908000.0,
        "Net Income Continuous Operations": 25908000.0,
        "Earnings From Equity Interest Net Of Tax": -212000.0,
        "Tax Provision": 10185000.0,
        "Pretax Income": 36305000.0,
        "Other Income Expense": -721000.0,
        "Other Non Operating Income Expenses": 739000.0,
        "Special Income Charges": 468000.0,
        "Gain On Sale Of Ppe": 48000.0,
        "Other Special Charges": -1104000.0,
        "Write Off": NaN,
        "Restructuring And Mergern Acquisition": 684000.0,
        "Gain On Sale Of Security": -1928000.0,
        "Net Non Operating Interest Income Expense": -8389000.0,
        "Interest Expense Non Operating": 8389000.0,
        "Operating Income": 45415000.0,
        "Operating Expense": 115334000.0,
        "Other Taxes": -122000.0,
        "Selling General And Administration": 115456000.0,
        "Gross Profit": 160749000.0,
        "Cost Of Revenue": 331469000.0,
        "Total Revenue": 492218000.0,
        "Operating Revenue": 492218000.0
    },
    "2022-06-30": {
        "Tax Effect Of Unusual Items": -863298.0,
        "Tax Rate For Calcs": 0.081,
        "Normalized EBITDA": 54751000.0,
        "Total Unusual Items": -10658000.0,
        "Total Unusual Items Excluding Goodwill": -10658000.0,
        "Net Income From Continuing Operation Net Minority Interest": 14343000.0,
        "Reconciled Depreciation": 20589000.0,
        "Reconciled Cost Of Revenue": 342824000.0,
        "EBITDA": 44093000.0,
        "EBIT": 23504000.0,
        "Net Interest Income": -6494000.0,
        "Interest Expense": 6494000.0,
        "Normalized Income": 24137702.0,
        "Net Income From Continuing And Discontinued Operation": 14343000.0,
        "Total Expenses": 459071000.0,
        "Total Operating Income As Reported": 31903000.0,
        "Diluted Average Shares": 17841377.0,
        "Basic Average Shares": 17834329.0,
        "Diluted EPS": 0.8,
        "Basic EPS": 0.8,
        "Diluted NI Availto Com Stockholders": 14285000.0,
        "Net Income Common Stockholders": 14285000.0,
        "Otherunder Preferred Stock Dividend": 58000.0,
        "Net Income": 14343000.0,
        "Minority Interests": -28000.0,
        "Net Income Including Noncontrolling Interests": 14371000.0,
        "Net Income Continuous Operations": 14371000.0,
        "Earnings From Equity Interest Net Of Tax": -1265000.0,
        "Tax Provision": 1374000.0,
        "Pretax Income": 17010000.0,
        "Other Income Expense": -9813000.0,
        "Other Non Operating Income Expenses": 845000.0,
        "Special Income Charges": -8632000.0,
        "Gain On Sale Of Ppe": -38000.0,
        "Other Special Charges": 6763000.0,
        "Write Off": NaN,
        "Restructuring And Mergern Acquisition": 1831000.0,
        "Gain On Sale Of Security": -2026000.0,
        "Net Non Operating Interest Income Expense": -6494000.0,
        "Interest Expense Non Operating": 6494000.0,
        "Operating Income": 33317000.0,
        "Operating Expense": 116247000.0,
        "Other Taxes": 417000.0,
        "Selling General And Administration": 115830000.0,
        "Gross Profit": 149564000.0,
        "Cost Of Revenue": 342824000.0,
        "Total Revenue": 492388000.0,
        "Operating Revenue": 492388000.0
    },
    "2023-06-30": {
        "Tax Effect Of Unusual Items": -1737702.0,
        "Tax Rate For Calcs": 0.342,
        "Normalized EBITDA": 78848000.0,
        "Total Unusual Items": -5081000.0,
        "Total Unusual Items Excluding Goodwill": -5081000.0,
        "Net Income From Continuing Operation Net Minority Interest": 29346000.0,
        "Reconciled Depreciation": 20578000.0,
        "Reconciled Cost Of Revenue": 317753000.0,
        "EBITDA": 73767000.0,
        "EBIT": 53189000.0,
        "Net Interest Income": -12721000.0,
        "Interest Expense": 12721000.0,
        "Normalized Income": 32689298.0,
        "Net Income From Continuing And Discontinued Operation": 29346000.0,
        "Total Expenses": 436718000.0,
        "Total Operating Income As Reported": 56795000.0,
        "Diluted Average Shares": 17921414.0,
        "Basic Average Shares": 17892444.0,
        "Diluted EPS": 1.63,
        "Basic EPS": 1.63,
        "Diluted NI Availto Com Stockholders": 29192000.0,
        "Net Income Common Stockholders": 29192000.0,
        "Otherunder Preferred Stock Dividend": 154000.0,
        "Net Income": 29346000.0,
        "Minority Interests": -47000.0,
        "Net Income Including Noncontrolling Interests": 29393000.0,
        "Net Income Continuous Operations": 29393000.0,
        "Earnings From Equity Interest Net Of Tax": 2755000.0,
        "Tax Provision": 13830000.0,
        "Pretax Income": 40468000.0,
        "Other Income Expense": -5537000.0,
        "Other Non Operating Income Expenses": -456000.0,
        "Special Income Charges": -856000.0,
        "Gain On Sale Of Ppe": NaN,
        "Other Special Charges": -187000.0,
        "Restructuring And Mergern Acquisition": 1043000.0,
        "Gain On Sale Of Security": -4225000.0,
        "Net Non Operating Interest Income Expense": -12721000.0,
        "Interest Expense Non Operating": 12721000.0,
        "Operating Income": 58726000.0,
        "Operating Expense": 118965000.0,
        "Other Taxes": -888000.0,
        "Selling General And Administration": 119853000.0,
        "Gross Profit": 177691000.0,
        "Cost Of Revenue": 317753000.0,
        "Total Revenue": 495444000.0,
        "Operating Revenue": 495444000.0
    },
    "2022-03-31": {
        "Diluted EPS": 1.11,
        "Total Revenue": 474,
        "Gross Profit": 146,
        "Operating Income": 29,
        "EBIT": 51,
        "Net Income": 20
    },
    "2021-12-31": {
        "Diluted EPS": 1.01,
        "Total Revenue": 447,
        "Gross Profit": 139,
        "Operating Income": 31,
        "EBIT": 53,
        "Net Income": 19
    },
    "2021-09-30": {
        "Diluted EPS": 1.73,
        "Total Revenue": 449,
        "Gross Profit": 145,
        "Operating Income": 36,
        "EBIT": 58,
        "Net Income": 31
    },
    "2021-06-30": {
        "Diluted EPS": 1.88,
        "Total Revenue": 435,
        "Gross Profit": 154,
        "Operating Income": 39,
        "EBIT": 62,
        "Net Income": 33
    },
    "2021-03-31": {
        "Diluted EPS": 2.15,
        "Total Revenue": 430,
        "Gross Profit": 156,
        "Operating Income": 45,
        "EBIT": 68,
        "Net Income": 38
    },
    "2020-12-31": {
        "Diluted EPS": 2.72,
        "Total Revenue": 386,
        "Gross Profit": 142,
        "Operating Income": 35,
        "EBIT": 56,
        "Net Income": 48
    },
    "2020-09-30": {
        "Diluted EPS": 1.53,
        "Total Revenue": 367,
        "Gross Profit": 140,
        "Operating Income": 35,
        "EBIT": 57,
        "Net Income": 27
    },
    "2020-06-30": {
        "Diluted EPS": -0.43,
        "Total Revenue": 286,
        "Gross Profit": 97,
        "Operating Income": 2,
        "EBIT": 24,
        "Net Income": -8
    },
    "2020-03-31": {
        "Diluted EPS": -1.6,
        "Total Revenue": 379,
        "Gross Profit": 134,
        "Operating Income": -12,
        "EBIT": 10,
        "Net Income": -28
    },
    "2019-12-31": {
        "Diluted EPS": 0.68,
        "Total Revenue": 391,
        "Gross Profit": 136,
        "Operating Income": 20,
        "EBIT": 42,
        "Net Income": 15
    },
    "2019-09-30": {
        "Diluted EPS": -0.8,
        "Total Revenue": 325,
        "Gross Profit": 105,
        "Operating Income": -15,
        "EBIT": 0,
        "Net Income": -13
    },
    "2019-06-30": {
        "Diluted EPS": 1.17,
        "Total Revenue": 206,
        "Gross Profit": 75,
        "Operating Income": 21,
        "EBIT": 25,
        "Net Income": 16
    },
    "2019-03-31": {
        "Diluted EPS": 1.03,
        "Total Revenue": 211,
        "Gross Profit": 76,
        "Operating Income": 20,
        "EBIT": 25,
        "Net Income": 14
    },
    "2018-12-31": {
        "Diluted EPS": 0.59,
        "Total Revenue": 211,
        "Gross Profit": 75,
        "Operating Income": 20,
        "EBIT": 25,
        "Net Income": 8
    },
    "2018-09-30": {
        "Diluted EPS": 1.47,
        "Total Revenue": 222,
        "Gross Profit": 81,
        "Operating Income": 25,
        "EBIT": 30,
        "Net Income": 20
    },
    "2018-06-30": {
        "Diluted EPS": 1.44,
        "Total Revenue": 222,
        "Gross Profit": 81,
        "Operating Income": 23,
        "EBIT": 28,
        "Net Income": 19
    },
    "2018-03-31": {
        "Diluted EPS": 0.95,
        "Total Revenue": 212,
        "Gross Profit": 75,
        "Operating Income": 20,
        "EBIT": 25,
        "Net Income": 13
    },
    "2017-12-31": {
        "Diluted EPS": -0.72,
        "Total Revenue": 211,
        "Gross Profit": 74,
        "Operating Income": 17,
        "EBIT": 22,
        "Net Income": -10
    },
    "2017-09-30": {
        "Diluted EPS": 0.83,
        "Total Revenue": 213,
        "Gross Profit": 75,
        "Operating Income": 14,
        "EBIT": 19,
        "Net Income": 11
    },
    "2017-06-30": {
        "Diluted EPS": 0.89,
        "Total Revenue": 201,
        "Gross Profit": 72,
        "Operating Income": 18,
        "EBIT": 23,
        "Net Income": 12
    },
    "2017-03-31": {
        "Diluted EPS": 0.52,
        "Total Revenue": 195,
        "Gross Profit": 71,
        "Operating Income": 14,
        "EBIT": 19,
        "Net Income": 7
    },
    "2016-12-31": {
        "Diluted EPS": 1.31,
        "Total Revenue": 191,
        "Gross Profit": 70,
        "Operating Income": 21,
        "EBIT": 26,
        "Net Income": 17
    },
    "2016-09-30": {
        "Diluted EPS": 1.21,
        "Total Revenue": 190,
        "Gross Profit": 71,
        "Operating Income": 22,
        "EBIT": 27,
        "Net Income": 16
    },
    "2016-06-30": {
        "Diluted EPS": 1.13,
        "Total Revenue": 187,
        "Gross Profit": 71,
        "Operating Income": 23,
        "EBIT": 28,
        "Net Income": 15
    },
    "2016-03-31": {
        "Diluted EPS": 0.98,
        "Total Revenue": 178,
        "Gross Profit": 68,
        "Operating Income": 20,
        "EBIT": 25,
        "Net Income": 13
    },
    "2015-12-31": {
        "Diluted EPS": 0.85,
        "Total Revenue": 183,
        "Gross Profit": 69,
        "Operating Income": 17,
        "EBIT": 22,
        "Net Income": 11
    },
    "2015-09-30": {
        "Diluted EPS": 1.08,
        "Total Revenue": 189,
        "Gross Profit": 71,
        "Operating Income": 19,
        "EBIT": 24,
        "Net Income": 14
    },
    "2015-06-30": {
        "Diluted EPS": 1.13,
        "Total Revenue": 184,
        "Gross Profit": 71,
        "Operating Income": 21,
        "EBIT": 26,
        "Net Income": 15
    },
    "2015-03-31": {
        "Diluted EPS": 0.78,
        "Total Revenue": 181,
        "Gross Profit": 66,
        "Operating Income": 18,
        "EBIT": 23,
        "Net Income": 10
    },
    "2014-12-31": {
        "Diluted EPS": 0.96,
        "Total Revenue": 194,
        "Gross Profit": 70,
        "Operating Income": 16,
        "EBIT": 21,
        "Net Income": 13
    },
    "2014-09-30": {
        "Diluted EPS": 1.18,
        "Total Revenue": 199,
        "Gross Profit": 70,
        "Operating Income": 21,
        "EBIT": 25,
        "Net Income": 16
    },
    "2014-06-30": {
        "Diluted EPS": 1.16,
        "Total Revenue": 191,
        "Gross Profit": 68,
        "Operating Income": 21,
        "EBIT": 25,
        "Net Income": 15
    },
    "2014-03-31": {
        "Diluted EPS": 0.96,
        "Total Revenue": 182,
        "Gross Profit": 65,
        "Operating Income": 19,
        "EBIT": 23,
        "Net Income": 13
    },
    "2013-12-31": {
        "Diluted EPS": 1.06,
        "Total Revenue": 184,
        "Gross Profit": 65,
        "Operating Income": 15,
        "EBIT": 19,
        "Net Income": 14
    },
    "2013-09-30": {
        "Diluted EPS": 0.95,
        "Total Revenue": 184,
        "Gross Profit": 66,
        "Operating Income": 19,
        "EBIT": 23,
        "Net Income": 12
    },
    "2013-06-30": {
        "Diluted EPS": 1.22,
        "Total Revenue": 185,
        "Gross Profit": 67,
        "Operating Income": 20,
        "EBIT": 24,
        "Net Income": 16
    },
    "2013-03-31": {
        "Diluted EPS": 1.04,
        "Total Revenue": 176,
        "Gross Profit": 63,
        "Operating Income": 17,
        "EBIT": 21,
        "Net Income": 14
    },
    "2012-12-31": {
        "Diluted EPS": 1.0,
        "Total Revenue": 173,
        "Gross Profit": 59,
        "Operating Income": 14,
        "EBIT": 18,
        "Net Income": 13
    },
    "2012-09-30": {
        "Diluted EPS": 0.83,
        "Total Revenue": 181,
        "Gross Profit": 59,
        "Operating Income": 16,
        "EBIT": 20,
        "Net Income": 11
    },
    "2012-06-30": {
        "Diluted EPS": 0.85,
        "Total Revenue": 177,
        "Gross Profit": 61,
        "Operating Income": 17,
        "EBIT": 21,
        "Net Income": 11
    },
    "2012-03-31": {
        "Diluted EPS": 0.95,
        "Total Revenue": 178,
        "Gross Profit": 60,
        "Operating Income": 17,
        "EBIT": 21,
        "Net Income": 12
    },
    "2011-12-31": {
        "Diluted EPS": 0.93,
        "Total Revenue": 173,
        "Gross Profit": 57,
        "Operating Income": 11,
        "EBIT": 15,
        "Net Income": 12
    },
    "2011-09-30": {
        "Diluted EPS": 1.03,
        "Total Revenue": 182,
        "Gross Profit": 59,
        "Operating Income": 18,
        "EBIT": 21,
        "Net Income": 13
    },
    "2011-06-30": {
        "Diluted EPS": 0.79,
        "Total Revenue": 168,
        "Gross Profit": 54,
        "Operating Income": 15,
        "EBIT": 18,
        "Net Income": 10
    },
    "2011-03-31": {
        "Diluted EPS": 0.91,
        "Total Revenue": 160,
        "Gross Profit": 53,
        "Operating Income": 14,
        "EBIT": 17,
        "Net Income": 10
    },
    "2010-12-31": {
        "Diluted EPS": 0.61,
        "Total Revenue": 142,
        "Gross Profit": 48,
        "Operating Income": 12,
        "EBIT": 14,
        "Net Income": 7
    },
    "2010-09-30": {
        "Diluted EPS": 0.55,
        "Total Revenue": 138,
        "Gross Profit": 49,
        "Operating Income": 9,
        "EBIT": 12,
        "Net Income": 6
    },
    "2010-06-30": {
        "Diluted EPS": 0.8,
        "Total Revenue": 136,
        "Gross Profit": 49,
        "Operating Income": 13,
        "EBIT": 16,
        "Net Income": 9
    },
    "2010-03-31": {
        "Diluted EPS": 0.84,
        "Total Revenue": 128,
        "Gross Profit": 47,
        "Operating Income": 14,
        "EBIT": 17,
        "Net Income": 9
    },
    "2009-12-31": {
        "Diluted EPS": 0.73,
        "Total Revenue": 132,
        "Gross Profit": 48,
        "Operating Income": 12,
        "EBIT": 15,
        "Net Income": 8
    },
    "2009-09-30": {
        "Diluted EPS": 0.45,
        "Total Revenue": 119,
        "Gross Profit": 44,
        "Operating Income": 9,
        "EBIT": 11,
        "Net Income": 5
    },
    "2009-06-30": {
        "Diluted EPS": 0.29,
        "Total Revenue": 102,
        "Gross Profit": 36,
        "Operating Income": 6,
        "EBIT": 8,
        "Net Income": 3
    },
    "2009-03-31": {
        "Diluted EPS": 0.0,
        "Total Revenue": 99,
        "Gross Profit": 29,
        "Operating Income": 0,
        "EBIT": 2,
        "Net Income": 0
    },
    "2023-09-30": {
        "Tax Effect Of Unusual Items": -1094478.0,
        "Tax Rate For Calcs": 0.309,
        "Normalized EBITDA": 80957000.0,
        "Total Unusual Items": -3542000.0,
        "Total Unusual Items Excluding Goodwill": -3542000.0,
        "Net Income From Continuing Operation Net Minority Interest": 33670000.0,
        "Reconciled Depreciation": 20610000.0,
        "Reconciled Cost Of Revenue": 307265000.0,
        "EBITDA": 77415000.0,
        "EBIT": 56805000.0,
        "Net Interest Income": -12781000.0,
        "Interest Expense": 12781000.0,
        "Normalized Income": 36117522.0,
        "Net Income From Continuing And Discontinued Operation": 33670000.0,
        "Total Expenses": 429984000.0,
        "Total Operating Income As Reported": 59518000.0,
        "Diluted Average Shares": 17921274.0,
        "Basic Average Shares": 17908754.0,
        "Diluted EPS": 1.87,
        "Basic EPS": 1.87,
        "Diluted NI Availto Com Stockholders": 33506000.0,
        "Net Income Common Stockholders": 33506000.0,
        "Otherunder Preferred Stock Dividend": 164000.0,
        "Net Income": 33670000.0,
        "Minority Interests": -40000.0,
        "Net Income Including Noncontrolling Interests": 33710000.0,
        "Net Income Continuous Operations": 33710000.0,
        "Earnings From Equity Interest Net Of Tax": 3279000.0,
        "Tax Provision": 13593000.0,
        "Pretax Income": 44024000.0,
        "Other Income Expense": -3823000.0,
        "Other Non Operating Income Expenses": -281000.0,
        "Special Income Charges": -1044000.0,
        "Gain On Sale Of Ppe": -25000.0,
        "Other Special Charges": NaN,
        "Restructuring And Mergern Acquisition": 1019000.0,
        "Gain On Sale Of Security": -2498000.0,
        "Net Non Operating Interest Income Expense": -12781000.0,
        "Interest Expense Non Operating": 12781000.0,
        "Operating Income": 60628000.0,
        "Operating Expense": 122719000.0,
        "Other Taxes": -91000.0,
        "Selling General And Administration": 122810000.0,
        "Gross Profit": 183347000.0,
        "Cost Of Revenue": 307265000.0,
        "Total Revenue": 490612000.0,
        "Operating Revenue": 490612000.0
    },
    "2023-12-31": {
        "Tax Effect Of Unusual Items": -790650.0,
        "Tax Rate For Calcs": 0.21,
        "Normalized EBITDA": 70457000.0,
        "Total Unusual Items": -3765000.0,
        "Total Unusual Items Excluding Goodwill": -3765000.0,
        "Net Income From Continuing Operation Net Minority Interest": 20198000.0,
        "Reconciled Depreciation": 20553000.0,
        "Reconciled Cost Of Revenue": 295953000.0,
        "EBITDA": 66692000.0,
        "EBIT": 46139000.0,
        "Net Interest Income": -11955000.0,
        "Interest Expense": 11955000.0,
        "Normalized Income": 23172350.0,
        "Net Income From Continuing And Discontinued Operation": 20198000.0,
        "Total Expenses": 417302000.0,
        "Total Operating Income As Reported": 48253000.0,
        "Diluted Average Shares": NaN,
        "Basic Average Shares": NaN,
        "Diluted EPS": NaN,
        "Basic EPS": NaN,
        "Diluted NI Availto Com Stockholders": 20108000.0,
        "Net Income Common Stockholders": 20107000.0,
        "Otherunder Preferred Stock Dividend": 91000.0,
        "Net Income": 20198000.0,
        "Minority Interests": -30000.0,
        "Net Income Including Noncontrolling Interests": 20228000.0,
        "Net Income Continuous Operations": 20228000.0,
        "Earnings From Equity Interest Net Of Tax": 4673000.0,
        "Tax Provision": 18629000.0,
        "Pretax Income": 34184000.0,
        "Other Income Expense": -3668000.0,
        "Other Non Operating Income Expenses": 97000.0,
        "Special Income Charges": 971000.0,
        "Gain On Sale Of Ppe": 1398000.0,
        "Other Special Charges": -1127000.0,
        "Restructuring And Mergern Acquisition": 1554000.0,
        "Gain On Sale Of Security": -4736000.0,
        "Net Non Operating Interest Income Expense": -11955000.0,
        "Interest Expense Non Operating": 11955000.0,
        "Operating Income": 49807000.0,
        "Operating Expense": 121349000.0,
        "Other Taxes": 0.0,
        "Selling General And Administration": 121349000.0,
        "Gross Profit": 171156000.0,
        "Cost Of Revenue": 295953000.0,
        "Total Revenue": 467109000.0,
        "Operating Revenue": 467109000.0
    },
    "2024-03-31": {
        "Tax Effect Of Unusual Items": -518548.425145,
        "Tax Rate For Calcs": 0.273208,
        "Normalized EBITDA": 79306000.0,
        "Total Unusual Items": -1898000.0,
        "Total Unusual Items Excluding Goodwill": -1898000.0,
        "Net Income From Continuing Operation Net Minority Interest": 35227000.0,
        "Reconciled Depreciation": 20802000.0,
        "Reconciled Cost Of Revenue": 288196000.0,
        "EBITDA": 77408000.0,
        "EBIT": 56606000.0,
        "Net Interest Income": -10824000.0,
        "Interest Expense": 10824000.0,
        "Normalized Income": 36606451.574855,
        "Net Income From Continuing And Discontinued Operation": 35227000.0,
        "Total Expenses": 410221000.0,
        "Total Operating Income As Reported": 55526000.0,
        "Diluted Average Shares": 17938862.0,
        "Basic Average Shares": 17908814.0,
        "Diluted EPS": 1.95,
        "Basic EPS": 1.96,
        "Diluted NI Availto Com Stockholders": 35068000.0,
        "Net Income Common Stockholders": 35068000.0,
        "Otherunder Preferred Stock Dividend": 159000.0,
        "Net Income": 35227000.0,
        "Minority Interests": -31000.0,
        "Net Income Including Noncontrolling Interests": 35258000.0,
        "Net Income Continuous Operations": 35258000.0,
        "Earnings From Equity Interest Net Of Tax": 1984000.0,
        "Tax Provision": 12508000.0,
        "Pretax Income": 45782000.0,
        "Other Income Expense": -2932000.0,
        "Other Non Operating Income Expenses": -1034000.0,
        "Special Income Charges": -1450000.0,
        "Gain On Sale Of Ppe": 407000.0,
        "Other Special Charges": NaN,
        "Restructuring And Mergern Acquisition": 1857000.0,
        "Gain On Sale Of Security": -448000.0,
        "Net Non Operating Interest Income Expense": -10824000.0,
        "Interest Expense Non Operating": 10824000.0,
        "Operating Income": 59538000.0,
        "Operating Expense": 122025000.0,
        "Other Taxes": -2155000.0,
        "Selling General And Administration": 124180000.0,
        "Gross Profit": 181563000.0,
        "Cost Of Revenue": 288196000.0,
        "Total Revenue": 469759000.0,
        "Operating Revenue": 469759000.0
    }
}