{
    "2023-03-31": {
        "Tax Effect Of Unusual Items": 0.0,
        "Tax Rate For Calcs": 0.0,
        "Normalized EBITDA": -39994000.0,
        "Net Income From Continuing Operation Net Minority Interest": -40928000.0,
        "Reconciled Depreciation": 879000.0,
        "EBITDA": -39994000.0,
        "EBIT": -40873000.0,
        "Net Interest Income": 4398000.0,
        "Interest Expense": 55000.0,
        "Interest Income": 4453000.0,
        "Normalized Income": -40928000.0,
        "Net Income From Continuing And Discontinued Operation": -40928000.0,
        "Total Expenses": 54792000.0,
        "Total Operating Income As Reported": -45326000.0,
        "Diluted Average Shares": 58187038.0,
        "Basic Average Shares": 58187038.0,
        "Diluted EPS": -0.7,
        "Basic EPS": -0.7,
        "Diluted NI Availto Com Stockholders": -40928000.0,
        "Net Income Common Stockholders": -40928000.0,
        "Net Income": -40928000.0,
        "Net Income Including Noncontrolling Interests": -40928000.0,
        "Net Income Continuous Operations": -40928000.0,
        "Pretax Income": -40928000.0,
        "Net Non Operating Interest Income Expense": 4398000.0,
        "Interest Expense Non Operating": 55000.0,
        "Interest Income Non Operating": 4453000.0,
        "Operating Income": -45326000.0,
        "Operating Expense": 54792000.0,
        "Research And Development": 42227000.0,
        "Selling General And Administration": 12565000.0,
        "General And Administrative Expense": 12565000.0,
        "Other Gand A": 12565000.0,
        "Total Revenue": 9466000.0,
        "Operating Revenue": 9466000.0
    },
    "2022-12-31": {
        "Tax Effect Of Unusual Items": 0.0,
        "Tax Rate For Calcs": 0.0,
        "Normalized EBITDA": -33988000.0,
        "Net Income From Continuing Operation Net Minority Interest": -34865000.0,
        "Reconciled Depreciation": 818000.0,
        "EBITDA": -33988000.0,
        "EBIT": -34806000.0,
        "Net Interest Income": 3765000.0,
        "Interest Expense": 59000.0,
        "Interest Income": 3824000.0,
        "Normalized Income": -34865000.0,
        "Net Income From Continuing And Discontinued Operation": -34865000.0,
        "Total Expenses": 54769000.0,
        "Total Operating Income As Reported": -38630000.0,
        "Diluted Average Shares": 57889273.0,
        "Basic Average Shares": 57889273.0,
        "Diluted EPS": -0.6,
        "Basic EPS": -0.6,
        "Diluted NI Availto Com Stockholders": -34865000.0,
        "Net Income Common Stockholders": -34865000.0,
        "Net Income": -34865000.0,
        "Net Income Including Noncontrolling Interests": -34865000.0,
        "Net Income Continuous Operations": -34865000.0,
        "Pretax Income": -34865000.0,
        "Net Non Operating Interest Income Expense": 3765000.0,
        "Interest Expense Non Operating": 59000.0,
        "Interest Income Non Operating": 3824000.0,
        "Operating Income": -38630000.0,
        "Operating Expense": 54769000.0,
        "Research And Development": 43133000.0,
        "Selling General And Administration": 11636000.0,
        "General And Administrative Expense": 11636000.0,
        "Other Gand A": 11636000.0,
        "Total Revenue": 16139000.0,
        "Operating Revenue": 16139000.0
    },
    "2022-09-30": {
        "Tax Effect Of Unusual Items": 0.0,
        "Tax Rate For Calcs": 0.0,
        "Normalized EBITDA": -42199000.0,
        "Net Income From Continuing Operation Net Minority Interest": -43002000.0,
        "Reconciled Depreciation": 767000.0,
        "EBITDA": -42199000.0,
        "EBIT": -42966000.0,
        "Net Interest Income": 1880000.0,
        "Interest Expense": 36000.0,
        "Interest Income": 1916000.0,
        "Normalized Income": -43002000.0,
        "Net Income From Continuing And Discontinued Operation": -43002000.0,
        "Total Expenses": 54433000.0,
        "Total Operating Income As Reported": -44882000.0,
        "Diluted Average Shares": 54535514.0,
        "Basic Average Shares": 54535514.0,
        "Diluted EPS": -0.79,
        "Basic EPS": -0.79,
        "Diluted NI Availto Com Stockholders": -43002000.0,
        "Net Income Common Stockholders": -43002000.0,
        "Net Income": -43002000.0,
        "Net Income Including Noncontrolling Interests": -43002000.0,
        "Net Income Continuous Operations": -43002000.0,
        "Pretax Income": -43002000.0,
        "Net Non Operating Interest Income Expense": 1880000.0,
        "Interest Expense Non Operating": 36000.0,
        "Interest Income Non Operating": 1916000.0,
        "Operating Income": -44882000.0,
        "Operating Expense": 54433000.0,
        "Research And Development": 43877000.0,
        "Selling General And Administration": 10556000.0,
        "General And Administrative Expense": 10556000.0,
        "Other Gand A": 10556000.0,
        "Total Revenue": 9551000.0,
        "Operating Revenue": 9551000.0
    },
    "2022-06-30": {
        "Tax Effect Of Unusual Items": 0.0,
        "Tax Rate For Calcs": 0.0,
        "Normalized EBITDA": -39511000.0,
        "Net Income From Continuing Operation Net Minority Interest": -40257000.0,
        "Reconciled Depreciation": 705000.0,
        "EBITDA": -39511000.0,
        "EBIT": -40216000.0,
        "Net Interest Income": 553000.0,
        "Interest Expense": 41000.0,
        "Interest Income": 594000.0,
        "Normalized Income": -40257000.0,
        "Net Income From Continuing And Discontinued Operation": -40257000.0,
        "Total Expenses": 52324000.0,
        "Total Operating Income As Reported": -40810000.0,
        "Diluted Average Shares": 51772440.0,
        "Basic Average Shares": 51772440.0,
        "Diluted EPS": -0.78,
        "Basic EPS": -0.78,
        "Diluted NI Availto Com Stockholders": -40257000.0,
        "Net Income Common Stockholders": -40257000.0,
        "Net Income": -40257000.0,
        "Net Income Including Noncontrolling Interests": -40257000.0,
        "Net Income Continuous Operations": -40257000.0,
        "Pretax Income": -40257000.0,
        "Net Non Operating Interest Income Expense": 553000.0,
        "Interest Expense Non Operating": 41000.0,
        "Interest Income Non Operating": 594000.0,
        "Operating Income": -40810000.0,
        "Operating Expense": 52324000.0,
        "Research And Development": 41293000.0,
        "Selling General And Administration": 11031000.0,
        "General And Administrative Expense": 11031000.0,
        "Other Gand A": 11031000.0,
        "Total Revenue": 11514000.0,
        "Operating Revenue": 11514000.0
    },
    "2022-03-31": {
        "Diluted EPS": -0.71,
        "Total Revenue": 10,
        "Gross Profit": 10,
        "Operating Income": -37,
        "EBIT": -35,
        "Net Income": -37
    },
    "2021-12-31": {
        "Diluted EPS": -0.69,
        "Total Revenue": 15,
        "Gross Profit": 15,
        "Operating Income": -34,
        "EBIT": -32,
        "Net Income": -34
    },
    "2021-09-30": {
        "Diluted EPS": -0.56,
        "Total Revenue": 20,
        "Gross Profit": 20,
        "Operating Income": -29,
        "EBIT": -26,
        "Net Income": -29
    },
    "2021-06-30": {
        "Diluted EPS": -0.55,
        "Total Revenue": 19,
        "Gross Profit": 19,
        "Operating Income": -25,
        "EBIT": -23,
        "Net Income": -25
    },
    "2021-03-31": {
        "Diluted EPS": -0.29,
        "Total Revenue": 19,
        "Gross Profit": 19,
        "Operating Income": -13,
        "EBIT": -11,
        "Net Income": -13
    },
    "2020-12-31": {
        "Diluted EPS": 14.45,
        "Total Revenue": 13,
        "Gross Profit": 13,
        "Operating Income": -13,
        "EBIT": -11,
        "Net Income": -13
    },
    "2020-09-30": {
        "Diluted EPS": -0.39,
        "Total Revenue": 15,
        "Gross Profit": 15,
        "Operating Income": -8,
        "EBIT": -8,
        "Net Income": -8
    },
    "2020-06-30": {
        "Diluted EPS": -6.98,
        "Total Revenue": 3,
        "Gross Profit": 3,
        "Operating Income": -14,
        "EBIT": -14,
        "Net Income": -14
    },
    "2020-03-31": {
        "Diluted EPS": -10.23,
        "Total Revenue": 3,
        "Gross Profit": 3,
        "Operating Income": -11,
        "EBIT": -11,
        "Net Income": -20
    },
    "2019-12-31": {
        "Diluted EPS": 0.0,
        "Total Revenue": NaN,
        "Gross Profit": NaN,
        "Operating Income": NaN,
        "EBIT": NaN,
        "Net Income": NaN
    },
    "2019-09-30": {
        "Diluted EPS": -6.54,
        "Total Revenue": 1,
        "Gross Profit": 1,
        "Operating Income": -12,
        "EBIT": -12,
        "Net Income": -11
    },
    "2023-06-30": {
        "Tax Effect Of Unusual Items": 0.0,
        "Tax Rate For Calcs": 0.0,
        "Normalized EBITDA": -37851000.0,
        "Net Income From Continuing Operation Net Minority Interest": -38799000.0,
        "Reconciled Depreciation": 900000.0,
        "EBITDA": -37851000.0,
        "EBIT": -38751000.0,
        "Net Interest Income": 4584000.0,
        "Interest Expense": 48000.0,
        "Interest Income": 4632000.0,
        "Normalized Income": -38799000.0,
        "Net Income From Continuing And Discontinued Operation": -38799000.0,
        "Total Expenses": 59896000.0,
        "Total Operating Income As Reported": -43383000.0,
        "Diluted Average Shares": 58326963.0,
        "Basic Average Shares": NaN,
        "Diluted EPS": -0.67,
        "Basic EPS": NaN,
        "Diluted NI Availto Com Stockholders": -38799000.0,
        "Net Income Common Stockholders": -38799000.0,
        "Net Income": -38799000.0,
        "Net Income Including Noncontrolling Interests": -38799000.0,
        "Net Income Continuous Operations": -38799000.0,
        "Pretax Income": -38799000.0,
        "Net Non Operating Interest Income Expense": 4584000.0,
        "Interest Expense Non Operating": 48000.0,
        "Interest Income Non Operating": 4632000.0,
        "Operating Income": -43383000.0,
        "Operating Expense": 59896000.0,
        "Research And Development": 45767000.0,
        "Selling General And Administration": 14129000.0,
        "General And Administrative Expense": 14129000.0,
        "Other Gand A": 14129000.0,
        "Total Revenue": 16513000.0,
        "Operating Revenue": 16513000.0
    },
    "2023-09-30": {
        "Tax Effect Of Unusual Items": 0.0,
        "Tax Rate For Calcs": 0.0,
        "Normalized EBITDA": -51931000.0,
        "Net Income From Continuing Operation Net Minority Interest": -52867000.0,
        "Reconciled Depreciation": 895000.0,
        "EBITDA": -51931000.0,
        "EBIT": -52826000.0,
        "Net Interest Income": 4642000.0,
        "Interest Expense": 41000.0,
        "Interest Income": 4683000.0,
        "Normalized Income": -52867000.0,
        "Net Income From Continuing And Discontinued Operation": -52867000.0,
        "Total Expenses": 62237000.0,
        "Total Operating Income As Reported": -57509000.0,
        "Diluted Average Shares": 58421859.0,
        "Basic Average Shares": 58421859.0,
        "Diluted EPS": -0.9,
        "Basic EPS": -0.9,
        "Diluted NI Availto Com Stockholders": -52867000.0,
        "Net Income Common Stockholders": -52867000.0,
        "Net Income": -52867000.0,
        "Net Income Including Noncontrolling Interests": -52867000.0,
        "Net Income Continuous Operations": -52867000.0,
        "Pretax Income": -52867000.0,
        "Net Non Operating Interest Income Expense": 4642000.0,
        "Interest Expense Non Operating": 41000.0,
        "Interest Income Non Operating": 4683000.0,
        "Operating Income": -57509000.0,
        "Operating Expense": 62237000.0,
        "Research And Development": 48117000.0,
        "Selling General And Administration": 14120000.0,
        "General And Administrative Expense": 14120000.0,
        "Other Gand A": 14120000.0,
        "Total Revenue": 4728000.0,
        "Operating Revenue": 4728000.0
    }
}