{
    "2023-06-30": {
        "Tax Effect Of Unusual Items": 10866141.732283,
        "Tax Rate For Calcs": 0.23622,
        "Total Unusual Items": 46000000.0,
        "Total Unusual Items Excluding Goodwill": 46000000.0,
        "Net Income From Continuing Operation Net Minority Interest": 360000000.0,
        "EBIT": 599000000.0,
        "Net Interest Income": -91000000.0,
        "Interest Expense": 91000000.0,
        "Normalized Income": 324866141.732283,
        "Net Income From Continuing And Discontinued Operation": 360000000.0,
        "Total Expenses": 3325000000.0,
        "Diluted Average Shares": 227970000.0,
        "Basic Average Shares": 227690000.0,
        "Diluted EPS": 1.58,
        "Basic EPS": 1.58,
        "Diluted NI Availto Com Stockholders": 360000000.0,
        "Net Income Common Stockholders": 360000000.0,
        "Net Income": 360000000.0,
        "Minority Interests": -28000000.0,
        "Net Income Including Noncontrolling Interests": 388000000.0,
        "Net Income Continuous Operations": 388000000.0,
        "Tax Provision": 120000000.0,
        "Pretax Income": 508000000.0,
        "Other Income Expense": 981000000.0,
        "Special Income Charges": 46000000.0,
        "Other Special Charges": -46000000.0,
        "Net Non Operating Interest Income Expense": -91000000.0,
        "Interest Expense Non Operating": 91000000.0,
        "Other Operating Expenses": 1192000000.0,
        "Total Revenue": 3833000000.0,
        "Operating Revenue": 3833000000.0,
        "Loss Adjustment Expense": 1779000000.0,
        "Net Policyholder Benefits And Claims": 1779000000.0
    },
    "2023-03-31": {
        "Tax Effect Of Unusual Items": 0.0,
        "Tax Rate For Calcs": 0.22158,
        "Total Unusual Items": NaN,
        "Total Unusual Items Excluding Goodwill": NaN,
        "Net Income From Continuing Operation Net Minority Interest": 375000000.0,
        "EBIT": 614000000.0,
        "Net Interest Income": -95000000.0,
        "Interest Expense": 95000000.0,
        "Normalized Income": 375000000.0,
        "Net Income From Continuing And Discontinued Operation": 375000000.0,
        "Total Expenses": 3237000000.0,
        "Diluted Average Shares": 233620000.0,
        "Basic Average Shares": 233300000.0,
        "Diluted EPS": 1.61,
        "Basic EPS": 1.61,
        "Diluted NI Availto Com Stockholders": 375000000.0,
        "Net Income Common Stockholders": 375000000.0,
        "Net Income": 375000000.0,
        "Minority Interests": -29000000.0,
        "Net Income Including Noncontrolling Interests": 404000000.0,
        "Net Income Continuous Operations": 404000000.0,
        "Tax Provision": 115000000.0,
        "Pretax Income": 519000000.0,
        "Other Income Expense": 1001000000.0,
        "Special Income Charges": NaN,
        "Other Special Charges": NaN,
        "Net Non Operating Interest Income Expense": -95000000.0,
        "Interest Expense Non Operating": 95000000.0,
        "Other Operating Expenses": 1165000000.0,
        "Total Revenue": 3756000000.0,
        "Operating Revenue": 3756000000.0,
        "Loss Adjustment Expense": 1653000000.0,
        "Net Policyholder Benefits And Claims": 1653000000.0
    },
    "2022-12-31": {
        "Tax Effect Of Unusual Items": 0.0,
        "Tax Rate For Calcs": 0.184874,
        "Total Unusual Items": NaN,
        "Total Unusual Items Excluding Goodwill": NaN,
        "Net Income From Continuing Operation Net Minority Interest": 364000000.0,
        "EBIT": 570000000.0,
        "Net Interest Income": -94000000.0,
        "Interest Expense": 94000000.0,
        "Normalized Income": 364000000.0,
        "Net Income From Continuing And Discontinued Operation": 364000000.0,
        "Total Expenses": 3318000000.0,
        "Diluted Average Shares": NaN,
        "Basic Average Shares": NaN,
        "Diluted EPS": NaN,
        "Basic EPS": NaN,
        "Diluted NI Availto Com Stockholders": 364000000.0,
        "Net Income Common Stockholders": 364000000.0,
        "Net Income": 364000000.0,
        "Minority Interests": -24000000.0,
        "Net Income Including Noncontrolling Interests": 388000000.0,
        "Net Income Continuous Operations": 388000000.0,
        "Tax Provision": 88000000.0,
        "Pretax Income": 476000000.0,
        "Other Income Expense": 994000000.0,
        "Special Income Charges": NaN,
        "Other Special Charges": NaN,
        "Net Non Operating Interest Income Expense": -94000000.0,
        "Interest Expense Non Operating": 94000000.0,
        "Other Operating Expenses": 1290000000.0,
        "Total Revenue": 3794000000.0,
        "Operating Revenue": 3794000000.0
    },
    "2022-09-30": {
        "Tax Effect Of Unusual Items": NaN,
        "Tax Rate For Calcs": NaN,
        "Total Unusual Items": NaN,
        "Total Unusual Items Excluding Goodwill": NaN,
        "Net Income From Continuing Operation Net Minority Interest": NaN,
        "EBIT": NaN,
        "Net Interest Income": NaN,
        "Interest Expense": NaN,
        "Normalized Income": NaN,
        "Net Income From Continuing And Discontinued Operation": NaN,
        "Total Expenses": NaN,
        "Diluted Average Shares": 240760000.0,
        "Basic Average Shares": 240370000.0,
        "Diluted EPS": -0.09,
        "Basic EPS": -0.09,
        "Diluted NI Availto Com Stockholders": NaN,
        "Net Income Common Stockholders": NaN,
        "Net Income": NaN,
        "Minority Interests": NaN,
        "Net Income Including Noncontrolling Interests": NaN,
        "Net Income Continuous Operations": NaN,
        "Tax Provision": NaN,
        "Pretax Income": NaN,
        "Other Income Expense": NaN,
        "Special Income Charges": NaN,
        "Other Special Charges": NaN,
        "Net Non Operating Interest Income Expense": NaN,
        "Interest Expense Non Operating": NaN,
        "Other Operating Expenses": NaN,
        "Total Revenue": NaN,
        "Operating Revenue": NaN
    },
    "2022-06-30": {
        "Tax Effect Of Unusual Items": 0.0,
        "Tax Rate For Calcs": 0.201581,
        "Total Unusual Items": NaN,
        "Total Unusual Items Excluding Goodwill": NaN,
        "Net Income From Continuing Operation Net Minority Interest": 180000000.0,
        "EBIT": 349000000.0,
        "Net Interest Income": -96000000.0,
        "Interest Expense": 96000000.0,
        "Normalized Income": 180000000.0,
        "Net Income From Continuing And Discontinued Operation": 180000000.0,
        "Total Expenses": 3135000000.0,
        "Diluted Average Shares": 245940000.0,
        "Basic Average Shares": 245450000.0,
        "Diluted EPS": 0.68,
        "Basic EPS": 0.68,
        "Diluted NI Availto Com Stockholders": 180000000.0,
        "Net Income Common Stockholders": 180000000.0,
        "Net Income": 180000000.0,
        "Minority Interests": -22000000.0,
        "Net Income Including Noncontrolling Interests": 202000000.0,
        "Net Income Continuous Operations": 202000000.0,
        "Tax Provision": 51000000.0,
        "Pretax Income": 253000000.0,
        "Other Income Expense": 926000000.0,
        "Special Income Charges": NaN,
        "Other Special Charges": NaN,
        "Net Non Operating Interest Income Expense": -96000000.0,
        "Interest Expense Non Operating": 96000000.0,
        "Other Operating Expenses": 1082000000.0,
        "Total Revenue": 3388000000.0,
        "Operating Revenue": 3388000000.0
    },
    "2023-09-30": {
        "Tax Effect Of Unusual Items": 0.0,
        "Tax Rate For Calcs": 0.224719,
        "Total Unusual Items": NaN,
        "Total Unusual Items Excluding Goodwill": NaN,
        "Net Income From Continuing Operation Net Minority Interest": 253000000.0,
        "EBIT": 450000000.0,
        "Net Interest Income": -94000000.0,
        "Interest Expense": 94000000.0,
        "Normalized Income": 253000000.0,
        "Net Income From Continuing And Discontinued Operation": 253000000.0,
        "Total Expenses": 3541000000.0,
        "Diluted Average Shares": 225990000.0,
        "Basic Average Shares": 225640000.0,
        "Diluted EPS": 1.12,
        "Basic EPS": 1.12,
        "Diluted NI Availto Com Stockholders": 253000000.0,
        "Net Income Common Stockholders": 253000000.0,
        "Net Income": 253000000.0,
        "Minority Interests": -23000000.0,
        "Net Income Including Noncontrolling Interests": 276000000.0,
        "Net Income Continuous Operations": 276000000.0,
        "Tax Provision": 80000000.0,
        "Pretax Income": 356000000.0,
        "Other Income Expense": 966000000.0,
        "Special Income Charges": NaN,
        "Other Special Charges": NaN,
        "Net Non Operating Interest Income Expense": -94000000.0,
        "Interest Expense Non Operating": 94000000.0,
        "Other Operating Expenses": 1246000000.0,
        "Total Revenue": 3897000000.0,
        "Operating Revenue": 3897000000.0,
        "Loss Adjustment Expense": 1826000000.0,
        "Net Policyholder Benefits And Claims": 1826000000.0
    },
    "2023-12-31": {
        "Tax Effect Of Unusual Items": 0.0,
        "Tax Rate For Calcs": 0.22186,
        "Total Unusual Items": NaN,
        "Total Unusual Items Excluding Goodwill": NaN,
        "Net Income From Continuing Operation Net Minority Interest": 446000000.0,
        "EBIT": 709000000.0,
        "Net Interest Income": -96000000.0,
        "Interest Expense": 96000000.0,
        "Normalized Income": 446000000.0,
        "Net Income From Continuing And Discontinued Operation": 446000000.0,
        "Total Expenses": 3579000000.0,
        "Diluted Average Shares": NaN,
        "Basic Average Shares": NaN,
        "Diluted EPS": NaN,
        "Basic EPS": NaN,
        "Diluted NI Availto Com Stockholders": 446000000.0,
        "Net Income Common Stockholders": 446000000.0,
        "Net Income": 446000000.0,
        "Minority Interests": -31000000.0,
        "Net Income Including Noncontrolling Interests": 477000000.0,
        "Net Income Continuous Operations": 477000000.0,
        "Tax Provision": 136000000.0,
        "Pretax Income": 613000000.0,
        "Other Income Expense": 1130000000.0,
        "Special Income Charges": NaN,
        "Other Special Charges": NaN,
        "Net Non Operating Interest Income Expense": -96000000.0,
        "Interest Expense Non Operating": 96000000.0,
        "Other Operating Expenses": 1334000000.0,
        "Total Revenue": 4192000000.0,
        "Operating Revenue": 4192000000.0,
        "Loss Adjustment Expense": 1810000000.0,
        "Net Policyholder Benefits And Claims": 1810000000.0
    },
    "2024-03-31": {
        "Tax Effect Of Unusual Items": 0.0,
        "Tax Rate For Calcs": 0.228935,
        "Total Unusual Items": NaN,
        "Total Unusual Items Excluding Goodwill": NaN,
        "Net Income From Continuing Operation Net Minority Interest": 457000000.0,
        "EBIT": 732000000.0,
        "Net Interest Income": -103000000.0,
        "Interest Expense": 103000000.0,
        "Normalized Income": 457000000.0,
        "Net Income From Continuing And Discontinued Operation": 457000000.0,
        "Total Expenses": 3548000000.0,
        "Diluted Average Shares": 222780000.0,
        "Basic Average Shares": 222470000.0,
        "Diluted EPS": 2.05,
        "Basic EPS": 2.05,
        "Diluted NI Availto Com Stockholders": 457000000.0,
        "Net Income Common Stockholders": 457000000.0,
        "Net Income": 457000000.0,
        "Minority Interests": -28000000.0,
        "Net Income Including Noncontrolling Interests": 485000000.0,
        "Net Income Continuous Operations": 485000000.0,
        "Tax Provision": 144000000.0,
        "Pretax Income": 629000000.0,
        "Other Income Expense": 1143000000.0,
        "Special Income Charges": NaN,
        "Other Special Charges": NaN,
        "Net Non Operating Interest Income Expense": -103000000.0,
        "Interest Expense Non Operating": 103000000.0,
        "Other Operating Expenses": 1274000000.0,
        "Total Revenue": 4177000000.0,
        "Operating Revenue": 4177000000.0,
        "Loss Adjustment Expense": 1807000000.0,
        "Net Policyholder Benefits And Claims": 1807000000.0
    }
}