{
    "2023-03-31": {
        "Tax Effect Of Unusual Items": NaN,
        "Tax Rate For Calcs": NaN,
        "Normalized EBITDA": NaN,
        "Total Unusual Items": NaN,
        "Total Unusual Items Excluding Goodwill": NaN,
        "Net Income From Continuing Operation Net Minority Interest": NaN,
        "Reconciled Depreciation": NaN,
        "Reconciled Cost Of Revenue": NaN,
        "EBITDA": NaN,
        "EBIT": NaN,
        "Net Interest Income": NaN,
        "Interest Expense": 1117000.0,
        "Interest Income": NaN,
        "Normalized Income": NaN,
        "Net Income From Continuing And Discontinued Operation": NaN,
        "Total Expenses": NaN,
        "Total Operating Income As Reported": NaN,
        "Diluted Average Shares": NaN,
        "Basic Average Shares": NaN,
        "Diluted EPS": NaN,
        "Basic EPS": NaN,
        "Diluted NI Availto Com Stockholders": NaN,
        "Net Income Common Stockholders": NaN,
        "Preferred Stock Dividends": NaN,
        "Net Income": NaN,
        "Net Income Including Noncontrolling Interests": NaN,
        "Net Income Continuous Operations": NaN,
        "Tax Provision": NaN,
        "Pretax Income": NaN,
        "Other Income Expense": NaN,
        "Other Non Operating Income Expenses": NaN,
        "Special Income Charges": NaN,
        "Restructuring And Mergern Acquisition": NaN,
        "Net Non Operating Interest Income Expense": NaN,
        "Interest Expense Non Operating": 1117000.0,
        "Interest Income Non Operating": NaN,
        "Operating Income": NaN,
        "Operating Expense": NaN,
        "Research And Development": NaN,
        "Selling General And Administration": NaN,
        "Gross Profit": NaN,
        "Cost Of Revenue": NaN,
        "Total Revenue": NaN,
        "Operating Revenue": NaN
    },
    "2022-12-31": {
        "Tax Effect Of Unusual Items": NaN,
        "Tax Rate For Calcs": NaN,
        "Normalized EBITDA": NaN,
        "Total Unusual Items": NaN,
        "Total Unusual Items Excluding Goodwill": NaN,
        "Net Income From Continuing Operation Net Minority Interest": NaN,
        "Reconciled Depreciation": NaN,
        "Reconciled Cost Of Revenue": NaN,
        "EBITDA": NaN,
        "EBIT": NaN,
        "Net Interest Income": NaN,
        "Interest Expense": 1190000.0,
        "Interest Income": NaN,
        "Normalized Income": NaN,
        "Net Income From Continuing And Discontinued Operation": NaN,
        "Total Expenses": NaN,
        "Total Operating Income As Reported": NaN,
        "Diluted Average Shares": NaN,
        "Basic Average Shares": NaN,
        "Diluted EPS": NaN,
        "Basic EPS": NaN,
        "Diluted NI Availto Com Stockholders": NaN,
        "Net Income Common Stockholders": NaN,
        "Preferred Stock Dividends": NaN,
        "Net Income": NaN,
        "Net Income Including Noncontrolling Interests": NaN,
        "Net Income Continuous Operations": NaN,
        "Tax Provision": NaN,
        "Pretax Income": NaN,
        "Other Income Expense": NaN,
        "Other Non Operating Income Expenses": NaN,
        "Special Income Charges": NaN,
        "Restructuring And Mergern Acquisition": NaN,
        "Gain On Sale Of Security": 0.0,
        "Net Non Operating Interest Income Expense": NaN,
        "Interest Expense Non Operating": 1190000.0,
        "Interest Income Non Operating": NaN,
        "Operating Income": NaN,
        "Operating Expense": NaN,
        "Research And Development": NaN,
        "Selling General And Administration": NaN,
        "Gross Profit": NaN,
        "Cost Of Revenue": NaN,
        "Total Revenue": NaN,
        "Operating Revenue": NaN
    },
    "2022-09-30": {
        "Tax Effect Of Unusual Items": 0.0,
        "Tax Rate For Calcs": 0.023657,
        "Normalized EBITDA": -25488000.0,
        "Total Unusual Items": NaN,
        "Total Unusual Items Excluding Goodwill": NaN,
        "Net Income From Continuing Operation Net Minority Interest": -29426000.0,
        "Reconciled Depreciation": 3602000.0,
        "Reconciled Cost Of Revenue": 16426000.0,
        "EBITDA": -25488000.0,
        "EBIT": -29090000.0,
        "Net Interest Income": -1049000.0,
        "Interest Expense": 1049000.0,
        "Normalized Income": -29426000.0,
        "Net Income From Continuing And Discontinued Operation": -29426000.0,
        "Total Expenses": 54673000.0,
        "Total Operating Income As Reported": -29027000.0,
        "Diluted Average Shares": 78897000.0,
        "Basic Average Shares": 78897000.0,
        "Diluted EPS": -0.37,
        "Basic EPS": -0.37,
        "Diluted NI Availto Com Stockholders": -29426000.0,
        "Net Income Common Stockholders": -29426000.0,
        "Net Income": -29426000.0,
        "Net Income Including Noncontrolling Interests": -29426000.0,
        "Net Income Continuous Operations": -29426000.0,
        "Tax Provision": -713000.0,
        "Pretax Income": -30139000.0,
        "Other Income Expense": -63000.0,
        "Other Non Operating Income Expenses": -63000.0,
        "Special Income Charges": NaN,
        "Restructuring And Mergern Acquisition": NaN,
        "Gain On Sale Of Security": NaN,
        "Net Non Operating Interest Income Expense": -1049000.0,
        "Interest Expense Non Operating": 1049000.0,
        "Operating Income": -29027000.0,
        "Operating Expense": 38247000.0,
        "Research And Development": 8650000.0,
        "Selling General And Administration": 29597000.0,
        "Gross Profit": 9220000.0,
        "Cost Of Revenue": 16426000.0,
        "Total Revenue": 25646000.0,
        "Operating Revenue": 25169000.0
    },
    "2022-06-30": {
        "Tax Effect Of Unusual Items": -551819.698551,
        "Tax Rate For Calcs": 0.024757,
        "Normalized EBITDA": -37966000.0,
        "Total Unusual Items": -22289000.0,
        "Total Unusual Items Excluding Goodwill": -22289000.0,
        "Net Income From Continuing Operation Net Minority Interest": -63539000.0,
        "Reconciled Depreciation": 3835000.0,
        "Reconciled Cost Of Revenue": 14350000.0,
        "EBITDA": -60255000.0,
        "EBIT": -64090000.0,
        "Net Interest Income": -1062000.0,
        "Interest Expense": 1062000.0,
        "Normalized Income": -41801819.698551,
        "Net Income From Continuing And Discontinued Operation": -63539000.0,
        "Total Expenses": 57340000.0,
        "Total Operating Income As Reported": -38563000.0,
        "Diluted Average Shares": 77821000.0,
        "Basic Average Shares": 77821000.0,
        "Diluted EPS": -0.82,
        "Basic EPS": -0.82,
        "Diluted NI Availto Com Stockholders": -63539000.0,
        "Net Income Common Stockholders": -63539000.0,
        "Net Income": -63539000.0,
        "Net Income Including Noncontrolling Interests": -63539000.0,
        "Net Income Continuous Operations": -63539000.0,
        "Tax Provision": -1613000.0,
        "Pretax Income": -65152000.0,
        "Other Income Expense": -25527000.0,
        "Other Non Operating Income Expenses": -3238000.0,
        "Special Income Charges": -3064000.0,
        "Other Special Charges": 3064000.0,
        "Restructuring And Mergern Acquisition": NaN,
        "Gain On Sale Of Security": -22289000.0,
        "Net Non Operating Interest Income Expense": -1062000.0,
        "Interest Expense Non Operating": 1062000.0,
        "Operating Income": -38563000.0,
        "Operating Expense": 42990000.0,
        "Research And Development": 12606000.0,
        "Selling General And Administration": 30384000.0,
        "Gross Profit": 4427000.0,
        "Cost Of Revenue": 14350000.0,
        "Total Revenue": 18777000.0,
        "Operating Revenue": 18025000.0
    },
    "2022-03-31": {
        "Diluted EPS": -0.06,
        "Total Revenue": 41,
        "Gross Profit": 4,
        "Operating Income": -33,
        "EBIT": -26,
        "Net Income": -27
    },
    "2021-12-31": {
        "Diluted EPS": 0.24,
        "Total Revenue": 27,
        "Gross Profit": 7,
        "Operating Income": -24,
        "EBIT": -20,
        "Net Income": 3
    },
    "2021-09-30": {
        "Diluted EPS": -0.39,
        "Total Revenue": 5,
        "Gross Profit": -12,
        "Operating Income": -52,
        "EBIT": -49,
        "Net Income": -88
    },
    "2021-06-30": {
        "Diluted EPS": -0.21,
        "Total Revenue": 11,
        "Gross Profit": 2,
        "Operating Income": -13,
        "EBIT": -11,
        "Net Income": -17
    },
    "2021-03-31": {
        "Diluted EPS": -0.2,
        "Total Revenue": 18,
        "Gross Profit": 1,
        "Operating Income": -12,
        "EBIT": -10,
        "Net Income": -16
    },
    "2020-12-31": {
        "Diluted EPS": 0.0,
        "Total Revenue": NaN,
        "Gross Profit": NaN,
        "Operating Income": NaN,
        "EBIT": NaN,
        "Net Income": NaN
    },
    "2020-09-30": {
        "Diluted EPS": -0.17,
        "Total Revenue": 11,
        "Gross Profit": -2,
        "Operating Income": -13,
        "EBIT": -13,
        "Net Income": -13
    },
    "2023-06-30": {
        "Tax Effect Of Unusual Items": NaN,
        "Tax Rate For Calcs": NaN,
        "Normalized EBITDA": NaN,
        "Total Unusual Items": NaN,
        "Total Unusual Items Excluding Goodwill": NaN,
        "Net Income From Continuing Operation Net Minority Interest": NaN,
        "Reconciled Depreciation": NaN,
        "Reconciled Cost Of Revenue": NaN,
        "EBITDA": NaN,
        "EBIT": NaN,
        "Net Interest Income": NaN,
        "Interest Expense": 1129000.0,
        "Interest Income": 244000.0,
        "Normalized Income": NaN,
        "Net Income From Continuing And Discontinued Operation": NaN,
        "Total Expenses": NaN,
        "Total Operating Income As Reported": NaN,
        "Diluted Average Shares": NaN,
        "Basic Average Shares": NaN,
        "Diluted EPS": NaN,
        "Basic EPS": NaN,
        "Diluted NI Availto Com Stockholders": NaN,
        "Net Income Common Stockholders": NaN,
        "Preferred Stock Dividends": NaN,
        "Net Income": NaN,
        "Net Income Including Noncontrolling Interests": NaN,
        "Net Income Continuous Operations": NaN,
        "Tax Provision": NaN,
        "Pretax Income": NaN,
        "Other Income Expense": NaN,
        "Other Non Operating Income Expenses": NaN,
        "Special Income Charges": NaN,
        "Restructuring And Mergern Acquisition": NaN,
        "Net Non Operating Interest Income Expense": NaN,
        "Interest Expense Non Operating": 1129000.0,
        "Interest Income Non Operating": 244000.0,
        "Operating Income": NaN,
        "Operating Expense": NaN,
        "Research And Development": NaN,
        "Selling General And Administration": NaN,
        "Gross Profit": NaN,
        "Cost Of Revenue": NaN,
        "Total Revenue": NaN,
        "Operating Revenue": NaN
    },
    "2023-09-30": {
        "Tax Effect Of Unusual Items": -769440.0,
        "Tax Rate For Calcs": 0.21,
        "Normalized EBITDA": -9858000.0,
        "Total Unusual Items": -3664000.0,
        "Total Unusual Items Excluding Goodwill": -3664000.0,
        "Net Income From Continuing Operation Net Minority Interest": -20997000.0,
        "Reconciled Depreciation": 3986000.0,
        "Reconciled Cost Of Revenue": 14213000.0,
        "EBITDA": -13522000.0,
        "EBIT": -17508000.0,
        "Net Interest Income": 340000.0,
        "Interest Expense": 1223000.0,
        "Interest Income": 340000.0,
        "Normalized Income": -18102440.0,
        "Net Income From Continuing And Discontinued Operation": -20997000.0,
        "Total Expenses": 42875000.0,
        "Total Operating Income As Reported": -21172000.0,
        "Diluted Average Shares": 79152000.0,
        "Basic Average Shares": 79152000.0,
        "Diluted EPS": -0.27,
        "Basic EPS": -0.27,
        "Diluted NI Availto Com Stockholders": -20997000.0,
        "Net Income Common Stockholders": -20997000.0,
        "Preferred Stock Dividends": NaN,
        "Net Income": -20997000.0,
        "Net Income Including Noncontrolling Interests": -20997000.0,
        "Net Income Continuous Operations": -20997000.0,
        "Tax Provision": 50000.0,
        "Pretax Income": -20947000.0,
        "Other Income Expense": -3779000.0,
        "Other Non Operating Income Expenses": -115000.0,
        "Special Income Charges": -3664000.0,
        "Restructuring And Mergern Acquisition": 3664000.0,
        "Net Non Operating Interest Income Expense": 340000.0,
        "Interest Expense Non Operating": 1223000.0,
        "Interest Income Non Operating": 340000.0,
        "Operating Income": -17508000.0,
        "Operating Expense": 28662000.0,
        "Research And Development": 6370000.0,
        "Selling General And Administration": 22292000.0,
        "Gross Profit": 11154000.0,
        "Cost Of Revenue": 14213000.0,
        "Total Revenue": 25367000.0,
        "Operating Revenue": 25277000.0
    },
    "2023-12-31": {
        "Tax Effect Of Unusual Items": -52651.218778,
        "Tax Rate For Calcs": 0.008125,
        "Normalized EBITDA": -8454000.0,
        "Total Unusual Items": -6480000.0,
        "Total Unusual Items Excluding Goodwill": -6480000.0,
        "Net Income From Continuing Operation Net Minority Interest": -19776000.0,
        "Reconciled Depreciation": 3906000.0,
        "Reconciled Cost Of Revenue": 14831000.0,
        "EBITDA": -14934000.0,
        "EBIT": -18840000.0,
        "Net Interest Income": -1098000.0,
        "Interest Expense": 1098000.0,
        "Interest Income": NaN,
        "Normalized Income": -13348651.218778,
        "Net Income From Continuing And Discontinued Operation": -19776000.0,
        "Total Expenses": 43094000.0,
        "Total Operating Income As Reported": -21386000.0,
        "Diluted Average Shares": 79729000.0,
        "Basic Average Shares": 79729000.0,
        "Diluted EPS": -0.25,
        "Basic EPS": -0.25,
        "Diluted NI Availto Com Stockholders": -19776000.0,
        "Net Income Common Stockholders": -19776000.0,
        "Preferred Stock Dividends": NaN,
        "Net Income": -19776000.0,
        "Net Income Including Noncontrolling Interests": -19776000.0,
        "Net Income Continuous Operations": -19776000.0,
        "Tax Provision": -162000.0,
        "Pretax Income": -19938000.0,
        "Other Income Expense": -3934000.0,
        "Other Non Operating Income Expenses": 2546000.0,
        "Special Income Charges": -6480000.0,
        "Restructuring And Mergern Acquisition": 6480000.0,
        "Net Non Operating Interest Income Expense": -1098000.0,
        "Interest Expense Non Operating": 1098000.0,
        "Interest Income Non Operating": NaN,
        "Operating Income": -14906000.0,
        "Operating Expense": 28263000.0,
        "Research And Development": 6909000.0,
        "Selling General And Administration": 21354000.0,
        "Gross Profit": 13357000.0,
        "Cost Of Revenue": 14831000.0,
        "Total Revenue": 28188000.0,
        "Operating Revenue": 28188000.0
    },
    "2024-03-31": {
        "Tax Effect Of Unusual Items": 790860.0,
        "Tax Rate For Calcs": 0.21,
        "Normalized EBITDA": -37307000.0,
        "Total Unusual Items": 3766000.0,
        "Total Unusual Items Excluding Goodwill": 3766000.0,
        "Net Income From Continuing Operation Net Minority Interest": -32157000.0,
        "Reconciled Depreciation": 5194000.0,
        "Reconciled Cost Of Revenue": 21352000.0,
        "EBITDA": -33541000.0,
        "EBIT": -38735000.0,
        "Net Interest Income": 5174000.0,
        "Interest Expense": NaN,
        "Interest Income": 5174000.0,
        "Normalized Income": -35132140.0,
        "Net Income From Continuing And Discontinued Operation": -32157000.0,
        "Total Expenses": 84275000.0,
        "Total Operating Income As Reported": -60182000.0,
        "Diluted Average Shares": 294125000.0,
        "Basic Average Shares": 294125000.0,
        "Diluted EPS": -0.27,
        "Basic EPS": -0.27,
        "Diluted NI Availto Com Stockholders": -78171000.0,
        "Net Income Common Stockholders": -78171000.0,
        "Preferred Stock Dividends": 46014000.0,
        "Net Income": -32157000.0,
        "Net Income Including Noncontrolling Interests": -32157000.0,
        "Net Income Continuous Operations": -32157000.0,
        "Tax Provision": 128000.0,
        "Pretax Income": -32029000.0,
        "Other Income Expense": 1532000.0,
        "Other Non Operating Income Expenses": -2234000.0,
        "Special Income Charges": 3766000.0,
        "Restructuring And Mergern Acquisition": -3766000.0,
        "Net Non Operating Interest Income Expense": 5174000.0,
        "Interest Expense Non Operating": NaN,
        "Interest Income Non Operating": 5174000.0,
        "Operating Income": -38735000.0,
        "Operating Expense": 62923000.0,
        "Research And Development": 15980000.0,
        "Selling General And Administration": 46943000.0,
        "Gross Profit": 24188000.0,
        "Cost Of Revenue": 21352000.0,
        "Total Revenue": 45540000.0,
        "Operating Revenue": 44619000.0
    },
    "2024-06-30": {
        "Tax Effect Of Unusual Items": -1791510.0,
        "Tax Rate For Calcs": 0.21,
        "Normalized EBITDA": -29601000.0,
        "Total Unusual Items": -8531000.0,
        "Total Unusual Items Excluding Goodwill": -8531000.0,
        "Net Income From Continuing Operation Net Minority Interest": -45718000.0,
        "Reconciled Depreciation": 3856000.0,
        "Reconciled Cost Of Revenue": 22297000.0,
        "EBITDA": -38132000.0,
        "EBIT": -41988000.0,
        "Net Interest Income": 4444000.0,
        "Interest Expense": NaN,
        "Interest Income": 4444000.0,
        "Normalized Income": -38978510.0,
        "Net Income From Continuing And Discontinued Operation": -45718000.0,
        "Total Expenses": 79193000.0,
        "Total Operating Income As Reported": -50519000.0,
        "Diluted Average Shares": 372331000.0,
        "Basic Average Shares": 372331000.0,
        "Diluted EPS": -0.12,
        "Basic EPS": -0.12,
        "Diluted NI Availto Com Stockholders": -45718000.0,
        "Net Income Common Stockholders": -45718000.0,
        "Preferred Stock Dividends": NaN,
        "Net Income": -45718000.0,
        "Net Income Including Noncontrolling Interests": -45718000.0,
        "Net Income Continuous Operations": -45718000.0,
        "Tax Provision": 55000.0,
        "Pretax Income": -45663000.0,
        "Other Income Expense": -8119000.0,
        "Other Non Operating Income Expenses": 412000.0,
        "Special Income Charges": -8531000.0,
        "Restructuring And Mergern Acquisition": 8531000.0,
        "Net Non Operating Interest Income Expense": 4444000.0,
        "Interest Expense Non Operating": NaN,
        "Interest Income Non Operating": 4444000.0,
        "Operating Income": -41988000.0,
        "Operating Expense": 56896000.0,
        "Research And Development": 19222000.0,
        "Selling General And Administration": 37674000.0,
        "Gross Profit": 14908000.0,
        "Cost Of Revenue": 22297000.0,
        "Total Revenue": 37205000.0,
        "Operating Revenue": 36216000.0
    },
    "2024-09-30": {
        "Tax Effect Of Unusual Items": -1558200.0,
        "Tax Rate For Calcs": 0.21,
        "Normalized EBITDA": -13020000.0,
        "Total Unusual Items": -7420000.0,
        "Total Unusual Items Excluding Goodwill": -7420000.0,
        "Net Income From Continuing Operation Net Minority Interest": -26938000.0,
        "Reconciled Depreciation": 3858000.0,
        "Reconciled Cost Of Revenue": 21708000.0,
        "EBITDA": -20440000.0,
        "EBIT": -24298000.0,
        "Net Interest Income": 3941000.0,
        "Interest Expense": NaN,
        "Interest Income": 3941000.0,
        "Normalized Income": -21076200.0,
        "Net Income From Continuing And Discontinued Operation": -26938000.0,
        "Total Expenses": 69267000.0,
        "Total Operating Income As Reported": -31718000.0,
        "Diluted Average Shares": 371538000.0,
        "Basic Average Shares": 371538000.0,
        "Diluted EPS": -0.07,
        "Basic EPS": -0.07,
        "Diluted NI Availto Com Stockholders": -26938000.0,
        "Net Income Common Stockholders": -26938000.0,
        "Preferred Stock Dividends": NaN,
        "Net Income": -26938000.0,
        "Net Income Including Noncontrolling Interests": -26938000.0,
        "Net Income Continuous Operations": -26938000.0,
        "Tax Provision": 118000.0,
        "Pretax Income": -26820000.0,
        "Other Income Expense": -6463000.0,
        "Other Non Operating Income Expenses": 957000.0,
        "Special Income Charges": -7420000.0,
        "Restructuring And Mergern Acquisition": 7420000.0,
        "Net Non Operating Interest Income Expense": 3941000.0,
        "Interest Expense Non Operating": NaN,
        "Interest Income Non Operating": 3941000.0,
        "Operating Income": -24298000.0,
        "Operating Expense": 47559000.0,
        "Research And Development": 13156000.0,
        "Selling General And Administration": 34403000.0,
        "Gross Profit": 23261000.0,
        "Cost Of Revenue": 21708000.0,
        "Total Revenue": 44969000.0,
        "Operating Revenue": 44031000.0
    }
}