{
    "2023-04-30": {
        "Tax Effect Of Unusual Items": NaN,
        "Tax Rate For Calcs": NaN,
        "Normalized EBITDA": NaN,
        "Net Income From Continuing Operation Net Minority Interest": NaN,
        "Reconciled Depreciation": NaN,
        "Reconciled Cost Of Revenue": NaN,
        "EBITDA": NaN,
        "EBIT": NaN,
        "Net Interest Income": NaN,
        "Interest Expense": NaN,
        "Normalized Income": NaN,
        "Net Income From Continuing And Discontinued Operation": NaN,
        "Total Expenses": NaN,
        "Total Operating Income As Reported": NaN,
        "Diluted Average Shares": 7502863.0,
        "Basic Average Shares": 7325005.0,
        "Diluted EPS": 0.18,
        "Basic EPS": 0.18,
        "Diluted NI Availto Com Stockholders": NaN,
        "Net Income Common Stockholders": NaN,
        "Net Income": NaN,
        "Net Income Including Noncontrolling Interests": NaN,
        "Net Income Continuous Operations": NaN,
        "Tax Provision": NaN,
        "Pretax Income": NaN,
        "Other Income Expense": NaN,
        "Other Non Operating Income Expenses": NaN,
        "Net Non Operating Interest Income Expense": NaN,
        "Interest Expense Non Operating": NaN,
        "Operating Income": NaN,
        "Operating Expense": NaN,
        "Other Operating Expenses": 10506000.0,
        "Gross Profit": NaN,
        "Cost Of Revenue": NaN,
        "Total Revenue": NaN,
        "Operating Revenue": NaN
    },
    "2023-01-31": {
        "Tax Effect Of Unusual Items": 0.0,
        "Tax Rate For Calcs": 0.21,
        "Normalized EBITDA": 318000.0,
        "Net Income From Continuing Operation Net Minority Interest": 183000.0,
        "Reconciled Depreciation": 135000.0,
        "Reconciled Cost Of Revenue": 18135000.0,
        "EBITDA": 318000.0,
        "EBIT": 183000.0,
        "Net Interest Income": -12000.0,
        "Interest Expense": 12000.0,
        "Normalized Income": 183000.0,
        "Net Income From Continuing And Discontinued Operation": 183000.0,
        "Total Expenses": 28921000.0,
        "Total Operating Income As Reported": 76000.0,
        "Diluted Average Shares": NaN,
        "Basic Average Shares": NaN,
        "Diluted EPS": NaN,
        "Basic EPS": NaN,
        "Diluted NI Availto Com Stockholders": 183000.0,
        "Net Income Common Stockholders": 183000.0,
        "Net Income": 183000.0,
        "Net Income Including Noncontrolling Interests": 183000.0,
        "Net Income Continuous Operations": 183000.0,
        "Tax Provision": -12000.0,
        "Pretax Income": 171000.0,
        "Other Income Expense": 107000.0,
        "Other Non Operating Income Expenses": 107000.0,
        "Net Non Operating Interest Income Expense": -12000.0,
        "Interest Expense Non Operating": 12000.0,
        "Operating Income": 76000.0,
        "Operating Expense": 10786000.0,
        "Other Operating Expenses": NaN,
        "Gross Profit": 10862000.0,
        "Cost Of Revenue": 18135000.0,
        "Total Revenue": 28997000.0,
        "Operating Revenue": 28997000.0
    },
    "2022-10-31": {
        "Tax Effect Of Unusual Items": NaN,
        "Tax Rate For Calcs": NaN,
        "Normalized EBITDA": NaN,
        "Net Income From Continuing Operation Net Minority Interest": NaN,
        "Reconciled Depreciation": NaN,
        "Reconciled Cost Of Revenue": NaN,
        "EBITDA": NaN,
        "EBIT": NaN,
        "Net Interest Income": NaN,
        "Interest Expense": NaN,
        "Normalized Income": NaN,
        "Net Income From Continuing And Discontinued Operation": NaN,
        "Total Expenses": NaN,
        "Total Operating Income As Reported": NaN,
        "Diluted Average Shares": 7704695.0,
        "Basic Average Shares": 7514725.0,
        "Diluted EPS": 0.19,
        "Basic EPS": 0.19,
        "Diluted NI Availto Com Stockholders": NaN,
        "Net Income Common Stockholders": NaN,
        "Net Income": NaN,
        "Net Income Including Noncontrolling Interests": NaN,
        "Net Income Continuous Operations": NaN,
        "Tax Provision": NaN,
        "Pretax Income": NaN,
        "Other Income Expense": NaN,
        "Other Non Operating Income Expenses": NaN,
        "Net Non Operating Interest Income Expense": NaN,
        "Interest Expense Non Operating": NaN,
        "Operating Income": NaN,
        "Operating Expense": NaN,
        "Other Operating Expenses": 10082000.0,
        "Gross Profit": NaN,
        "Cost Of Revenue": NaN,
        "Total Revenue": NaN,
        "Operating Revenue": NaN
    },
    "2022-07-31": {
        "Tax Effect Of Unusual Items": 0.0,
        "Tax Rate For Calcs": 0.4,
        "Normalized EBITDA": 1753000.0,
        "Net Income From Continuing Operation Net Minority Interest": -870000.0,
        "Reconciled Depreciation": 354000.0,
        "Reconciled Cost Of Revenue": 16557000.0,
        "EBITDA": 1753000.0,
        "EBIT": 1753000.0,
        "Net Interest Income": -13000.0,
        "Interest Expense": 13000.0,
        "Normalized Income": -870000.0,
        "Net Income From Continuing And Discontinued Operation": -870000.0,
        "Total Expenses": 26389000.0,
        "Total Operating Income As Reported": 1795000.0,
        "Diluted Average Shares": 7670636.0,
        "Basic Average Shares": 7670636.0,
        "Diluted EPS": -0.11,
        "Basic EPS": -0.11,
        "Diluted NI Availto Com Stockholders": -870000.0,
        "Net Income Common Stockholders": -870000.0,
        "Net Income": -870000.0,
        "Net Income Including Noncontrolling Interests": -870000.0,
        "Net Income Continuous Operations": -870000.0,
        "Tax Provision": 2610000.0,
        "Pretax Income": 1740000.0,
        "Other Income Expense": -42000.0,
        "Other Non Operating Income Expenses": -42000.0,
        "Net Non Operating Interest Income Expense": -13000.0,
        "Interest Expense Non Operating": 13000.0,
        "Operating Income": 1795000.0,
        "Operating Expense": 9832000.0,
        "Other Operating Expenses": 9832000.0,
        "Gross Profit": 11627000.0,
        "Cost Of Revenue": 16557000.0,
        "Total Revenue": 28184000.0,
        "Operating Revenue": 28184000.0
    },
    "2022-04-30": {
        "Diluted EPS": 0.14,
        "Total Revenue": 27,
        "Gross Profit": 11,
        "Operating Income": 1,
        "EBIT": 2,
        "Net Income": 1
    },
    "2022-01-31": {
        "Diluted EPS": 0.08,
        "Total Revenue": 27,
        "Gross Profit": 11,
        "Operating Income": 1,
        "EBIT": 2,
        "Net Income": 1
    },
    "2021-10-31": {
        "Diluted EPS": 0.36,
        "Total Revenue": 30,
        "Gross Profit": 13,
        "Operating Income": 4,
        "EBIT": 5,
        "Net Income": 3
    },
    "2021-07-31": {
        "Diluted EPS": 0.36,
        "Total Revenue": 27,
        "Gross Profit": 13,
        "Operating Income": 4,
        "EBIT": 5,
        "Net Income": 3
    },
    "2021-04-30": {
        "Diluted EPS": 0.61,
        "Total Revenue": 34,
        "Gross Profit": 15,
        "Operating Income": 7,
        "EBIT": 7,
        "Net Income": 5
    },
    "2021-01-31": {
        "Diluted EPS": 0.97,
        "Total Revenue": 37,
        "Gross Profit": 18,
        "Operating Income": 9,
        "EBIT": 10,
        "Net Income": 8
    },
    "2020-10-31": {
        "Diluted EPS": 1.14,
        "Total Revenue": 41,
        "Gross Profit": 22,
        "Operating Income": 12,
        "EBIT": 13,
        "Net Income": 9
    },
    "2020-07-31": {
        "Diluted EPS": 1.16,
        "Total Revenue": 35,
        "Gross Profit": 17,
        "Operating Income": 10,
        "EBIT": 10,
        "Net Income": 9
    },
    "2020-04-30": {
        "Diluted EPS": 1.07,
        "Total Revenue": 46,
        "Gross Profit": 22,
        "Operating Income": 12,
        "EBIT": 13,
        "Net Income": 9
    },
    "2020-01-31": {
        "Diluted EPS": 0.16,
        "Total Revenue": 28,
        "Gross Profit": 11,
        "Operating Income": 2,
        "EBIT": 2,
        "Net Income": 1
    },
    "2019-10-31": {
        "Diluted EPS": 0.14,
        "Total Revenue": 27,
        "Gross Profit": 9,
        "Operating Income": 2,
        "EBIT": 2,
        "Net Income": 1
    },
    "2019-07-31": {
        "Diluted EPS": 0.17,
        "Total Revenue": 27,
        "Gross Profit": 10,
        "Operating Income": 3,
        "EBIT": 3,
        "Net Income": 1
    },
    "2019-04-30": {
        "Diluted EPS": -0.06,
        "Total Revenue": 25,
        "Gross Profit": 8,
        "Operating Income": 0,
        "EBIT": 0,
        "Net Income": 0
    },
    "2019-01-31": {
        "Diluted EPS": -0.23,
        "Total Revenue": 25,
        "Gross Profit": 7,
        "Operating Income": -2,
        "EBIT": -1,
        "Net Income": -2
    },
    "2018-10-31": {
        "Diluted EPS": 0.06,
        "Total Revenue": 24,
        "Gross Profit": 8,
        "Operating Income": 1,
        "EBIT": 1,
        "Net Income": 1
    },
    "2018-07-31": {
        "Diluted EPS": 0.12,
        "Total Revenue": 26,
        "Gross Profit": 9,
        "Operating Income": 2,
        "EBIT": 2,
        "Net Income": 1
    },
    "2018-04-30": {
        "Diluted EPS": 0.23,
        "Total Revenue": 24,
        "Gross Profit": 10,
        "Operating Income": 2,
        "EBIT": 3,
        "Net Income": 2
    },
    "2018-01-31": {
        "Diluted EPS": -0.65,
        "Total Revenue": 25,
        "Gross Profit": 10,
        "Operating Income": 1,
        "EBIT": 1,
        "Net Income": -5
    },
    "2017-10-31": {
        "Diluted EPS": 0.23,
        "Total Revenue": 24,
        "Gross Profit": 9,
        "Operating Income": 3,
        "EBIT": 3,
        "Net Income": 2
    },
    "2017-07-31": {
        "Diluted EPS": 0.25,
        "Total Revenue": 24,
        "Gross Profit": 9,
        "Operating Income": 2,
        "EBIT": 2,
        "Net Income": 2
    },
    "2017-04-30": {
        "Diluted EPS": 0.23,
        "Total Revenue": 23,
        "Gross Profit": 9,
        "Operating Income": 2,
        "EBIT": 3,
        "Net Income": 2
    },
    "2017-01-31": {
        "Diluted EPS": 0.12,
        "Total Revenue": 20,
        "Gross Profit": 8,
        "Operating Income": 2,
        "EBIT": 2,
        "Net Income": 1
    },
    "2016-10-31": {
        "Diluted EPS": 0.21,
        "Total Revenue": 23,
        "Gross Profit": 9,
        "Operating Income": 2,
        "EBIT": 3,
        "Net Income": 2
    },
    "2016-07-31": {
        "Diluted EPS": 0.2,
        "Total Revenue": 22,
        "Gross Profit": 9,
        "Operating Income": 3,
        "EBIT": 3,
        "Net Income": 1
    },
    "2016-04-30": {
        "Diluted EPS": 0.0,
        "Total Revenue": 20,
        "Gross Profit": 7,
        "Operating Income": 0,
        "EBIT": 0,
        "Net Income": 0
    },
    "2016-01-31": {
        "Diluted EPS": -0.21,
        "Total Revenue": 20,
        "Gross Profit": 6,
        "Operating Income": 0,
        "EBIT": 0,
        "Net Income": -2
    },
    "2015-10-31": {
        "Diluted EPS": 0.29,
        "Total Revenue": 25,
        "Gross Profit": 9,
        "Operating Income": 3,
        "EBIT": 3,
        "Net Income": 2
    },
    "2015-07-31": {
        "Diluted EPS": 0.28,
        "Total Revenue": 29,
        "Gross Profit": 12,
        "Operating Income": 6,
        "EBIT": 6,
        "Net Income": 2
    },
    "2015-04-30": {
        "Diluted EPS": 0.17,
        "Total Revenue": 25,
        "Gross Profit": 9,
        "Operating Income": 3,
        "EBIT": 3,
        "Net Income": 1
    },
    "2015-01-31": {
        "Diluted EPS": 1.82,
        "Total Revenue": 25,
        "Gross Profit": 10,
        "Operating Income": 3,
        "EBIT": 3,
        "Net Income": 11
    },
    "2014-10-31": {
        "Diluted EPS": -0.42,
        "Total Revenue": 24,
        "Gross Profit": 8,
        "Operating Income": 1,
        "EBIT": 2,
        "Net Income": -3
    },
    "2014-07-31": {
        "Diluted EPS": -0.07,
        "Total Revenue": 23,
        "Gross Profit": 7,
        "Operating Income": 2,
        "EBIT": 2,
        "Net Income": 0
    },
    "2014-04-30": {
        "Diluted EPS": 0.0,
        "Total Revenue": 22,
        "Gross Profit": 7,
        "Operating Income": 1,
        "EBIT": 1,
        "Net Income": 0
    },
    "2014-01-31": {
        "Diluted EPS": -0.29,
        "Total Revenue": 22,
        "Gross Profit": 6,
        "Operating Income": 0,
        "EBIT": 0,
        "Net Income": -2
    },
    "2013-10-31": {
        "Diluted EPS": -0.31,
        "Total Revenue": 23,
        "Gross Profit": 5,
        "Operating Income": -1,
        "EBIT": -1,
        "Net Income": -2
    },
    "2013-07-31": {
        "Diluted EPS": 0.74,
        "Total Revenue": 25,
        "Gross Profit": 7,
        "Operating Income": 1,
        "EBIT": 2,
        "Net Income": 4
    },
    "2013-04-30": {
        "Diluted EPS": -0.16,
        "Total Revenue": 22,
        "Gross Profit": 6,
        "Operating Income": 0,
        "EBIT": 0,
        "Net Income": -1
    },
    "2013-01-31": {
        "Diluted EPS": -3.38,
        "Total Revenue": 23,
        "Gross Profit": 6,
        "Operating Income": -1,
        "EBIT": 9,
        "Net Income": -18
    },
    "2012-10-31": {
        "Diluted EPS": 0.05,
        "Total Revenue": 24,
        "Gross Profit": 7,
        "Operating Income": 0,
        "EBIT": 1,
        "Net Income": 0
    },
    "2012-07-31": {
        "Diluted EPS": 0.3,
        "Total Revenue": 23,
        "Gross Profit": 7,
        "Operating Income": 0,
        "EBIT": 1,
        "Net Income": 2
    },
    "2012-04-30": {
        "Diluted EPS": -1.94,
        "Total Revenue": 24,
        "Gross Profit": 7,
        "Operating Income": 0,
        "EBIT": 0,
        "Net Income": -10
    },
    "2012-01-31": {
        "Diluted EPS": -0.29,
        "Total Revenue": 20,
        "Gross Profit": 5,
        "Operating Income": -1,
        "EBIT": -1,
        "Net Income": -2
    },
    "2011-10-31": {
        "Diluted EPS": -0.11,
        "Total Revenue": 25,
        "Gross Profit": 7,
        "Operating Income": 1,
        "EBIT": 1,
        "Net Income": -1
    },
    "2011-07-31": {
        "Diluted EPS": 0.11,
        "Total Revenue": 26,
        "Gross Profit": 8,
        "Operating Income": 1,
        "EBIT": 1,
        "Net Income": 1
    },
    "2011-04-30": {
        "Diluted EPS": 0.22,
        "Total Revenue": 26,
        "Gross Profit": 8,
        "Operating Income": 2,
        "EBIT": 2,
        "Net Income": 1
    },
    "2011-01-31": {
        "Diluted EPS": 0.21,
        "Total Revenue": 24,
        "Gross Profit": 8,
        "Operating Income": 2,
        "EBIT": 3,
        "Net Income": 1
    },
    "2010-10-31": {
        "Diluted EPS": 0.12,
        "Total Revenue": 26,
        "Gross Profit": 7,
        "Operating Income": 1,
        "EBIT": 1,
        "Net Income": 1
    },
    "2010-07-31": {
        "Diluted EPS": 0.1,
        "Total Revenue": 25,
        "Gross Profit": 8,
        "Operating Income": 1,
        "EBIT": 1,
        "Net Income": 1
    },
    "2010-04-30": {
        "Diluted EPS": -0.25,
        "Total Revenue": 25,
        "Gross Profit": 6,
        "Operating Income": 0,
        "EBIT": 1,
        "Net Income": -1
    },
    "2010-01-31": {
        "Diluted EPS": 0.2,
        "Total Revenue": 25,
        "Gross Profit": 8,
        "Operating Income": 1,
        "EBIT": 2,
        "Net Income": 1
    },
    "2009-10-31": {
        "Diluted EPS": -0.03,
        "Total Revenue": 22,
        "Gross Profit": 6,
        "Operating Income": 0,
        "EBIT": 1,
        "Net Income": 0
    },
    "2009-07-31": {
        "Diluted EPS": 0.0,
        "Total Revenue": 23,
        "Gross Profit": 6,
        "Operating Income": 0,
        "EBIT": 1,
        "Net Income": 0
    },
    "2009-04-30": {
        "Diluted EPS": 0.02,
        "Total Revenue": 24,
        "Gross Profit": 6,
        "Operating Income": 1,
        "EBIT": 1,
        "Net Income": 0
    },
    "2009-01-31": {
        "Diluted EPS": 0.12,
        "Total Revenue": 22,
        "Gross Profit": 6,
        "Operating Income": 1,
        "EBIT": 1,
        "Net Income": 1
    },
    "2023-07-31": {
        "Tax Effect Of Unusual Items": 0.0,
        "Tax Rate For Calcs": 0.327,
        "Normalized EBITDA": 4254000.0,
        "Net Income From Continuing Operation Net Minority Interest": 2465000.0,
        "Reconciled Depreciation": 589000.0,
        "Reconciled Cost Of Revenue": 18888000.0,
        "EBITDA": 4254000.0,
        "EBIT": 3665000.0,
        "Net Interest Income": -1000.0,
        "Interest Expense": 1000.0,
        "Normalized Income": 2465000.0,
        "Net Income From Continuing And Discontinued Operation": 2465000.0,
        "Total Expenses": 29341000.0,
        "Total Operating Income As Reported": 3730000.0,
        "Diluted Average Shares": 7591786.0,
        "Basic Average Shares": 7409305.0,
        "Diluted EPS": 0.32,
        "Basic EPS": 0.33,
        "Diluted NI Availto Com Stockholders": 2465000.0,
        "Net Income Common Stockholders": 2465000.0,
        "Net Income": 2465000.0,
        "Net Income Including Noncontrolling Interests": 2465000.0,
        "Net Income Continuous Operations": 2465000.0,
        "Tax Provision": 1199000.0,
        "Pretax Income": 3664000.0,
        "Other Income Expense": -65000.0,
        "Other Non Operating Income Expenses": -65000.0,
        "Net Non Operating Interest Income Expense": -1000.0,
        "Interest Expense Non Operating": 1000.0,
        "Operating Income": 3730000.0,
        "Operating Expense": 10453000.0,
        "Other Operating Expenses": 10453000.0,
        "Gross Profit": 14183000.0,
        "Cost Of Revenue": 18888000.0,
        "Total Revenue": 33071000.0,
        "Operating Revenue": 33071000.0
    },
    "2023-10-31": {
        "Tax Effect Of Unusual Items": 0.0,
        "Tax Rate For Calcs": 0.264,
        "Normalized EBITDA": 4055000.0,
        "Net Income From Continuing Operation Net Minority Interest": 2618000.0,
        "Reconciled Depreciation": 487000.0,
        "Reconciled Cost Of Revenue": 18317000.0,
        "EBITDA": 4055000.0,
        "EBIT": 3568000.0,
        "Net Interest Income": -13000.0,
        "Interest Expense": 13000.0,
        "Normalized Income": 2618000.0,
        "Net Income From Continuing And Discontinued Operation": 2618000.0,
        "Total Expenses": 28057000.0,
        "Total Operating Income As Reported": 3621000.0,
        "Diluted Average Shares": 7614404.0,
        "Basic Average Shares": 7428557.0,
        "Diluted EPS": 0.34,
        "Basic EPS": 0.35,
        "Diluted NI Availto Com Stockholders": 2618000.0,
        "Net Income Common Stockholders": 2618000.0,
        "Net Income": 2618000.0,
        "Net Income Including Noncontrolling Interests": 2618000.0,
        "Net Income Continuous Operations": 2618000.0,
        "Tax Provision": 937000.0,
        "Pretax Income": 3555000.0,
        "Other Income Expense": -53000.0,
        "Other Non Operating Income Expenses": -53000.0,
        "Net Non Operating Interest Income Expense": -13000.0,
        "Interest Expense Non Operating": 13000.0,
        "Operating Income": 3621000.0,
        "Operating Expense": 9740000.0,
        "Other Operating Expenses": 9740000.0,
        "Gross Profit": 13361000.0,
        "Cost Of Revenue": 18317000.0,
        "Total Revenue": 31678000.0,
        "Operating Revenue": 31678000.0
    },
    "2024-01-31": {
        "Tax Effect Of Unusual Items": 0.0,
        "Tax Rate For Calcs": 0.21,
        "Normalized EBITDA": 808000.0,
        "Net Income From Continuing Operation Net Minority Interest": -977000.0,
        "Reconciled Depreciation": 502000.0,
        "Reconciled Cost Of Revenue": 20035000.0,
        "EBITDA": 808000.0,
        "EBIT": 306000.0,
        "Net Interest Income": -30000.0,
        "Interest Expense": 30000.0,
        "Normalized Income": -977000.0,
        "Net Income From Continuing And Discontinued Operation": -977000.0,
        "Total Expenses": 34536000.0,
        "Total Operating Income As Reported": -3296000.0,
        "Diluted Average Shares": NaN,
        "Basic Average Shares": NaN,
        "Diluted EPS": NaN,
        "Basic EPS": NaN,
        "Diluted NI Availto Com Stockholders": -977000.0,
        "Net Income Common Stockholders": -977000.0,
        "Net Income": -977000.0,
        "Net Income Including Noncontrolling Interests": -977000.0,
        "Net Income Continuous Operations": -977000.0,
        "Tax Provision": 1253000.0,
        "Pretax Income": 276000.0,
        "Other Income Expense": 3602000.0,
        "Other Non Operating Income Expenses": 3602000.0,
        "Net Non Operating Interest Income Expense": -30000.0,
        "Interest Expense Non Operating": 30000.0,
        "Operating Income": -3297000.0,
        "Operating Expense": 14501000.0,
        "Other Operating Expenses": NaN,
        "Gross Profit": 11204000.0,
        "Cost Of Revenue": 20035000.0,
        "Total Revenue": 31239000.0,
        "Operating Revenue": 31239000.0
    },
    "2024-04-30": {
        "Tax Effect Of Unusual Items": 0.0,
        "Tax Rate For Calcs": 0.19,
        "Normalized EBITDA": 2860000.0,
        "Net Income From Continuing Operation Net Minority Interest": 1653000.0,
        "Reconciled Depreciation": 647000.0,
        "Reconciled Cost Of Revenue": 20125000.0,
        "EBITDA": 2860000.0,
        "EBIT": 2213000.0,
        "Net Interest Income": -172000.0,
        "Interest Expense": 172000.0,
        "Normalized Income": 1653000.0,
        "Net Income From Continuing And Discontinued Operation": 1653000.0,
        "Total Expenses": 34107000.0,
        "Total Operating Income As Reported": 2202000.0,
        "Diluted Average Shares": 7582449.0,
        "Basic Average Shares": 7364757.0,
        "Diluted EPS": 0.22,
        "Basic EPS": 0.22,
        "Diluted NI Availto Com Stockholders": 1653000.0,
        "Net Income Common Stockholders": 1653000.0,
        "Net Income": 1653000.0,
        "Net Income Including Noncontrolling Interests": 1653000.0,
        "Net Income Continuous Operations": 1653000.0,
        "Tax Provision": 388000.0,
        "Pretax Income": 2041000.0,
        "Other Income Expense": 11000.0,
        "Other Non Operating Income Expenses": 11000.0,
        "Net Non Operating Interest Income Expense": -172000.0,
        "Interest Expense Non Operating": 172000.0,
        "Operating Income": 2202000.0,
        "Operating Expense": 13982000.0,
        "Other Operating Expenses": 13982000.0,
        "Gross Profit": 16184000.0,
        "Cost Of Revenue": 20125000.0,
        "Total Revenue": 36309000.0,
        "Operating Revenue": 36309000.0
    },
    "2024-07-31": {
        "Tax Effect Of Unusual Items": 0.0,
        "Tax Rate For Calcs": 0.234,
        "Normalized EBITDA": -281000.0,
        "Net Income From Continuing Operation Net Minority Interest": -1376000.0,
        "Reconciled Depreciation": 1145000.0,
        "Reconciled Cost Of Revenue": 23277000.0,
        "EBITDA": -281000.0,
        "EBIT": -1426000.0,
        "Net Interest Income": -370000.0,
        "Interest Expense": 370000.0,
        "Normalized Income": -1376000.0,
        "Net Income From Continuing And Discontinued Operation": -1376000.0,
        "Total Expenses": 40103000.0,
        "Total Operating Income As Reported": -1591000.0,
        "Diluted Average Shares": 7390873.0,
        "Basic Average Shares": 7390873.0,
        "Diluted EPS": -0.19,
        "Basic EPS": -0.19,
        "Diluted NI Availto Com Stockholders": -1376000.0,
        "Net Income Common Stockholders": -1376000.0,
        "Net Income": -1376000.0,
        "Net Income Including Noncontrolling Interests": -1376000.0,
        "Net Income Continuous Operations": -1376000.0,
        "Tax Provision": -420000.0,
        "Pretax Income": -1796000.0,
        "Other Income Expense": 165000.0,
        "Other Non Operating Income Expenses": 165000.0,
        "Net Non Operating Interest Income Expense": -370000.0,
        "Interest Expense Non Operating": 370000.0,
        "Operating Income": -1591000.0,
        "Operating Expense": 16826000.0,
        "Other Operating Expenses": 16826000.0,
        "Gross Profit": 15235000.0,
        "Cost Of Revenue": 23277000.0,
        "Total Revenue": 38512000.0,
        "Operating Revenue": 38512000.0
    }
}