{
    "2023-03-31": {
        "Tax Effect Of Unusual Items": NaN,
        "Tax Rate For Calcs": NaN,
        "Normalized EBITDA": NaN,
        "Total Unusual Items": NaN,
        "Total Unusual Items Excluding Goodwill": NaN,
        "Net Income From Continuing Operation Net Minority Interest": NaN,
        "Reconciled Depreciation": NaN,
        "Reconciled Cost Of Revenue": NaN,
        "EBITDA": NaN,
        "EBIT": NaN,
        "Net Interest Income": NaN,
        "Interest Expense": NaN,
        "Interest Income": NaN,
        "Normalized Income": NaN,
        "Net Income From Continuing And Discontinued Operation": NaN,
        "Total Expenses": NaN,
        "Total Operating Income As Reported": NaN,
        "Diluted Average Shares": NaN,
        "Basic Average Shares": NaN,
        "Diluted EPS": NaN,
        "Basic EPS": NaN,
        "Diluted NI Availto Com Stockholders": NaN,
        "Net Income Common Stockholders": NaN,
        "Net Income": NaN,
        "Minority Interests": NaN,
        "Net Income Including Noncontrolling Interests": NaN,
        "Net Income Discontinuous Operations": NaN,
        "Net Income Continuous Operations": NaN,
        "Earnings From Equity Interest Net Of Tax": -3000.0,
        "Tax Provision": NaN,
        "Pretax Income": NaN,
        "Other Income Expense": NaN,
        "Other Non Operating Income Expenses": NaN,
        "Special Income Charges": NaN,
        "Gain On Sale Of Business": NaN,
        "Impairment Of Capital Assets": 0.0,
        "Gain On Sale Of Security": NaN,
        "Net Non Operating Interest Income Expense": NaN,
        "Interest Expense Non Operating": NaN,
        "Interest Income Non Operating": NaN,
        "Operating Income": NaN,
        "Operating Expense": NaN,
        "Selling General And Administration": NaN,
        "General And Administrative Expense": NaN,
        "Other Gand A": NaN,
        "Gross Profit": NaN,
        "Cost Of Revenue": NaN,
        "Total Revenue": NaN,
        "Operating Revenue": NaN
    },
    "2022-12-31": {
        "Tax Effect Of Unusual Items": NaN,
        "Tax Rate For Calcs": NaN,
        "Normalized EBITDA": NaN,
        "Total Unusual Items": NaN,
        "Total Unusual Items Excluding Goodwill": NaN,
        "Net Income From Continuing Operation Net Minority Interest": NaN,
        "Reconciled Depreciation": NaN,
        "Reconciled Cost Of Revenue": NaN,
        "EBITDA": NaN,
        "EBIT": NaN,
        "Net Interest Income": NaN,
        "Interest Expense": NaN,
        "Interest Income": NaN,
        "Normalized Income": NaN,
        "Net Income From Continuing And Discontinued Operation": NaN,
        "Total Expenses": NaN,
        "Total Operating Income As Reported": NaN,
        "Diluted Average Shares": NaN,
        "Basic Average Shares": NaN,
        "Diluted EPS": NaN,
        "Basic EPS": NaN,
        "Diluted NI Availto Com Stockholders": NaN,
        "Net Income Common Stockholders": NaN,
        "Net Income": NaN,
        "Minority Interests": NaN,
        "Net Income Including Noncontrolling Interests": NaN,
        "Net Income Discontinuous Operations": NaN,
        "Net Income Continuous Operations": NaN,
        "Earnings From Equity Interest Net Of Tax": 188000.0,
        "Tax Provision": NaN,
        "Pretax Income": NaN,
        "Other Income Expense": NaN,
        "Other Non Operating Income Expenses": NaN,
        "Special Income Charges": NaN,
        "Gain On Sale Of Business": NaN,
        "Impairment Of Capital Assets": 0.0,
        "Gain On Sale Of Security": NaN,
        "Net Non Operating Interest Income Expense": NaN,
        "Interest Expense Non Operating": NaN,
        "Interest Income Non Operating": NaN,
        "Operating Income": NaN,
        "Operating Expense": NaN,
        "Selling General And Administration": NaN,
        "General And Administrative Expense": NaN,
        "Other Gand A": NaN,
        "Gross Profit": NaN,
        "Cost Of Revenue": NaN,
        "Total Revenue": NaN,
        "Operating Revenue": NaN
    },
    "2022-09-30": {
        "Tax Effect Of Unusual Items": NaN,
        "Tax Rate For Calcs": NaN,
        "Normalized EBITDA": NaN,
        "Total Unusual Items": NaN,
        "Total Unusual Items Excluding Goodwill": NaN,
        "Net Income From Continuing Operation Net Minority Interest": NaN,
        "Reconciled Depreciation": NaN,
        "Reconciled Cost Of Revenue": NaN,
        "EBITDA": NaN,
        "EBIT": NaN,
        "Net Interest Income": NaN,
        "Interest Expense": NaN,
        "Interest Income": NaN,
        "Normalized Income": NaN,
        "Net Income From Continuing And Discontinued Operation": NaN,
        "Total Expenses": NaN,
        "Total Operating Income As Reported": NaN,
        "Diluted Average Shares": NaN,
        "Basic Average Shares": NaN,
        "Diluted EPS": NaN,
        "Basic EPS": NaN,
        "Diluted NI Availto Com Stockholders": NaN,
        "Net Income Common Stockholders": NaN,
        "Net Income": NaN,
        "Minority Interests": NaN,
        "Net Income Including Noncontrolling Interests": NaN,
        "Net Income Discontinuous Operations": NaN,
        "Net Income Continuous Operations": NaN,
        "Earnings From Equity Interest Net Of Tax": NaN,
        "Tax Provision": NaN,
        "Pretax Income": NaN,
        "Other Income Expense": NaN,
        "Other Non Operating Income Expenses": NaN,
        "Special Income Charges": NaN,
        "Gain On Sale Of Business": NaN,
        "Impairment Of Capital Assets": 0.0,
        "Gain On Sale Of Security": NaN,
        "Net Non Operating Interest Income Expense": NaN,
        "Interest Expense Non Operating": NaN,
        "Interest Income Non Operating": NaN,
        "Operating Income": NaN,
        "Operating Expense": NaN,
        "Selling General And Administration": NaN,
        "General And Administrative Expense": NaN,
        "Other Gand A": NaN,
        "Gross Profit": NaN,
        "Cost Of Revenue": NaN,
        "Total Revenue": NaN,
        "Operating Revenue": NaN
    },
    "2022-06-30": {
        "Tax Effect Of Unusual Items": -5196000.0,
        "Tax Rate For Calcs": 0.4,
        "Normalized EBITDA": 150922000.0,
        "Total Unusual Items": -12990000.0,
        "Total Unusual Items Excluding Goodwill": -12990000.0,
        "Net Income From Continuing Operation Net Minority Interest": 39278000.0,
        "Reconciled Depreciation": 22350000.0,
        "Reconciled Cost Of Revenue": 242814000.0,
        "EBITDA": 137932000.0,
        "EBIT": 115582000.0,
        "Net Interest Income": -2479000.0,
        "Interest Expense": 4164000.0,
        "Interest Income": 1685000.0,
        "Normalized Income": 47072000.0,
        "Net Income From Continuing And Discontinued Operation": 43423000.0,
        "Total Expenses": 258740000.0,
        "Total Operating Income As Reported": 126641000.0,
        "Diluted Average Shares": 167463000.0,
        "Basic Average Shares": 167119000.0,
        "Diluted EPS": 0.25,
        "Basic EPS": 0.26,
        "Diluted NI Availto Com Stockholders": 43423000.0,
        "Net Income Common Stockholders": 43423000.0,
        "Net Income": 43423000.0,
        "Minority Interests": -136000.0,
        "Net Income Including Noncontrolling Interests": 43559000.0,
        "Net Income Discontinuous Operations": 4145000.0,
        "Net Income Continuous Operations": 39414000.0,
        "Earnings From Equity Interest Net Of Tax": -38000.0,
        "Tax Provision": 71966000.0,
        "Pretax Income": 111418000.0,
        "Other Income Expense": -12744000.0,
        "Other Non Operating Income Expenses": 246000.0,
        "Special Income Charges": 1461000.0,
        "Gain On Sale Of Business": 1461000.0,
        "Impairment Of Capital Assets": 0.0,
        "Gain On Sale Of Security": -14451000.0,
        "Net Non Operating Interest Income Expense": -2479000.0,
        "Interest Expense Non Operating": 4164000.0,
        "Interest Income Non Operating": 1685000.0,
        "Operating Income": 126641000.0,
        "Operating Expense": 15926000.0,
        "Selling General And Administration": 15926000.0,
        "General And Administrative Expense": 15926000.0,
        "Other Gand A": 15926000.0,
        "Gross Profit": 142567000.0,
        "Cost Of Revenue": 242814000.0,
        "Total Revenue": 385381000.0,
        "Operating Revenue": 436005000.0
    },
    "2023-06-30": {
        "Tax Effect Of Unusual Items": -7134960.0,
        "Tax Rate For Calcs": 0.21,
        "Normalized EBITDA": 183250000.0,
        "Total Unusual Items": -33976000.0,
        "Total Unusual Items Excluding Goodwill": -33976000.0,
        "Net Income From Continuing Operation Net Minority Interest": 60214000.0,
        "Reconciled Depreciation": 25319000.0,
        "Reconciled Cost Of Revenue": 293998000.0,
        "EBITDA": 149274000.0,
        "EBIT": 123955000.0,
        "Net Interest Income": -4186000.0,
        "Interest Expense": 6137000.0,
        "Interest Income": 1951000.0,
        "Normalized Income": 87055040.0,
        "Net Income From Continuing And Discontinued Operation": 56177000.0,
        "Total Expenses": 305958000.0,
        "Total Operating Income As Reported": 154489000.0,
        "Diluted Average Shares": 157600000.0,
        "Basic Average Shares": 157200000.0,
        "Diluted EPS": 0.35,
        "Basic EPS": 0.35,
        "Diluted NI Availto Com Stockholders": 56177000.0,
        "Net Income Common Stockholders": 56177000.0,
        "Net Income": 56177000.0,
        "Minority Interests": -136000.0,
        "Net Income Including Noncontrolling Interests": 56313000.0,
        "Net Income Discontinuous Operations": -4037000.0,
        "Net Income Continuous Operations": 60350000.0,
        "Earnings From Equity Interest Net Of Tax": 0.0,
        "Tax Provision": 57468000.0,
        "Pretax Income": 117818000.0,
        "Other Income Expense": -34105000.0,
        "Other Non Operating Income Expenses": -129000.0,
        "Special Income Charges": -1619000.0,
        "Gain On Sale Of Business": 1000.0,
        "Impairment Of Capital Assets": 1620000.0,
        "Gain On Sale Of Security": -32357000.0,
        "Net Non Operating Interest Income Expense": -4186000.0,
        "Interest Expense Non Operating": 6137000.0,
        "Interest Income Non Operating": 1951000.0,
        "Operating Income": 156109000.0,
        "Operating Expense": 11960000.0,
        "Selling General And Administration": 11960000.0,
        "General And Administrative Expense": 11960000.0,
        "Other Gand A": 11960000.0,
        "Gross Profit": 168069000.0,
        "Cost Of Revenue": 293998000.0,
        "Total Revenue": 462067000.0,
        "Operating Revenue": 529814000.0
    },
    "2022-03-31": {
        "Diluted EPS": -0.25,
        "Total Revenue": 210,
        "Gross Profit": 27,
        "Operating Income": 9,
        "EBIT": 31,
        "Net Income": -44
    },
    "2021-12-31": {
        "Diluted EPS": 0.04,
        "Total Revenue": 297,
        "Gross Profit": 59,
        "Operating Income": -11,
        "EBIT": 23,
        "Net Income": 26
    },
    "2021-09-30": {
        "Diluted EPS": 1.94,
        "Total Revenue": 268,
        "Gross Profit": 86,
        "Operating Income": 35,
        "EBIT": 70,
        "Net Income": 360
    },
    "2021-06-30": {
        "Diluted EPS": -0.15,
        "Total Revenue": 328,
        "Gross Profit": 114,
        "Operating Income": 58,
        "EBIT": 96,
        "Net Income": -29
    },
    "2021-03-31": {
        "Diluted EPS": -0.82,
        "Total Revenue": 195,
        "Gross Profit": 13,
        "Operating Income": -86,
        "EBIT": -48,
        "Net Income": -165
    },
    "2020-12-31": {
        "Diluted EPS": 1.81,
        "Total Revenue": 285,
        "Gross Profit": 97,
        "Operating Income": 37,
        "EBIT": 76,
        "Net Income": 379
    },
    "2020-09-30": {
        "Diluted EPS": -3.73,
        "Total Revenue": 244,
        "Gross Profit": 58,
        "Operating Income": -318,
        "EBIT": -268,
        "Net Income": -784
    },
    "2020-06-30": {
        "Diluted EPS": -1.46,
        "Total Revenue": 304,
        "Gross Profit": 96,
        "Operating Income": 29,
        "EBIT": 95,
        "Net Income": -308
    },
    "2020-03-31": {
        "Diluted EPS": 0.47,
        "Total Revenue": 192,
        "Gross Profit": -28,
        "Operating Income": -77,
        "EBIT": -10,
        "Net Income": 100
    },
    "2019-12-31": {
        "Diluted EPS": 0.28,
        "Total Revenue": 352,
        "Gross Profit": 109,
        "Operating Income": 57,
        "EBIT": 131,
        "Net Income": 60
    },
    "2019-09-30": {
        "Diluted EPS": -0.43,
        "Total Revenue": 277,
        "Gross Profit": 48,
        "Operating Income": -18,
        "EBIT": 63,
        "Net Income": -95
    },
    "2019-06-30": {
        "Diluted EPS": 3.48,
        "Total Revenue": 992,
        "Gross Profit": 285,
        "Operating Income": 217,
        "EBIT": 296,
        "Net Income": 782
    },
    "2019-03-31": {
        "Diluted EPS": 0.85,
        "Total Revenue": 601,
        "Gross Profit": -38,
        "Operating Income": -92,
        "EBIT": -11,
        "Net Income": 191
    },
    "2018-12-31": {
        "Diluted EPS": 0.56,
        "Total Revenue": NaN,
        "Gross Profit": -118,
        "Operating Income": -181,
        "EBIT": -131,
        "Net Income": 70
    },
    "2018-09-30": {
        "Diluted EPS": -0.42,
        "Total Revenue": 778,
        "Gross Profit": 113,
        "Operating Income": 29,
        "EBIT": 89,
        "Net Income": -94
    },
    "2018-06-30": {
        "Diluted EPS": 1.0,
        "Total Revenue": NaN,
        "Gross Profit": 291,
        "Operating Income": 218,
        "EBIT": 281,
        "Net Income": 294
    },
    "2018-03-31": {
        "Diluted EPS": 0.59,
        "Total Revenue": 632,
        "Gross Profit": -45,
        "Operating Income": -93,
        "EBIT": -25,
        "Net Income": 111
    },
    "2017-12-31": {
        "Diluted EPS": 0.59,
        "Total Revenue": 381,
        "Gross Profit": 130,
        "Operating Income": 29,
        "EBIT": 95,
        "Net Income": 89
    },
    "2017-09-30": {
        "Diluted EPS": -1.02,
        "Total Revenue": 819,
        "Gross Profit": 90,
        "Operating Income": 25,
        "EBIT": 93,
        "Net Income": -182
    },
    "2017-06-30": {
        "Diluted EPS": 0.28,
        "Total Revenue": NaN,
        "Gross Profit": 335,
        "Operating Income": 244,
        "EBIT": 311,
        "Net Income": 47
    },
    "2017-03-31": {
        "Diluted EPS": -1.05,
        "Total Revenue": 856,
        "Gross Profit": 3,
        "Operating Income": -63,
        "EBIT": 2,
        "Net Income": -162
    },
    "2016-12-31": {
        "Diluted EPS": 0.27,
        "Total Revenue": NaN,
        "Gross Profit": NaN,
        "Operating Income": NaN,
        "EBIT": NaN,
        "Net Income": 41
    },
    "2016-09-30": {
        "Diluted EPS": 0.66,
        "Total Revenue": 930,
        "Gross Profit": 66,
        "Operating Income": 13,
        "EBIT": 79,
        "Net Income": 88
    },
    "2016-06-30": {
        "Diluted EPS": 2.59,
        "Total Revenue": NaN,
        "Gross Profit": 268,
        "Operating Income": 211,
        "EBIT": 280,
        "Net Income": 347
    },
    "2016-03-31": {
        "Diluted EPS": -0.76,
        "Total Revenue": 907,
        "Gross Profit": 37,
        "Operating Income": -11,
        "EBIT": 55,
        "Net Income": -102
    },
    "2015-12-31": {
        "Diluted EPS": 0.0,
        "Total Revenue": NaN,
        "Gross Profit": NaN,
        "Operating Income": NaN,
        "EBIT": NaN,
        "Net Income": NaN
    },
    "2014-12-31": {
        "Diluted EPS": 0.0,
        "Total Revenue": NaN,
        "Gross Profit": NaN,
        "Operating Income": NaN,
        "EBIT": NaN,
        "Net Income": NaN
    },
    "2013-12-31": {
        "Diluted EPS": 0.0,
        "Total Revenue": NaN,
        "Gross Profit": NaN,
        "Operating Income": NaN,
        "EBIT": NaN,
        "Net Income": NaN
    },
    "2023-09-30": {
        "Tax Effect Of Unusual Items": 2733150.0,
        "Tax Rate For Calcs": 0.21,
        "Normalized EBITDA": 88449000.0,
        "Total Unusual Items": 13015000.0,
        "Total Unusual Items Excluding Goodwill": 13015000.0,
        "Net Income From Continuing Operation Net Minority Interest": 35912000.0,
        "Reconciled Depreciation": 26844000.0,
        "Reconciled Cost Of Revenue": 291052000.0,
        "EBITDA": 101464000.0,
        "EBIT": 74620000.0,
        "Net Interest Income": -2339000.0,
        "Interest Expense": 5169000.0,
        "Interest Income": 2830000.0,
        "Normalized Income": 25630150.0,
        "Net Income From Continuing And Discontinued Operation": 36158000.0,
        "Total Expenses": 302824000.0,
        "Total Operating Income As Reported": 58709000.0,
        "Diluted Average Shares": 157800000.0,
        "Basic Average Shares": 157300000.0,
        "Diluted EPS": 0.23,
        "Basic EPS": 0.23,
        "Diluted NI Availto Com Stockholders": 36158000.0,
        "Net Income Common Stockholders": 36158000.0,
        "Net Income": 36158000.0,
        "Minority Interests": 177000.0,
        "Net Income Including Noncontrolling Interests": 35981000.0,
        "Net Income Discontinuous Operations": 246000.0,
        "Net Income Continuous Operations": 35735000.0,
        "Earnings From Equity Interest Net Of Tax": NaN,
        "Tax Provision": 33716000.0,
        "Pretax Income": 69451000.0,
        "Other Income Expense": 13081000.0,
        "Other Non Operating Income Expenses": 66000.0,
        "Special Income Charges": 3260000.0,
        "Gain On Sale Of Business": 3260000.0,
        "Impairment Of Capital Assets": NaN,
        "Gain On Sale Of Security": 9755000.0,
        "Net Non Operating Interest Income Expense": -2339000.0,
        "Interest Expense Non Operating": 5169000.0,
        "Interest Income Non Operating": 2830000.0,
        "Operating Income": 58709000.0,
        "Operating Expense": 11772000.0,
        "Selling General And Administration": 11772000.0,
        "General And Administrative Expense": 11772000.0,
        "Other Gand A": 11772000.0,
        "Gross Profit": 70481000.0,
        "Cost Of Revenue": 291052000.0,
        "Total Revenue": 361533000.0,
        "Operating Revenue": 410666000.0
    },
    "2023-12-31": {
        "Tax Effect Of Unusual Items": -5376210.0,
        "Tax Rate For Calcs": 0.21,
        "Normalized EBITDA": 139851000.0,
        "Total Unusual Items": -25601000.0,
        "Total Unusual Items Excluding Goodwill": -25601000.0,
        "Net Income From Continuing Operation Net Minority Interest": 47819000.0,
        "Reconciled Depreciation": 26780000.0,
        "Reconciled Cost Of Revenue": 279419000.0,
        "EBITDA": 114250000.0,
        "EBIT": 87470000.0,
        "Net Interest Income": -1582000.0,
        "Interest Expense": 3728000.0,
        "Interest Income": 2146000.0,
        "Normalized Income": 68043790.0,
        "Net Income From Continuing And Discontinued Operation": 41862000.0,
        "Total Expenses": 297985000.0,
        "Total Operating Income As Reported": 109995000.0,
        "Diluted Average Shares": 158100000.0,
        "Basic Average Shares": 157400000.0,
        "Diluted EPS": 0.26,
        "Basic EPS": 0.26,
        "Diluted NI Availto Com Stockholders": 41862000.0,
        "Net Income Common Stockholders": 41862000.0,
        "Net Income": 41862000.0,
        "Minority Interests": 127000.0,
        "Net Income Including Noncontrolling Interests": 41735000.0,
        "Net Income Discontinuous Operations": -5957000.0,
        "Net Income Continuous Operations": 47692000.0,
        "Earnings From Equity Interest Net Of Tax": 174000.0,
        "Tax Provision": 36224000.0,
        "Pretax Income": 83742000.0,
        "Other Income Expense": -26124000.0,
        "Other Non Operating Income Expenses": -523000.0,
        "Special Income Charges": -1453000.0,
        "Gain On Sale Of Business": 0.0,
        "Impairment Of Capital Assets": 1453000.0,
        "Gain On Sale Of Security": -24148000.0,
        "Net Non Operating Interest Income Expense": -1582000.0,
        "Interest Expense Non Operating": 3728000.0,
        "Interest Income Non Operating": 2146000.0,
        "Operating Income": 111448000.0,
        "Operating Expense": 18566000.0,
        "Selling General And Administration": 18566000.0,
        "General And Administrative Expense": 18566000.0,
        "Other Gand A": 18566000.0,
        "Gross Profit": 130014000.0,
        "Cost Of Revenue": 279419000.0,
        "Total Revenue": 409433000.0,
        "Operating Revenue": 481547000.0
    },
    "2024-03-31": {
        "Tax Effect Of Unusual Items": -1825530.0,
        "Tax Rate For Calcs": 0.21,
        "Normalized EBITDA": 40307000.0,
        "Total Unusual Items": -8693000.0,
        "Total Unusual Items Excluding Goodwill": -8693000.0,
        "Net Income From Continuing Operation Net Minority Interest": -10694000.0,
        "Reconciled Depreciation": 27815000.0,
        "Reconciled Cost Of Revenue": 253978000.0,
        "EBITDA": 31614000.0,
        "EBIT": 3799000.0,
        "Net Interest Income": -2750000.0,
        "Interest Expense": 4661000.0,
        "Interest Income": 1911000.0,
        "Normalized Income": -3826530.0,
        "Net Income From Continuing And Discontinued Operation": -10751000.0,
        "Total Expenses": 264243000.0,
        "Total Operating Income As Reported": 11129000.0,
        "Diluted Average Shares": 157011000.0,
        "Basic Average Shares": 157011000.0,
        "Diluted EPS": -0.07,
        "Basic EPS": -0.07,
        "Diluted NI Availto Com Stockholders": -10751000.0,
        "Net Income Common Stockholders": -10751000.0,
        "Net Income": -10751000.0,
        "Minority Interests": 97000.0,
        "Net Income Including Noncontrolling Interests": -10848000.0,
        "Net Income Discontinuous Operations": -57000.0,
        "Net Income Continuous Operations": -10791000.0,
        "Earnings From Equity Interest Net Of Tax": -7000.0,
        "Tax Provision": 9922000.0,
        "Pretax Income": -862000.0,
        "Other Income Expense": -9241000.0,
        "Other Non Operating Income Expenses": -548000.0,
        "Special Income Charges": -3086000.0,
        "Gain On Sale Of Business": -3086000.0,
        "Impairment Of Capital Assets": NaN,
        "Gain On Sale Of Security": -5607000.0,
        "Net Non Operating Interest Income Expense": -2750000.0,
        "Interest Expense Non Operating": 4661000.0,
        "Interest Income Non Operating": 1911000.0,
        "Operating Income": 11129000.0,
        "Operating Expense": 10265000.0,
        "Selling General And Administration": 10265000.0,
        "General And Administrative Expense": 10265000.0,
        "Other Gand A": 10265000.0,
        "Gross Profit": 21394000.0,
        "Cost Of Revenue": 253978000.0,
        "Total Revenue": 275372000.0,
        "Operating Revenue": 321611000.0
    },
    "2024-06-30": {
        "Tax Effect Of Unusual Items": 9063490.213528,
        "Tax Rate For Calcs": 0.33017,
        "Normalized EBITDA": 196118000.0,
        "Total Unusual Items": 27451000.0,
        "Total Unusual Items Excluding Goodwill": 27451000.0,
        "Net Income From Continuing Operation Net Minority Interest": 127736000.0,
        "Reconciled Depreciation": 27411000.0,
        "Reconciled Cost Of Revenue": 318997000.0,
        "EBITDA": 223569000.0,
        "EBIT": 196158000.0,
        "Net Interest Income": -3125000.0,
        "Interest Expense": 5129000.0,
        "Interest Income": 2004000.0,
        "Normalized Income": 109348490.213528,
        "Net Income From Continuing And Discontinued Operation": 128130000.0,
        "Total Expenses": 332650000.0,
        "Total Operating Income As Reported": 166595000.0,
        "Diluted Average Shares": 154350000.0,
        "Basic Average Shares": 153847000.0,
        "Diluted EPS": 0.83,
        "Basic EPS": 0.83,
        "Diluted NI Availto Com Stockholders": 128130000.0,
        "Net Income Common Stockholders": 128130000.0,
        "Net Income": 128130000.0,
        "Minority Interests": -221000.0,
        "Net Income Including Noncontrolling Interests": 128351000.0,
        "Net Income Discontinuous Operations": 394000.0,
        "Net Income Continuous Operations": 127957000.0,
        "Earnings From Equity Interest Net Of Tax": NaN,
        "Tax Provision": 63072000.0,
        "Pretax Income": 191029000.0,
        "Other Income Expense": 27559000.0,
        "Other Non Operating Income Expenses": 108000.0,
        "Special Income Charges": 0.0,
        "Gain On Sale Of Business": 0.0,
        "Impairment Of Capital Assets": 0.0,
        "Gain On Sale Of Security": 27451000.0,
        "Net Non Operating Interest Income Expense": -3125000.0,
        "Interest Expense Non Operating": 5129000.0,
        "Interest Income Non Operating": 2004000.0,
        "Operating Income": 166595000.0,
        "Operating Expense": 13653000.0,
        "Selling General And Administration": 13653000.0,
        "General And Administrative Expense": 13653000.0,
        "Other Gand A": 13653000.0,
        "Gross Profit": 180248000.0,
        "Cost Of Revenue": 318997000.0,
        "Total Revenue": 499245000.0,
        "Operating Revenue": 586020000.0
    }
}