{
    "2023-03-31": {
        "Tax Effect Of Unusual Items": 0.0,
        "Tax Rate For Calcs": 0.21,
        "Normalized EBITDA": -21328000.0,
        "Net Income From Continuing Operation Net Minority Interest": -20365000.0,
        "Reconciled Depreciation": 952000.0,
        "Reconciled Cost Of Revenue": 8277000.0,
        "EBITDA": -21328000.0,
        "EBIT": -22280000.0,
        "Net Interest Income": 1955000.0,
        "Interest Expense": NaN,
        "Interest Income": 1955000.0,
        "Normalized Income": -20365000.0,
        "Net Income From Continuing And Discontinued Operation": -20365000.0,
        "Total Expenses": 55409000.0,
        "Total Operating Income As Reported": -22280000.0,
        "Diluted Average Shares": 59410000.0,
        "Basic Average Shares": 59410000.0,
        "Diluted EPS": -0.34,
        "Basic EPS": -0.34,
        "Diluted NI Availto Com Stockholders": -20365000.0,
        "Net Income Common Stockholders": -20365000.0,
        "Otherunder Preferred Stock Dividend": NaN,
        "Net Income": -20365000.0,
        "Net Income Including Noncontrolling Interests": -20365000.0,
        "Net Income Continuous Operations": -20365000.0,
        "Tax Provision": 40000.0,
        "Pretax Income": -20325000.0,
        "Net Non Operating Interest Income Expense": 1955000.0,
        "Interest Expense Non Operating": NaN,
        "Interest Income Non Operating": 1955000.0,
        "Operating Income": -22280000.0,
        "Operating Expense": 47132000.0,
        "Research And Development": 15772000.0,
        "Selling General And Administration": 31360000.0,
        "Selling And Marketing Expense": 19060000.0,
        "General And Administrative Expense": 12300000.0,
        "Other Gand A": 12300000.0,
        "Gross Profit": 24852000.0,
        "Cost Of Revenue": 8277000.0,
        "Total Revenue": 33129000.0,
        "Operating Revenue": 33129000.0
    },
    "2022-12-31": {
        "Tax Effect Of Unusual Items": NaN,
        "Tax Rate For Calcs": NaN,
        "Normalized EBITDA": NaN,
        "Net Income From Continuing Operation Net Minority Interest": NaN,
        "Reconciled Depreciation": NaN,
        "Reconciled Cost Of Revenue": NaN,
        "EBITDA": NaN,
        "EBIT": NaN,
        "Net Interest Income": NaN,
        "Interest Expense": -134000.0,
        "Interest Income": NaN,
        "Normalized Income": NaN,
        "Net Income From Continuing And Discontinued Operation": NaN,
        "Total Expenses": NaN,
        "Total Operating Income As Reported": NaN,
        "Diluted Average Shares": 59096000.0,
        "Basic Average Shares": 59096000.0,
        "Diluted EPS": -0.32,
        "Basic EPS": -0.32,
        "Diluted NI Availto Com Stockholders": NaN,
        "Net Income Common Stockholders": NaN,
        "Otherunder Preferred Stock Dividend": 0.0,
        "Net Income": NaN,
        "Net Income Including Noncontrolling Interests": NaN,
        "Net Income Continuous Operations": NaN,
        "Tax Provision": NaN,
        "Pretax Income": NaN,
        "Net Non Operating Interest Income Expense": NaN,
        "Interest Expense Non Operating": -134000.0,
        "Interest Income Non Operating": NaN,
        "Operating Income": NaN,
        "Operating Expense": NaN,
        "Research And Development": NaN,
        "Selling General And Administration": NaN,
        "Selling And Marketing Expense": NaN,
        "General And Administrative Expense": NaN,
        "Other Gand A": NaN,
        "Gross Profit": NaN,
        "Cost Of Revenue": NaN,
        "Total Revenue": NaN,
        "Operating Revenue": NaN
    },
    "2022-09-30": {
        "Tax Effect Of Unusual Items": NaN,
        "Tax Rate For Calcs": NaN,
        "Normalized EBITDA": NaN,
        "Net Income From Continuing Operation Net Minority Interest": NaN,
        "Reconciled Depreciation": NaN,
        "Reconciled Cost Of Revenue": NaN,
        "EBITDA": NaN,
        "EBIT": NaN,
        "Net Interest Income": NaN,
        "Interest Expense": 314000.0,
        "Interest Income": NaN,
        "Normalized Income": NaN,
        "Net Income From Continuing And Discontinued Operation": NaN,
        "Total Expenses": NaN,
        "Total Operating Income As Reported": NaN,
        "Diluted Average Shares": NaN,
        "Basic Average Shares": NaN,
        "Diluted EPS": NaN,
        "Basic EPS": NaN,
        "Diluted NI Availto Com Stockholders": NaN,
        "Net Income Common Stockholders": NaN,
        "Otherunder Preferred Stock Dividend": 0.0,
        "Net Income": NaN,
        "Net Income Including Noncontrolling Interests": NaN,
        "Net Income Continuous Operations": NaN,
        "Tax Provision": NaN,
        "Pretax Income": NaN,
        "Net Non Operating Interest Income Expense": NaN,
        "Interest Expense Non Operating": 314000.0,
        "Interest Income Non Operating": NaN,
        "Operating Income": NaN,
        "Operating Expense": NaN,
        "Research And Development": NaN,
        "Selling General And Administration": NaN,
        "Selling And Marketing Expense": NaN,
        "General And Administrative Expense": NaN,
        "Other Gand A": NaN,
        "Gross Profit": NaN,
        "Cost Of Revenue": NaN,
        "Total Revenue": NaN,
        "Operating Revenue": NaN
    },
    "2022-06-30": {
        "Tax Effect Of Unusual Items": 0.0,
        "Tax Rate For Calcs": 0.4,
        "Normalized EBITDA": -19927000.0,
        "Net Income From Continuing Operation Net Minority Interest": -20171000.0,
        "Reconciled Depreciation": 700000.0,
        "Reconciled Cost Of Revenue": 8489000.0,
        "EBITDA": -19927000.0,
        "EBIT": -19927000.0,
        "Net Interest Income": -171000.0,
        "Interest Expense": 200000.0,
        "Interest Income": 29000.0,
        "Normalized Income": -20171000.0,
        "Net Income From Continuing And Discontinued Operation": -20171000.0,
        "Total Expenses": 53666000.0,
        "Total Operating Income As Reported": -19956000.0,
        "Diluted Average Shares": 58344000.0,
        "Basic Average Shares": 58344000.0,
        "Diluted EPS": -0.35,
        "Basic EPS": -0.35,
        "Diluted NI Availto Com Stockholders": -20171000.0,
        "Net Income Common Stockholders": -20171000.0,
        "Otherunder Preferred Stock Dividend": 0.0,
        "Net Income": -20171000.0,
        "Net Income Including Noncontrolling Interests": -20171000.0,
        "Net Income Continuous Operations": -20171000.0,
        "Tax Provision": 44000.0,
        "Pretax Income": -20127000.0,
        "Net Non Operating Interest Income Expense": -171000.0,
        "Interest Expense Non Operating": 200000.0,
        "Interest Income Non Operating": 29000.0,
        "Operating Income": -19956000.0,
        "Operating Expense": 45177000.0,
        "Research And Development": 15181000.0,
        "Selling General And Administration": 29996000.0,
        "Selling And Marketing Expense": 18931000.0,
        "General And Administrative Expense": 11065000.0,
        "Other Gand A": 11065000.0,
        "Gross Profit": 25221000.0,
        "Cost Of Revenue": 8489000.0,
        "Total Revenue": 33710000.0,
        "Operating Revenue": 33710000.0
    },
    "2022-03-31": {
        "Diluted EPS": -0.2,
        "Total Revenue": 34,
        "Gross Profit": 25,
        "Operating Income": -12,
        "EBIT": -11,
        "Net Income": -12
    },
    "2021-12-31": {
        "Diluted EPS": -0.09,
        "Total Revenue": 34,
        "Gross Profit": 25,
        "Operating Income": -9,
        "EBIT": -9,
        "Net Income": -9
    },
    "2021-09-30": {
        "Diluted EPS": -0.19,
        "Total Revenue": 30,
        "Gross Profit": 22,
        "Operating Income": -9,
        "EBIT": -9,
        "Net Income": -9
    },
    "2021-06-30": {
        "Diluted EPS": -0.23,
        "Total Revenue": 30,
        "Gross Profit": 21,
        "Operating Income": -3,
        "EBIT": -3,
        "Net Income": -3
    },
    "2021-03-31": {
        "Diluted EPS": -0.22,
        "Total Revenue": 21,
        "Gross Profit": 15,
        "Operating Income": -3,
        "EBIT": -2,
        "Net Income": -3
    },
    "2020-12-31": {
        "Diluted EPS": 0.0,
        "Total Revenue": NaN,
        "Gross Profit": NaN,
        "Operating Income": NaN,
        "EBIT": NaN,
        "Net Income": NaN
    },
    "2020-09-30": {
        "Diluted EPS": -0.24,
        "Total Revenue": 18,
        "Gross Profit": 12,
        "Operating Income": -3,
        "EBIT": -3,
        "Net Income": -3
    },
    "2020-06-30": {
        "Diluted EPS": -0.42,
        "Total Revenue": 16,
        "Gross Profit": 11,
        "Operating Income": -5,
        "EBIT": -5,
        "Net Income": -5
    },
    "2023-06-30": {
        "Tax Effect Of Unusual Items": 0.0,
        "Tax Rate For Calcs": 0.21,
        "Normalized EBITDA": -15986000.0,
        "Net Income From Continuing Operation Net Minority Interest": -14915000.0,
        "Reconciled Depreciation": 1005000.0,
        "Reconciled Cost Of Revenue": 9039000.0,
        "EBITDA": -15986000.0,
        "EBIT": -16991000.0,
        "Net Interest Income": 2133000.0,
        "Interest Expense": NaN,
        "Interest Income": 2133000.0,
        "Normalized Income": -14915000.0,
        "Net Income From Continuing And Discontinued Operation": -14915000.0,
        "Total Expenses": 51267000.0,
        "Total Operating Income As Reported": -16991000.0,
        "Diluted Average Shares": 59856000.0,
        "Basic Average Shares": 59856000.0,
        "Diluted EPS": -0.25,
        "Basic EPS": -0.25,
        "Diluted NI Availto Com Stockholders": -14915000.0,
        "Net Income Common Stockholders": -14915000.0,
        "Otherunder Preferred Stock Dividend": NaN,
        "Net Income": -14915000.0,
        "Net Income Including Noncontrolling Interests": -14915000.0,
        "Net Income Continuous Operations": -14915000.0,
        "Tax Provision": 57000.0,
        "Pretax Income": -14858000.0,
        "Net Non Operating Interest Income Expense": 2133000.0,
        "Interest Expense Non Operating": NaN,
        "Interest Income Non Operating": 2133000.0,
        "Operating Income": -16991000.0,
        "Operating Expense": 42228000.0,
        "Research And Development": 13258000.0,
        "Selling General And Administration": 28970000.0,
        "Selling And Marketing Expense": 18053000.0,
        "General And Administrative Expense": 10917000.0,
        "Other Gand A": 10917000.0,
        "Gross Profit": 25237000.0,
        "Cost Of Revenue": 9039000.0,
        "Total Revenue": 34276000.0,
        "Operating Revenue": 34276000.0
    },
    "2023-09-30": {
        "Tax Effect Of Unusual Items": 0.0,
        "Tax Rate For Calcs": 0.21,
        "Normalized EBITDA": 348000.0,
        "Net Income From Continuing Operation Net Minority Interest": -1030000.0,
        "Reconciled Depreciation": 1054000.0,
        "Reconciled Cost Of Revenue": 8939000.0,
        "EBITDA": 348000.0,
        "EBIT": -706000.0,
        "Net Interest Income": 1931000.0,
        "Interest Expense": 260000.0,
        "Interest Income": 2191000.0,
        "Normalized Income": -1030000.0,
        "Net Income From Continuing And Discontinued Operation": -1030000.0,
        "Total Expenses": 37840000.0,
        "Total Operating Income As Reported": -2897000.0,
        "Diluted Average Shares": 60350000.0,
        "Basic Average Shares": 60350000.0,
        "Diluted EPS": -0.02,
        "Basic EPS": -0.02,
        "Diluted NI Availto Com Stockholders": -1030000.0,
        "Net Income Common Stockholders": -1030000.0,
        "Otherunder Preferred Stock Dividend": NaN,
        "Net Income": -1030000.0,
        "Net Income Including Noncontrolling Interests": -1030000.0,
        "Net Income Continuous Operations": -1030000.0,
        "Tax Provision": 64000.0,
        "Pretax Income": -966000.0,
        "Net Non Operating Interest Income Expense": 1931000.0,
        "Interest Expense Non Operating": 260000.0,
        "Interest Income Non Operating": 2191000.0,
        "Operating Income": -2897000.0,
        "Operating Expense": 28901000.0,
        "Research And Development": 12065000.0,
        "Selling General And Administration": 16836000.0,
        "Selling And Marketing Expense": 16708000.0,
        "General And Administrative Expense": 128000.0,
        "Other Gand A": 128000.0,
        "Gross Profit": 26004000.0,
        "Cost Of Revenue": 8939000.0,
        "Total Revenue": 34943000.0,
        "Operating Revenue": 34943000.0
    },
    "2023-12-31": {
        "Tax Effect Of Unusual Items": 0.0,
        "Tax Rate For Calcs": 0.21,
        "Normalized EBITDA": -4490000.0,
        "Net Income From Continuing Operation Net Minority Interest": -5840000.0,
        "Reconciled Depreciation": 1148000.0,
        "Reconciled Cost Of Revenue": 8693000.0,
        "EBITDA": -4490000.0,
        "EBIT": -5638000.0,
        "Net Interest Income": 2119000.0,
        "Interest Expense": -80000.0,
        "Interest Income": 2039000.0,
        "Normalized Income": -5840000.0,
        "Net Income From Continuing And Discontinued Operation": -5840000.0,
        "Total Expenses": 43419000.0,
        "Total Operating Income As Reported": -7677000.0,
        "Diluted Average Shares": NaN,
        "Basic Average Shares": NaN,
        "Diluted EPS": NaN,
        "Basic EPS": NaN,
        "Diluted NI Availto Com Stockholders": -5840000.0,
        "Net Income Common Stockholders": -5840000.0,
        "Otherunder Preferred Stock Dividend": NaN,
        "Net Income": -5840000.0,
        "Net Income Including Noncontrolling Interests": -5840000.0,
        "Net Income Continuous Operations": -5840000.0,
        "Tax Provision": 282000.0,
        "Pretax Income": -5558000.0,
        "Net Non Operating Interest Income Expense": 2119000.0,
        "Interest Expense Non Operating": -80000.0,
        "Interest Income Non Operating": 2039000.0,
        "Operating Income": -7677000.0,
        "Operating Expense": 34726000.0,
        "Research And Development": 10528000.0,
        "Selling General And Administration": 24198000.0,
        "Selling And Marketing Expense": 14311000.0,
        "General And Administrative Expense": 9887000.0,
        "Other Gand A": 9887000.0,
        "Gross Profit": 27049000.0,
        "Cost Of Revenue": 8693000.0,
        "Total Revenue": 35742000.0,
        "Operating Revenue": 35742000.0
    },
    "2024-03-31": {
        "Tax Effect Of Unusual Items": 0.0,
        "Tax Rate For Calcs": 0.4,
        "Normalized EBITDA": -9271000.0,
        "Net Income From Continuing Operation Net Minority Interest": -10582000.0,
        "Reconciled Depreciation": 1075000.0,
        "Reconciled Cost Of Revenue": 8852000.0,
        "EBITDA": -9271000.0,
        "EBIT": -10346000.0,
        "Net Interest Income": 1836000.0,
        "Interest Expense": 150000.0,
        "Interest Income": 1986000.0,
        "Normalized Income": -10582000.0,
        "Net Income From Continuing And Discontinued Operation": -10582000.0,
        "Total Expenses": 47903000.0,
        "Total Operating Income As Reported": -12332000.0,
        "Diluted Average Shares": 61188000.0,
        "Basic Average Shares": 61188000.0,
        "Diluted EPS": -0.17,
        "Basic EPS": -0.17,
        "Diluted NI Availto Com Stockholders": -10582000.0,
        "Net Income Common Stockholders": -10582000.0,
        "Otherunder Preferred Stock Dividend": NaN,
        "Net Income": -10582000.0,
        "Net Income Including Noncontrolling Interests": -10582000.0,
        "Net Income Continuous Operations": -10582000.0,
        "Tax Provision": 86000.0,
        "Pretax Income": -10496000.0,
        "Net Non Operating Interest Income Expense": 1836000.0,
        "Interest Expense Non Operating": 150000.0,
        "Interest Income Non Operating": 1986000.0,
        "Operating Income": -12332000.0,
        "Operating Expense": 39051000.0,
        "Research And Development": 12079000.0,
        "Selling General And Administration": 26972000.0,
        "Selling And Marketing Expense": 15808000.0,
        "General And Administrative Expense": 11164000.0,
        "Other Gand A": 11164000.0,
        "Gross Profit": 26719000.0,
        "Cost Of Revenue": 8852000.0,
        "Total Revenue": 35571000.0,
        "Operating Revenue": 35571000.0
    }
}