{
    "2023-06-30": {
        "Tax Effect Of Unusual Items": 0.0,
        "Tax Rate For Calcs": 0.268393,
        "Normalized EBITDA": 17243000.0,
        "Total Unusual Items": NaN,
        "Total Unusual Items Excluding Goodwill": NaN,
        "Net Income From Continuing Operation Net Minority Interest": 3560000.0,
        "Reconciled Depreciation": 4459000.0,
        "Reconciled Cost Of Revenue": 240657000.0,
        "EBITDA": 17243000.0,
        "EBIT": 12784000.0,
        "Net Interest Income": -7918000.0,
        "Interest Expense": 7918000.0,
        "Normalized Income": 3560000.0,
        "Net Income From Continuing And Discontinued Operation": 3560000.0,
        "Total Expenses": 295596000.0,
        "Total Operating Income As Reported": 12784000.0,
        "Diluted Average Shares": 14292064.0,
        "Basic Average Shares": 14181659.0,
        "Diluted EPS": 0.12,
        "Basic EPS": 0.12,
        "Diluted NI Availto Com Stockholders": 2364000.0,
        "Net Income Common Stockholders": 2364000.0,
        "Otherunder Preferred Stock Dividend": NaN,
        "Preferred Stock Dividends": 1196000.0,
        "Net Income": 3560000.0,
        "Net Income Including Noncontrolling Interests": 3560000.0,
        "Net Income Continuous Operations": 3560000.0,
        "Tax Provision": 1306000.0,
        "Pretax Income": 4866000.0,
        "Other Income Expense": NaN,
        "Special Income Charges": NaN,
        "Restructuring And Mergern Acquisition": NaN,
        "Gain On Sale Of Security": NaN,
        "Net Non Operating Interest Income Expense": -7918000.0,
        "Interest Expense Non Operating": 7918000.0,
        "Operating Income": 12784000.0,
        "Operating Expense": 54939000.0,
        "Depreciation Amortization Depletion Income Statement": 4459000.0,
        "Depreciation And Amortization In Income Statement": 4459000.0,
        "Selling General And Administration": 50480000.0,
        "General And Administrative Expense": 50480000.0,
        "Other Gand A": 50480000.0,
        "Salaries And Wages": NaN,
        "Gross Profit": 67723000.0,
        "Cost Of Revenue": 240657000.0,
        "Total Revenue": 308380000.0,
        "Operating Revenue": 308380000.0
    },
    "2023-03-31": {
        "Tax Effect Of Unusual Items": 292143.198091,
        "Tax Rate For Calcs": 0.341289,
        "Normalized EBITDA": 10359000.0,
        "Total Unusual Items": 856000.0,
        "Total Unusual Items Excluding Goodwill": 856000.0,
        "Net Income From Continuing Operation Net Minority Interest": -276000.0,
        "Reconciled Depreciation": 4403000.0,
        "Reconciled Cost Of Revenue": 231765000.0,
        "EBITDA": 11215000.0,
        "EBIT": 6812000.0,
        "Net Interest Income": -7231000.0,
        "Interest Expense": 7231000.0,
        "Normalized Income": -839856.801909,
        "Net Income From Continuing And Discontinued Operation": -276000.0,
        "Total Expenses": 289700000.0,
        "Total Operating Income As Reported": 5956000.0,
        "Diluted Average Shares": 11988899.0,
        "Basic Average Shares": 11988899.0,
        "Diluted EPS": -0.17,
        "Basic EPS": -0.12,
        "Diluted NI Availto Com Stockholders": -1460000.0,
        "Net Income Common Stockholders": -1460000.0,
        "Otherunder Preferred Stock Dividend": NaN,
        "Preferred Stock Dividends": 1184000.0,
        "Net Income": -276000.0,
        "Net Income Including Noncontrolling Interests": -276000.0,
        "Net Income Continuous Operations": -276000.0,
        "Tax Provision": -143000.0,
        "Pretax Income": -419000.0,
        "Other Income Expense": 856000.0,
        "Special Income Charges": NaN,
        "Restructuring And Mergern Acquisition": NaN,
        "Gain On Sale Of Security": 856000.0,
        "Net Non Operating Interest Income Expense": -7231000.0,
        "Interest Expense Non Operating": 7231000.0,
        "Operating Income": 5956000.0,
        "Operating Expense": 57935000.0,
        "Depreciation Amortization Depletion Income Statement": 4403000.0,
        "Depreciation And Amortization In Income Statement": 4403000.0,
        "Selling General And Administration": 53532000.0,
        "General And Administrative Expense": 53532000.0,
        "Other Gand A": 53532000.0,
        "Salaries And Wages": NaN,
        "Gross Profit": 63891000.0,
        "Cost Of Revenue": 231765000.0,
        "Total Revenue": 295656000.0,
        "Operating Revenue": 295656000.0
    },
    "2022-12-31": {
        "Tax Effect Of Unusual Items": 227607.476636,
        "Tax Rate For Calcs": 0.127726,
        "Normalized EBITDA": 6725000.0,
        "Total Unusual Items": 1782000.0,
        "Total Unusual Items Excluding Goodwill": 1782000.0,
        "Net Income From Continuing Operation Net Minority Interest": -1400000.0,
        "Reconciled Depreciation": 4420000.0,
        "Reconciled Cost Of Revenue": 189116000.0,
        "EBITDA": 8507000.0,
        "EBIT": 4087000.0,
        "Net Interest Income": -5692000.0,
        "Interest Expense": 5692000.0,
        "Normalized Income": -2954392.523364,
        "Net Income From Continuing And Discontinued Operation": -1400000.0,
        "Total Expenses": 241185000.0,
        "Total Operating Income As Reported": 2305000.0,
        "Diluted Average Shares": 11136411.0,
        "Basic Average Shares": 11013261.0,
        "Diluted EPS": -0.24,
        "Basic EPS": -0.24,
        "Diluted NI Availto Com Stockholders": -2610000.0,
        "Net Income Common Stockholders": -2610000.0,
        "Otherunder Preferred Stock Dividend": NaN,
        "Preferred Stock Dividends": 1210000.0,
        "Net Income": -1400000.0,
        "Net Income Including Noncontrolling Interests": -1400000.0,
        "Net Income Continuous Operations": -1400000.0,
        "Tax Provision": -205000.0,
        "Pretax Income": -1605000.0,
        "Other Income Expense": 1782000.0,
        "Special Income Charges": 0.0,
        "Restructuring And Mergern Acquisition": NaN,
        "Gain On Sale Of Security": 1782000.0,
        "Net Non Operating Interest Income Expense": -5692000.0,
        "Interest Expense Non Operating": 5692000.0,
        "Operating Income": 2305000.0,
        "Operating Expense": 52069000.0,
        "Depreciation Amortization Depletion Income Statement": 4420000.0,
        "Depreciation And Amortization In Income Statement": 4420000.0,
        "Selling General And Administration": 47649000.0,
        "General And Administrative Expense": 47649000.0,
        "Other Gand A": 47649000.0,
        "Salaries And Wages": NaN,
        "Gross Profit": 54374000.0,
        "Cost Of Revenue": 189116000.0,
        "Total Revenue": 243490000.0,
        "Operating Revenue": 243490000.0
    },
    "2022-09-30": {
        "Tax Effect Of Unusual Items": -136689.0,
        "Tax Rate For Calcs": 0.283,
        "Normalized EBITDA": 19985000.0,
        "Total Unusual Items": -483000.0,
        "Total Unusual Items Excluding Goodwill": -483000.0,
        "Net Income From Continuing Operation Net Minority Interest": 7665000.0,
        "Reconciled Depreciation": 4202000.0,
        "Reconciled Cost Of Revenue": 257915000.0,
        "EBITDA": 19502000.0,
        "EBIT": 15300000.0,
        "Net Interest Income": -4603000.0,
        "Interest Expense": 4603000.0,
        "Normalized Income": 8011311.0,
        "Net Income From Continuing And Discontinued Operation": 7665000.0,
        "Total Expenses": 317975000.0,
        "Total Operating Income As Reported": 15821000.0,
        "Diluted Average Shares": 11883985.0,
        "Basic Average Shares": 11132317.0,
        "Diluted EPS": 0.35,
        "Basic EPS": 0.38,
        "Diluted NI Availto Com Stockholders": 6455000.0,
        "Net Income Common Stockholders": 6455000.0,
        "Otherunder Preferred Stock Dividend": NaN,
        "Preferred Stock Dividends": 1210000.0,
        "Net Income": 7665000.0,
        "Net Income Including Noncontrolling Interests": 7665000.0,
        "Net Income Continuous Operations": 7665000.0,
        "Tax Provision": 3032000.0,
        "Pretax Income": 10697000.0,
        "Other Income Expense": -483000.0,
        "Special Income Charges": 38000.0,
        "Restructuring And Mergern Acquisition": -38000.0,
        "Gain On Sale Of Security": -521000.0,
        "Net Non Operating Interest Income Expense": -4603000.0,
        "Interest Expense Non Operating": 4603000.0,
        "Operating Income": 15783000.0,
        "Operating Expense": 60060000.0,
        "Depreciation Amortization Depletion Income Statement": 4202000.0,
        "Depreciation And Amortization In Income Statement": 4202000.0,
        "Selling General And Administration": 55858000.0,
        "General And Administrative Expense": 55858000.0,
        "Other Gand A": 55027000.0,
        "Salaries And Wages": 831000.0,
        "Gross Profit": 75843000.0,
        "Cost Of Revenue": 257915000.0,
        "Total Revenue": 333758000.0,
        "Operating Revenue": 300803000.0
    },
    "2022-06-30": {
        "Tax Effect Of Unusual Items": 1800249.700461,
        "Tax Rate For Calcs": 0.188212,
        "Normalized EBITDA": 37099000.0,
        "Total Unusual Items": 9565000.0,
        "Total Unusual Items Excluding Goodwill": 9565000.0,
        "Net Income From Continuing Operation Net Minority Interest": 31844000.0,
        "Reconciled Depreciation": 4052000.0,
        "Reconciled Cost Of Revenue": 274266000.0,
        "EBITDA": 46664000.0,
        "EBIT": 42612000.0,
        "Net Interest Income": -3385000.0,
        "Interest Expense": 3385000.0,
        "Normalized Income": 24079249.700461,
        "Net Income From Continuing And Discontinued Operation": 31844000.0,
        "Total Expenses": 340505000.0,
        "Total Operating Income As Reported": 32960000.0,
        "Diluted Average Shares": 12871296.0,
        "Basic Average Shares": 11394761.0,
        "Diluted EPS": 0.81,
        "Basic EPS": 1.76,
        "Diluted NI Availto Com Stockholders": 30647000.0,
        "Net Income Common Stockholders": 30647000.0,
        "Otherunder Preferred Stock Dividend": 10619000.0,
        "Preferred Stock Dividends": 1197000.0,
        "Net Income": 31844000.0,
        "Net Income Including Noncontrolling Interests": 31844000.0,
        "Net Income Continuous Operations": 31844000.0,
        "Tax Provision": 7383000.0,
        "Pretax Income": 39227000.0,
        "Other Income Expense": 9565000.0,
        "Special Income Charges": -87000.0,
        "Restructuring And Mergern Acquisition": 87000.0,
        "Gain On Sale Of Security": 9652000.0,
        "Net Non Operating Interest Income Expense": -3385000.0,
        "Interest Expense Non Operating": 3385000.0,
        "Operating Income": 33047000.0,
        "Operating Expense": 66239000.0,
        "Depreciation Amortization Depletion Income Statement": 4052000.0,
        "Depreciation And Amortization In Income Statement": 4052000.0,
        "Selling General And Administration": 62187000.0,
        "General And Administrative Expense": 62187000.0,
        "Other Gand A": 61458000.0,
        "Salaries And Wages": 729000.0,
        "Gross Profit": 99286000.0,
        "Cost Of Revenue": 274266000.0,
        "Total Revenue": 373552000.0,
        "Operating Revenue": 337320000.0
    },
    "2022-03-31": {
        "Diluted EPS": 1.17,
        "Total Revenue": 376,
        "Gross Profit": 99,
        "Operating Income": 39,
        "EBIT": 43,
        "Net Income": 18
    },
    "2021-12-31": {
        "Diluted EPS": 1.32,
        "Total Revenue": 323,
        "Gross Profit": 83,
        "Operating Income": 26,
        "EBIT": 30,
        "Net Income": 10
    },
    "2021-09-30": {
        "Diluted EPS": 1.16,
        "Total Revenue": 319,
        "Gross Profit": 90,
        "Operating Income": 38,
        "EBIT": 42,
        "Net Income": 20
    },
    "2021-06-30": {
        "Diluted EPS": 1.1,
        "Total Revenue": 323,
        "Gross Profit": 86,
        "Operating Income": 37,
        "EBIT": 41,
        "Net Income": 16
    },
    "2021-03-31": {
        "Diluted EPS": 0.35,
        "Total Revenue": 271,
        "Gross Profit": 64,
        "Operating Income": 22,
        "EBIT": 26,
        "Net Income": 5
    },
    "2020-12-31": {
        "Diluted EPS": -0.07,
        "Total Revenue": 197,
        "Gross Profit": 44,
        "Operating Income": 11,
        "EBIT": 17,
        "Net Income": 0
    },
    "2020-09-30": {
        "Diluted EPS": 0.11,
        "Total Revenue": 216,
        "Gross Profit": 49,
        "Operating Income": 18,
        "EBIT": 20,
        "Net Income": 1
    },
    "2020-06-30": {
        "Diluted EPS": 0.25,
        "Total Revenue": 214,
        "Gross Profit": 44,
        "Operating Income": 13,
        "EBIT": 15,
        "Net Income": 2
    },
    "2020-03-31": {
        "Diluted EPS": 0.12,
        "Total Revenue": 191,
        "Gross Profit": 41,
        "Operating Income": 7,
        "EBIT": 9,
        "Net Income": 1
    },
    "2019-12-31": {
        "Diluted EPS": 0.2,
        "Total Revenue": 145,
        "Gross Profit": 29,
        "Operating Income": -1,
        "EBIT": 2,
        "Net Income": 2
    },
    "2019-09-30": {
        "Diluted EPS": -0.41,
        "Total Revenue": 158,
        "Gross Profit": 31,
        "Operating Income": 1,
        "EBIT": 4,
        "Net Income": -4
    },
    "2019-06-30": {
        "Diluted EPS": 0.02,
        "Total Revenue": 169,
        "Gross Profit": 35,
        "Operating Income": 6,
        "EBIT": 9,
        "Net Income": 0
    },
    "2019-03-31": {
        "Diluted EPS": 0.04,
        "Total Revenue": 173,
        "Gross Profit": 37,
        "Operating Income": 6,
        "EBIT": 9,
        "Net Income": 0
    },
    "2018-12-31": {
        "Diluted EPS": -0.35,
        "Total Revenue": 126,
        "Gross Profit": 27,
        "Operating Income": 0,
        "EBIT": 2,
        "Net Income": -4
    },
    "2018-09-30": {
        "Diluted EPS": -0.41,
        "Total Revenue": 142,
        "Gross Profit": 30,
        "Operating Income": 1,
        "EBIT": 3,
        "Net Income": -4
    },
    "2018-06-30": {
        "Diluted EPS": 0.04,
        "Total Revenue": 162,
        "Gross Profit": 36,
        "Operating Income": 5,
        "EBIT": 8,
        "Net Income": 1
    },
    "2018-03-31": {
        "Diluted EPS": -0.06,
        "Total Revenue": 178,
        "Gross Profit": 39,
        "Operating Income": 7,
        "EBIT": 9,
        "Net Income": -1
    },
    "2017-12-31": {
        "Diluted EPS": 0.0,
        "Total Revenue": 137,
        "Gross Profit": 23,
        "Operating Income": -138,
        "EBIT": -137,
        "Net Income": 4
    },
    "2017-11-30": {
        "Diluted EPS": -0.26,
        "Total Revenue": NaN,
        "Gross Profit": NaN,
        "Operating Income": 317,
        "EBIT": 317,
        "Net Income": -5
    },
    "2017-09-30": {
        "Diluted EPS": 0.0,
        "Total Revenue": 144,
        "Gross Profit": 35,
        "Operating Income": 9,
        "EBIT": 11,
        "Net Income": 4
    },
    "2017-08-31": {
        "Diluted EPS": -0.06,
        "Total Revenue": NaN,
        "Gross Profit": NaN,
        "Operating Income": 0,
        "EBIT": 0,
        "Net Income": 0
    },
    "2017-06-30": {
        "Diluted EPS": 0.0,
        "Total Revenue": 165,
        "Gross Profit": 34,
        "Operating Income": 8,
        "EBIT": 10,
        "Net Income": 4
    },
    "2017-05-31": {
        "Diluted EPS": -0.01,
        "Total Revenue": NaN,
        "Gross Profit": NaN,
        "Operating Income": 0,
        "EBIT": 0,
        "Net Income": 0
    },
    "2017-03-31": {
        "Diluted EPS": 0.0,
        "Total Revenue": 170,
        "Gross Profit": 36,
        "Operating Income": 9,
        "EBIT": 10,
        "Net Income": 4
    },
    "2017-02-28": {
        "Diluted EPS": -0.07,
        "Total Revenue": NaN,
        "Gross Profit": NaN,
        "Operating Income": 0,
        "EBIT": 0,
        "Net Income": 0
    },
    "2016-11-30": {
        "Diluted EPS": 0.0,
        "Total Revenue": NaN,
        "Gross Profit": NaN,
        "Operating Income": NaN,
        "EBIT": NaN,
        "Net Income": NaN
    },
    "2016-08-31": {
        "Diluted EPS": -0.05,
        "Total Revenue": NaN,
        "Gross Profit": NaN,
        "Operating Income": 0,
        "EBIT": 0,
        "Net Income": 0
    },
    "2016-05-31": {
        "Diluted EPS": -0.05,
        "Total Revenue": NaN,
        "Gross Profit": NaN,
        "Operating Income": 0,
        "EBIT": 0,
        "Net Income": 0
    },
    "2016-02-29": {
        "Diluted EPS": -0.07,
        "Total Revenue": NaN,
        "Gross Profit": NaN,
        "Operating Income": 0,
        "EBIT": 0,
        "Net Income": 0
    },
    "2015-12-31": {
        "Diluted EPS": 0.0,
        "Total Revenue": NaN,
        "Gross Profit": NaN,
        "Operating Income": NaN,
        "EBIT": NaN,
        "Net Income": NaN
    },
    "2015-11-30": {
        "Diluted EPS": 0.0,
        "Total Revenue": NaN,
        "Gross Profit": NaN,
        "Operating Income": NaN,
        "EBIT": NaN,
        "Net Income": NaN
    },
    "2015-09-30": {
        "Diluted EPS": 0.0,
        "Total Revenue": NaN,
        "Gross Profit": NaN,
        "Operating Income": NaN,
        "EBIT": NaN,
        "Net Income": NaN
    }
}