{
    "2023-06-30": {
        "Tax Effect Of Unusual Items": 0.0,
        "Tax Rate For Calcs": 0.30096,
        "Net Income From Continuing Operation Net Minority Interest": 6917000.0,
        "Reconciled Depreciation": NaN,
        "Net Interest Income": 26320000.0,
        "Interest Expense": 63930000.0,
        "Interest Income": 90250000.0,
        "Normalized Income": 6917000.0,
        "Net Income From Continuing And Discontinued Operation": 6917000.0,
        "Diluted Average Shares": 49407143.0,
        "Basic Average Shares": 49407143.0,
        "Diluted EPS": 0.14,
        "Basic EPS": 0.14,
        "Diluted NI Availto Com Stockholders": 6917000.0,
        "Net Income Common Stockholders": 6917000.0,
        "Net Income": 6917000.0,
        "Net Income Including Noncontrolling Interests": 6917000.0,
        "Net Income Continuous Operations": 6917000.0,
        "Tax Provision": 2978000.0,
        "Pretax Income": 9895000.0,
        "Gain On Sale Of Security": NaN,
        "Depreciation Amortization Depletion Income Statement": NaN,
        "Depreciation And Amortization In Income Statement": NaN,
        "Selling General And Administration": NaN,
        "Selling And Marketing Expense": NaN,
        "General And Administrative Expense": NaN,
        "Other Gand A": NaN,
        "Insurance And Claims": NaN,
        "Salaries And Wages": NaN,
        "Total Revenue": 27211000.0,
        "Operating Revenue": 27211000.0
    },
    "2023-03-31": {
        "Tax Effect Of Unusual Items": 0.0,
        "Tax Rate For Calcs": 0.295567,
        "Net Income From Continuing Operation Net Minority Interest": 13442000.0,
        "Reconciled Depreciation": 649000.0,
        "Net Interest Income": 33986000.0,
        "Interest Expense": 49409000.0,
        "Interest Income": 83395000.0,
        "Normalized Income": 13442000.0,
        "Net Income From Continuing And Discontinued Operation": 13442000.0,
        "Diluted Average Shares": 51700000.0,
        "Basic Average Shares": 51700000.0,
        "Diluted EPS": 0.26,
        "Basic EPS": 0.26,
        "Diluted NI Availto Com Stockholders": 13442000.0,
        "Net Income Common Stockholders": 13442000.0,
        "Net Income": 13442000.0,
        "Net Income Including Noncontrolling Interests": 13442000.0,
        "Net Income Continuous Operations": 13442000.0,
        "Tax Provision": 5640000.0,
        "Pretax Income": 19082000.0,
        "Gain On Sale Of Security": 0.0,
        "Depreciation Amortization Depletion Income Statement": 649000.0,
        "Depreciation And Amortization In Income Statement": 649000.0,
        "Selling General And Administration": 13156000.0,
        "Selling And Marketing Expense": 739000.0,
        "General And Administrative Expense": 12417000.0,
        "Other Gand A": 862000.0,
        "Insurance And Claims": 884000.0,
        "Salaries And Wages": 10671000.0,
        "Total Revenue": 35221000.0,
        "Operating Revenue": 35221000.0
    },
    "2022-12-31": {
        "Tax Effect Of Unusual Items": 0.0,
        "Tax Rate For Calcs": 0.307972,
        "Net Income From Continuing Operation Net Minority Interest": 13689000.0,
        "Reconciled Depreciation": 794000.0,
        "Net Interest Income": 39274000.0,
        "Interest Expense": 38666000.0,
        "Interest Income": 77940000.0,
        "Normalized Income": 13689000.0,
        "Net Income From Continuing And Discontinued Operation": 13689000.0,
        "Diluted Average Shares": 50700000.0,
        "Basic Average Shares": 50700000.0,
        "Diluted EPS": 0.27,
        "Basic EPS": 0.27,
        "Diluted NI Availto Com Stockholders": 13689000.0,
        "Net Income Common Stockholders": 13689000.0,
        "Net Income": 13689000.0,
        "Net Income Including Noncontrolling Interests": 13689000.0,
        "Net Income Continuous Operations": 13689000.0,
        "Tax Provision": 6092000.0,
        "Pretax Income": 19781000.0,
        "Gain On Sale Of Security": 0.0,
        "Depreciation Amortization Depletion Income Statement": 794000.0,
        "Depreciation And Amortization In Income Statement": 794000.0,
        "Selling General And Administration": 10869000.0,
        "Selling And Marketing Expense": 1318000.0,
        "General And Administrative Expense": 9551000.0,
        "Other Gand A": NaN,
        "Insurance And Claims": 551000.0,
        "Salaries And Wages": 12039000.0,
        "Total Revenue": 40245000.0,
        "Operating Revenue": 40245000.0
    },
    "2022-09-30": {
        "Tax Effect Of Unusual Items": 0.0,
        "Tax Rate For Calcs": 0.296816,
        "Net Income From Continuing Operation Net Minority Interest": 21002000.0,
        "Reconciled Depreciation": 806000.0,
        "Net Interest Income": 45474000.0,
        "Interest Expense": 21566000.0,
        "Interest Income": 67040000.0,
        "Normalized Income": 21002000.0,
        "Net Income From Continuing And Discontinued Operation": 21002000.0,
        "Diluted Average Shares": 50893558.0,
        "Basic Average Shares": 50738479.0,
        "Diluted EPS": 0.41,
        "Basic EPS": 0.41,
        "Diluted NI Availto Com Stockholders": 21002000.0,
        "Net Income Common Stockholders": 21002000.0,
        "Net Income": 21002000.0,
        "Net Income Including Noncontrolling Interests": 21002000.0,
        "Net Income Continuous Operations": 21002000.0,
        "Tax Provision": 8865000.0,
        "Pretax Income": 29867000.0,
        "Gain On Sale Of Security": 0.0,
        "Depreciation Amortization Depletion Income Statement": 806000.0,
        "Depreciation And Amortization In Income Statement": 806000.0,
        "Selling General And Administration": 11620000.0,
        "Selling And Marketing Expense": 1211000.0,
        "General And Administrative Expense": 10409000.0,
        "Other Gand A": 1044000.0,
        "Insurance And Claims": 508000.0,
        "Salaries And Wages": 8857000.0,
        "Total Revenue": 45743000.0,
        "Operating Revenue": 45743000.0
    },
    "2022-06-30": {
        "Tax Effect Of Unusual Items": 0.0,
        "Tax Rate For Calcs": 0.29498,
        "Net Income From Continuing Operation Net Minority Interest": 22567000.0,
        "Reconciled Depreciation": 746000.0,
        "Net Interest Income": 47472000.0,
        "Interest Expense": 12501000.0,
        "Interest Income": 59973000.0,
        "Normalized Income": 22567000.0,
        "Net Income From Continuing And Discontinued Operation": 22567000.0,
        "Diluted Average Shares": 50907262.0,
        "Basic Average Shares": 50794950.0,
        "Diluted EPS": 0.44,
        "Basic EPS": 0.44,
        "Diluted NI Availto Com Stockholders": 22567000.0,
        "Net Income Common Stockholders": 22567000.0,
        "Net Income": 22567000.0,
        "Net Income Including Noncontrolling Interests": 22567000.0,
        "Net Income Continuous Operations": 22567000.0,
        "Tax Provision": 9442000.0,
        "Pretax Income": 32009000.0,
        "Gain On Sale Of Security": 0.0,
        "Depreciation Amortization Depletion Income Statement": 746000.0,
        "Depreciation And Amortization In Income Statement": 746000.0,
        "Selling General And Administration": 9081000.0,
        "Selling And Marketing Expense": 525000.0,
        "General And Administrative Expense": 8556000.0,
        "Other Gand A": 1007000.0,
        "Insurance And Claims": 479000.0,
        "Salaries And Wages": 7070000.0,
        "Total Revenue": 47834000.0,
        "Operating Revenue": 47834000.0
    },
    "2022-03-31": {
        "Diluted EPS": 0.45,
        "Total Revenue": 56,
        "Gross Profit": 45,
        "Operating Income": 32,
        "EBIT": NaN,
        "Net Income": 23
    },
    "2021-12-31": {
        "Diluted EPS": 0.46,
        "Total Revenue": 58,
        "Gross Profit": 46,
        "Operating Income": 33,
        "EBIT": NaN,
        "Net Income": 23
    },
    "2021-09-30": {
        "Diluted EPS": 0.48,
        "Total Revenue": 58,
        "Gross Profit": 46,
        "Operating Income": 35,
        "EBIT": NaN,
        "Net Income": 25
    },
    "2021-06-30": {
        "Diluted EPS": 0.41,
        "Total Revenue": 57,
        "Gross Profit": 41,
        "Operating Income": 30,
        "EBIT": NaN,
        "Net Income": 21
    },
    "2021-03-31": {
        "Diluted EPS": 0.35,
        "Total Revenue": 56,
        "Gross Profit": 39,
        "Operating Income": 26,
        "EBIT": NaN,
        "Net Income": 18
    },
    "2020-12-31": {
        "Diluted EPS": 0.16,
        "Total Revenue": 58,
        "Gross Profit": 38,
        "Operating Income": 12,
        "EBIT": NaN,
        "Net Income": 9
    },
    "2020-09-30": {
        "Diluted EPS": 0.27,
        "Total Revenue": 60,
        "Gross Profit": 37,
        "Operating Income": 20,
        "EBIT": NaN,
        "Net Income": 14
    },
    "2020-06-30": {
        "Diluted EPS": 0.18,
        "Total Revenue": 61,
        "Gross Profit": 34,
        "Operating Income": 13,
        "EBIT": NaN,
        "Net Income": 9
    },
    "2020-03-31": {
        "Diluted EPS": 0.14,
        "Total Revenue": 65,
        "Gross Profit": 33,
        "Operating Income": 11,
        "EBIT": NaN,
        "Net Income": 8
    },
    "2019-12-31": {
        "Diluted EPS": 0.22,
        "Total Revenue": 68,
        "Gross Profit": 34,
        "Operating Income": 18,
        "EBIT": NaN,
        "Net Income": 12
    },
    "2019-09-30": {
        "Diluted EPS": 0.23,
        "Total Revenue": 70,
        "Gross Profit": 34,
        "Operating Income": 18,
        "EBIT": NaN,
        "Net Income": 13
    },
    "2019-06-30": {
        "Diluted EPS": 0.21,
        "Total Revenue": 67,
        "Gross Profit": 32,
        "Operating Income": 17,
        "EBIT": NaN,
        "Net Income": 12
    },
    "2019-03-31": {
        "Diluted EPS": 0.21,
        "Total Revenue": 67,
        "Gross Profit": 33,
        "Operating Income": 17,
        "EBIT": NaN,
        "Net Income": 12
    },
    "2018-12-31": {
        "Diluted EPS": 0.18,
        "Total Revenue": 64,
        "Gross Profit": 33,
        "Operating Income": 15,
        "EBIT": NaN,
        "Net Income": 11
    },
    "2018-09-30": {
        "Diluted EPS": 0.21,
        "Total Revenue": 60,
        "Gross Profit": 33,
        "Operating Income": 17,
        "EBIT": NaN,
        "Net Income": 12
    },
    "2018-06-30": {
        "Diluted EPS": 0.2,
        "Total Revenue": 56,
        "Gross Profit": 32,
        "Operating Income": 16,
        "EBIT": NaN,
        "Net Income": 11
    },
    "2018-03-31": {
        "Diluted EPS": 0.2,
        "Total Revenue": 50,
        "Gross Profit": 31,
        "Operating Income": 15,
        "EBIT": NaN,
        "Net Income": 11
    },
    "2017-12-31": {
        "Diluted EPS": 0.46,
        "Total Revenue": 46,
        "Gross Profit": 29,
        "Operating Income": 15,
        "EBIT": NaN,
        "Net Income": 20
    },
    "2017-09-30": {
        "Diluted EPS": 0.42,
        "Total Revenue": 51,
        "Gross Profit": 34,
        "Operating Income": 18,
        "EBIT": NaN,
        "Net Income": 18
    },
    "2017-06-30": {
        "Diluted EPS": 0.45,
        "Total Revenue": 43,
        "Gross Profit": 28,
        "Operating Income": 20,
        "EBIT": NaN,
        "Net Income": 19
    },
    "2017-03-31": {
        "Diluted EPS": 0.29,
        "Total Revenue": 41,
        "Gross Profit": 28,
        "Operating Income": 13,
        "EBIT": NaN,
        "Net Income": 12
    },
    "2016-12-31": {
        "Diluted EPS": 0.0,
        "Total Revenue": NaN,
        "Gross Profit": NaN,
        "Operating Income": NaN,
        "EBIT": NaN,
        "Net Income": NaN
    },
    "2016-09-30": {
        "Diluted EPS": 0.0,
        "Total Revenue": NaN,
        "Gross Profit": NaN,
        "Operating Income": NaN,
        "EBIT": NaN,
        "Net Income": NaN
    },
    "2015-12-31": {
        "Diluted EPS": 0.0,
        "Total Revenue": NaN,
        "Gross Profit": NaN,
        "Operating Income": NaN,
        "EBIT": NaN,
        "Net Income": NaN
    }
}