{
    "2023-06-30": {
        "Tax Effect Of Unusual Items": NaN,
        "Tax Rate For Calcs": NaN,
        "Normalized EBITDA": NaN,
        "Total Unusual Items": NaN,
        "Total Unusual Items Excluding Goodwill": NaN,
        "Net Income From Continuing Operation Net Minority Interest": NaN,
        "Reconciled Depreciation": NaN,
        "Reconciled Cost Of Revenue": NaN,
        "EBITDA": NaN,
        "EBIT": NaN,
        "Net Interest Income": NaN,
        "Interest Expense": NaN,
        "Interest Income": NaN,
        "Normalized Income": NaN,
        "Net Income From Continuing And Discontinued Operation": NaN,
        "Total Expenses": NaN,
        "Total Operating Income As Reported": NaN,
        "Diluted Average Shares": NaN,
        "Basic Average Shares": NaN,
        "Diluted EPS": NaN,
        "Basic EPS": NaN,
        "Diluted NI Availto Com Stockholders": NaN,
        "Average Dilution Earnings": 0.0,
        "Net Income Common Stockholders": NaN,
        "Net Income": NaN,
        "Minority Interests": NaN,
        "Net Income Including Noncontrolling Interests": NaN,
        "Net Income Continuous Operations": NaN,
        "Tax Provision": NaN,
        "Pretax Income": NaN,
        "Other Income Expense": NaN,
        "Special Income Charges": NaN,
        "Gain On Sale Of Ppe": NaN,
        "Restructuring And Mergern Acquisition": NaN,
        "Gain On Sale Of Security": NaN,
        "Net Non Operating Interest Income Expense": NaN,
        "Interest Expense Non Operating": NaN,
        "Interest Income Non Operating": NaN,
        "Operating Income": NaN,
        "Operating Expense": NaN,
        "Selling General And Administration": NaN,
        "General And Administrative Expense": NaN,
        "Other Gand A": NaN,
        "Gross Profit": NaN,
        "Cost Of Revenue": NaN,
        "Total Revenue": NaN,
        "Operating Revenue": NaN
    },
    "2023-03-31": {
        "Tax Effect Of Unusual Items": NaN,
        "Tax Rate For Calcs": NaN,
        "Normalized EBITDA": NaN,
        "Total Unusual Items": NaN,
        "Total Unusual Items Excluding Goodwill": NaN,
        "Net Income From Continuing Operation Net Minority Interest": NaN,
        "Reconciled Depreciation": NaN,
        "Reconciled Cost Of Revenue": NaN,
        "EBITDA": NaN,
        "EBIT": NaN,
        "Net Interest Income": NaN,
        "Interest Expense": NaN,
        "Interest Income": NaN,
        "Normalized Income": NaN,
        "Net Income From Continuing And Discontinued Operation": NaN,
        "Total Expenses": NaN,
        "Total Operating Income As Reported": NaN,
        "Diluted Average Shares": NaN,
        "Basic Average Shares": NaN,
        "Diluted EPS": NaN,
        "Basic EPS": NaN,
        "Diluted NI Availto Com Stockholders": NaN,
        "Average Dilution Earnings": 70000.0,
        "Net Income Common Stockholders": NaN,
        "Net Income": NaN,
        "Minority Interests": NaN,
        "Net Income Including Noncontrolling Interests": NaN,
        "Net Income Continuous Operations": NaN,
        "Tax Provision": NaN,
        "Pretax Income": NaN,
        "Other Income Expense": NaN,
        "Special Income Charges": NaN,
        "Gain On Sale Of Ppe": NaN,
        "Restructuring And Mergern Acquisition": NaN,
        "Gain On Sale Of Security": NaN,
        "Net Non Operating Interest Income Expense": NaN,
        "Interest Expense Non Operating": NaN,
        "Interest Income Non Operating": NaN,
        "Operating Income": NaN,
        "Operating Expense": NaN,
        "Selling General And Administration": NaN,
        "General And Administrative Expense": NaN,
        "Other Gand A": NaN,
        "Gross Profit": NaN,
        "Cost Of Revenue": NaN,
        "Total Revenue": NaN,
        "Operating Revenue": NaN
    },
    "2022-12-31": {
        "Tax Effect Of Unusual Items": NaN,
        "Tax Rate For Calcs": NaN,
        "Normalized EBITDA": NaN,
        "Total Unusual Items": NaN,
        "Total Unusual Items Excluding Goodwill": NaN,
        "Net Income From Continuing Operation Net Minority Interest": NaN,
        "Reconciled Depreciation": NaN,
        "Reconciled Cost Of Revenue": NaN,
        "EBITDA": NaN,
        "EBIT": NaN,
        "Net Interest Income": NaN,
        "Interest Expense": NaN,
        "Interest Income": NaN,
        "Normalized Income": NaN,
        "Net Income From Continuing And Discontinued Operation": NaN,
        "Total Expenses": NaN,
        "Total Operating Income As Reported": NaN,
        "Diluted Average Shares": NaN,
        "Basic Average Shares": NaN,
        "Diluted EPS": NaN,
        "Basic EPS": NaN,
        "Diluted NI Availto Com Stockholders": NaN,
        "Average Dilution Earnings": NaN,
        "Net Income Common Stockholders": NaN,
        "Net Income": NaN,
        "Minority Interests": NaN,
        "Net Income Including Noncontrolling Interests": NaN,
        "Net Income Continuous Operations": NaN,
        "Tax Provision": NaN,
        "Pretax Income": NaN,
        "Other Income Expense": NaN,
        "Other Non Operating Income Expenses": -42958000.0,
        "Special Income Charges": NaN,
        "Gain On Sale Of Ppe": NaN,
        "Restructuring And Mergern Acquisition": NaN,
        "Gain On Sale Of Security": 0.0,
        "Net Non Operating Interest Income Expense": NaN,
        "Interest Expense Non Operating": NaN,
        "Interest Income Non Operating": NaN,
        "Operating Income": NaN,
        "Operating Expense": NaN,
        "Selling General And Administration": NaN,
        "General And Administrative Expense": NaN,
        "Other Gand A": NaN,
        "Gross Profit": NaN,
        "Cost Of Revenue": NaN,
        "Total Revenue": NaN,
        "Operating Revenue": NaN
    },
    "2022-09-30": {
        "Tax Effect Of Unusual Items": NaN,
        "Tax Rate For Calcs": NaN,
        "Normalized EBITDA": NaN,
        "Total Unusual Items": NaN,
        "Total Unusual Items Excluding Goodwill": NaN,
        "Net Income From Continuing Operation Net Minority Interest": NaN,
        "Reconciled Depreciation": NaN,
        "Reconciled Cost Of Revenue": NaN,
        "EBITDA": NaN,
        "EBIT": NaN,
        "Net Interest Income": NaN,
        "Interest Expense": NaN,
        "Interest Income": NaN,
        "Normalized Income": NaN,
        "Net Income From Continuing And Discontinued Operation": NaN,
        "Total Expenses": NaN,
        "Total Operating Income As Reported": NaN,
        "Diluted Average Shares": NaN,
        "Basic Average Shares": NaN,
        "Diluted EPS": NaN,
        "Basic EPS": NaN,
        "Diluted NI Availto Com Stockholders": NaN,
        "Average Dilution Earnings": NaN,
        "Net Income Common Stockholders": NaN,
        "Net Income": NaN,
        "Minority Interests": NaN,
        "Net Income Including Noncontrolling Interests": NaN,
        "Net Income Continuous Operations": NaN,
        "Tax Provision": NaN,
        "Pretax Income": NaN,
        "Other Income Expense": NaN,
        "Other Non Operating Income Expenses": -28900000.0,
        "Special Income Charges": NaN,
        "Gain On Sale Of Ppe": NaN,
        "Restructuring And Mergern Acquisition": NaN,
        "Gain On Sale Of Security": 2525000.0,
        "Net Non Operating Interest Income Expense": NaN,
        "Interest Expense Non Operating": NaN,
        "Interest Income Non Operating": NaN,
        "Operating Income": NaN,
        "Operating Expense": NaN,
        "Selling General And Administration": NaN,
        "General And Administrative Expense": NaN,
        "Other Gand A": NaN,
        "Gross Profit": NaN,
        "Cost Of Revenue": NaN,
        "Total Revenue": NaN,
        "Operating Revenue": NaN
    },
    "2022-06-30": {
        "Tax Effect Of Unusual Items": 2769.052987,
        "Tax Rate For Calcs": 0.002226,
        "Normalized EBITDA": 109192000.0,
        "Total Unusual Items": 1244000.0,
        "Total Unusual Items Excluding Goodwill": 1244000.0,
        "Net Income From Continuing Operation Net Minority Interest": 105156000.0,
        "Reconciled Depreciation": 77379000.0,
        "Reconciled Cost Of Revenue": 791097000.0,
        "EBITDA": 110436000.0,
        "EBIT": 110436000.0,
        "Net Interest Income": -4862000.0,
        "Interest Expense": 4862000.0,
        "Interest Income": NaN,
        "Normalized Income": 103914769.052987,
        "Net Income From Continuing And Discontinued Operation": 105156000.0,
        "Total Expenses": 833259000.0,
        "Total Operating Income As Reported": 110604000.0,
        "Diluted Average Shares": 190441000.0,
        "Basic Average Shares": 186719000.0,
        "Diluted EPS": 0.55,
        "Basic EPS": 0.56,
        "Diluted NI Availto Com Stockholders": 105156000.0,
        "Average Dilution Earnings": 183000.0,
        "Net Income Common Stockholders": 105156000.0,
        "Net Income": 105156000.0,
        "Minority Interests": -183000.0,
        "Net Income Including Noncontrolling Interests": 105339000.0,
        "Net Income Continuous Operations": 105339000.0,
        "Tax Provision": 235000.0,
        "Pretax Income": 105574000.0,
        "Other Income Expense": 1076000.0,
        "Other Non Operating Income Expenses": -168000.0,
        "Special Income Charges": 1244000.0,
        "Gain On Sale Of Ppe": 3436000.0,
        "Restructuring And Mergern Acquisition": 2192000.0,
        "Gain On Sale Of Security": NaN,
        "Net Non Operating Interest Income Expense": -4862000.0,
        "Interest Expense Non Operating": 4862000.0,
        "Interest Income Non Operating": NaN,
        "Operating Income": 109360000.0,
        "Operating Expense": 42162000.0,
        "Selling General And Administration": 42162000.0,
        "General And Administrative Expense": 42162000.0,
        "Other Gand A": 42162000.0,
        "Gross Profit": 151522000.0,
        "Cost Of Revenue": 791097000.0,
        "Total Revenue": 942619000.0,
        "Operating Revenue": 942619000.0
    },
    "2022-03-31": {
        "Diluted EPS": -0.03,
        "Total Revenue": 793,
        "Gross Profit": 123,
        "Operating Income": 4,
        "EBIT": 79,
        "Net Income": -5
    },
    "2021-12-31": {
        "Diluted EPS": -0.31,
        "Total Revenue": 684,
        "Gross Profit": 48,
        "Operating Income": -63,
        "EBIT": 8,
        "Net Income": -56
    },
    "2021-09-30": {
        "Diluted EPS": -0.22,
        "Total Revenue": 654,
        "Gross Profit": 60,
        "Operating Income": -40,
        "EBIT": 26,
        "Net Income": -39
    },
    "2021-06-30": {
        "Diluted EPS": -0.29,
        "Total Revenue": 581,
        "Gross Profit": 59,
        "Operating Income": -36,
        "EBIT": 27,
        "Net Income": -51
    },
    "2021-03-31": {
        "Diluted EPS": -0.21,
        "Total Revenue": 552,
        "Gross Profit": 53,
        "Operating Income": -42,
        "EBIT": 20,
        "Net Income": -34
    },
    "2020-12-31": {
        "Diluted EPS": -0.42,
        "Total Revenue": 258,
        "Gross Profit": 21,
        "Operating Income": -54,
        "EBIT": -10,
        "Net Income": -37
    },
    "2020-09-30": {
        "Diluted EPS": -0.41,
        "Total Revenue": 147,
        "Gross Profit": 8,
        "Operating Income": -55,
        "EBIT": -10,
        "Net Income": -35
    },
    "2020-06-30": {
        "Diluted EPS": -0.55,
        "Total Revenue": 88,
        "Gross Profit": -1,
        "Operating Income": -74,
        "EBIT": -28,
        "Net Income": -46
    },
    "2020-03-31": {
        "Diluted EPS": 0.02,
        "Total Revenue": 472,
        "Gross Profit": 80,
        "Operating Income": 6,
        "EBIT": 52,
        "Net Income": 2
    },
    "2019-12-31": {
        "Diluted EPS": -0.2,
        "Total Revenue": 398,
        "Gross Profit": 54,
        "Operating Income": -18,
        "EBIT": 27,
        "Net Income": -12
    },
    "2019-09-30": {
        "Diluted EPS": 0.15,
        "Total Revenue": 515,
        "Gross Profit": 94,
        "Operating Income": 27,
        "EBIT": 69,
        "Net Income": 11
    },
    "2019-06-30": {
        "Diluted EPS": 0.32,
        "Total Revenue": 542,
        "Gross Profit": 116,
        "Operating Income": 51,
        "EBIT": 92,
        "Net Income": 22
    },
    "2019-03-31": {
        "Diluted EPS": 0.26,
        "Total Revenue": 535,
        "Gross Profit": 106,
        "Operating Income": 44,
        "EBIT": 83,
        "Net Income": 18
    },
    "2018-12-31": {
        "Diluted EPS": 0.27,
        "Total Revenue": 473,
        "Gross Profit": 96,
        "Operating Income": 42,
        "EBIT": 76,
        "Net Income": 19
    },
    "2018-09-30": {
        "Diluted EPS": 0.49,
        "Total Revenue": 559,
        "Gross Profit": 140,
        "Operating Income": 82,
        "EBIT": 115,
        "Net Income": 34
    },
    "2018-06-30": {
        "Diluted EPS": 0.71,
        "Total Revenue": 628,
        "Gross Profit": 173,
        "Operating Income": 114,
        "EBIT": 145,
        "Net Income": 50
    },
    "2018-03-31": {
        "Diluted EPS": 0.34,
        "Total Revenue": 495,
        "Gross Profit": 118,
        "Operating Income": 69,
        "EBIT": 99,
        "Net Income": 24
    },
    "2017-12-31": {
        "Diluted EPS": 0.3,
        "Total Revenue": 449,
        "Gross Profit": 110,
        "Operating Income": 63,
        "EBIT": 89,
        "Net Income": 21
    },
    "2017-09-30": {
        "Diluted EPS": 0.0,
        "Total Revenue": 442,
        "Gross Profit": 113,
        "Operating Income": 67,
        "EBIT": 93,
        "Net Income": 0
    },
    "2017-06-30": {
        "Diluted EPS": 0.0,
        "Total Revenue": 347,
        "Gross Profit": 79,
        "Operating Income": 42,
        "EBIT": 59,
        "Net Income": 0
    },
    "2017-03-31": {
        "Diluted EPS": 0.0,
        "Total Revenue": 252,
        "Gross Profit": 41,
        "Operating Income": 10,
        "EBIT": 24,
        "Net Income": 0
    },
    "2016-12-31": {
        "Diluted EPS": 0.0,
        "Total Revenue": NaN,
        "Gross Profit": NaN,
        "Operating Income": NaN,
        "EBIT": NaN,
        "Net Income": NaN
    },
    "2015-12-31": {
        "Diluted EPS": 0.0,
        "Total Revenue": NaN,
        "Gross Profit": NaN,
        "Operating Income": NaN,
        "EBIT": NaN,
        "Net Income": NaN
    },
    "2023-09-30": {
        "Tax Effect Of Unusual Items": NaN,
        "Tax Rate For Calcs": NaN,
        "Normalized EBITDA": NaN,
        "Total Unusual Items": NaN,
        "Total Unusual Items Excluding Goodwill": NaN,
        "Net Income From Continuing Operation Net Minority Interest": NaN,
        "Reconciled Depreciation": NaN,
        "Reconciled Cost Of Revenue": NaN,
        "EBITDA": NaN,
        "EBIT": NaN,
        "Net Interest Income": NaN,
        "Interest Expense": NaN,
        "Interest Income": NaN,
        "Normalized Income": NaN,
        "Net Income From Continuing And Discontinued Operation": NaN,
        "Total Expenses": NaN,
        "Total Operating Income As Reported": NaN,
        "Diluted Average Shares": 173984000.0,
        "Basic Average Shares": 169781000.0,
        "Diluted EPS": 0.85,
        "Basic EPS": 0.88,
        "Diluted NI Availto Com Stockholders": NaN,
        "Average Dilution Earnings": 0.0,
        "Net Income Common Stockholders": NaN,
        "Net Income": NaN,
        "Minority Interests": NaN,
        "Net Income Including Noncontrolling Interests": NaN,
        "Net Income Continuous Operations": NaN,
        "Tax Provision": NaN,
        "Pretax Income": NaN,
        "Other Income Expense": NaN,
        "Special Income Charges": NaN,
        "Gain On Sale Of Ppe": NaN,
        "Restructuring And Mergern Acquisition": NaN,
        "Gain On Sale Of Security": NaN,
        "Net Non Operating Interest Income Expense": NaN,
        "Interest Expense Non Operating": NaN,
        "Interest Income Non Operating": NaN,
        "Operating Income": NaN,
        "Operating Expense": NaN,
        "Selling General And Administration": NaN,
        "General And Administrative Expense": NaN,
        "Other Gand A": NaN,
        "Gross Profit": NaN,
        "Cost Of Revenue": NaN,
        "Total Revenue": NaN,
        "Operating Revenue": NaN
    },
    "2023-12-31": {
        "Tax Effect Of Unusual Items": -53104.800893,
        "Tax Rate For Calcs": 0.22502,
        "Normalized EBITDA": 244961000.0,
        "Total Unusual Items": -236000.0,
        "Total Unusual Items Excluding Goodwill": -236000.0,
        "Net Income From Continuing Operation Net Minority Interest": 92383000.0,
        "Reconciled Depreciation": 118421000.0,
        "Reconciled Cost Of Revenue": 895672000.0,
        "EBITDA": 244725000.0,
        "EBIT": 126304000.0,
        "Net Interest Income": -6364000.0,
        "Interest Expense": 7097000.0,
        "Interest Income": 733000.0,
        "Normalized Income": 92565895.199107,
        "Net Income From Continuing And Discontinued Operation": 92383000.0,
        "Total Expenses": 950968000.0,
        "Total Operating Income As Reported": 123754000.0,
        "Diluted Average Shares": 172661000.0,
        "Basic Average Shares": 168016000.0,
        "Diluted EPS": 0.54,
        "Basic EPS": 0.55,
        "Diluted NI Availto Com Stockholders": 92385000.0,
        "Average Dilution Earnings": 2000.0,
        "Net Income Common Stockholders": 92383000.0,
        "Net Income": 92383000.0,
        "Minority Interests": 0.0,
        "Net Income Including Noncontrolling Interests": 92383000.0,
        "Net Income Continuous Operations": 92383000.0,
        "Tax Provision": 26824000.0,
        "Pretax Income": 119207000.0,
        "Other Income Expense": 1581000.0,
        "Special Income Charges": -236000.0,
        "Gain On Sale Of Ppe": 13000.0,
        "Restructuring And Mergern Acquisition": 249000.0,
        "Gain On Sale Of Security": NaN,
        "Net Non Operating Interest Income Expense": -6364000.0,
        "Interest Expense Non Operating": 7097000.0,
        "Interest Income Non Operating": 733000.0,
        "Operating Income": 123990000.0,
        "Operating Expense": 55296000.0,
        "Selling General And Administration": 55296000.0,
        "General And Administrative Expense": 55296000.0,
        "Other Gand A": 55296000.0,
        "Gross Profit": 179286000.0,
        "Cost Of Revenue": 895672000.0,
        "Total Revenue": 1074958000.0,
        "Operating Revenue": 1074958000.0
    },
    "2024-03-31": {
        "Tax Effect Of Unusual Items": 283040.0,
        "Tax Rate For Calcs": 0.244,
        "Normalized EBITDA": 237937000.0,
        "Total Unusual Items": 1160000.0,
        "Total Unusual Items Excluding Goodwill": 1160000.0,
        "Net Income From Continuing Operation Net Minority Interest": 81892000.0,
        "Reconciled Depreciation": 123186000.0,
        "Reconciled Cost Of Revenue": 905866000.0,
        "EBITDA": 239097000.0,
        "EBIT": 115911000.0,
        "Net Interest Income": -7063000.0,
        "Interest Expense": 7541000.0,
        "Interest Income": 478000.0,
        "Normalized Income": 81015040.0,
        "Net Income From Continuing And Discontinued Operation": 81892000.0,
        "Total Expenses": 958852000.0,
        "Total Operating Income As Reported": 115433000.0,
        "Diluted Average Shares": 171441000.0,
        "Basic Average Shares": 166325000.0,
        "Diluted EPS": 0.48,
        "Basic EPS": 0.49,
        "Diluted NI Availto Com Stockholders": 81892000.0,
        "Average Dilution Earnings": 0.0,
        "Net Income Common Stockholders": 81892000.0,
        "Net Income": 81892000.0,
        "Minority Interests": 0.0,
        "Net Income Including Noncontrolling Interests": 81892000.0,
        "Net Income Continuous Operations": 81892000.0,
        "Tax Provision": 26478000.0,
        "Pretax Income": 108370000.0,
        "Other Income Expense": 1160000.0,
        "Special Income Charges": 1160000.0,
        "Gain On Sale Of Ppe": 1160000.0,
        "Restructuring And Mergern Acquisition": 0.0,
        "Gain On Sale Of Security": NaN,
        "Net Non Operating Interest Income Expense": -7063000.0,
        "Interest Expense Non Operating": 7541000.0,
        "Interest Income Non Operating": 478000.0,
        "Operating Income": 114273000.0,
        "Operating Expense": 52986000.0,
        "Selling General And Administration": 52986000.0,
        "General And Administrative Expense": 52986000.0,
        "Other Gand A": 52986000.0,
        "Gross Profit": 167259000.0,
        "Cost Of Revenue": 905866000.0,
        "Total Revenue": 1073125000.0,
        "Operating Revenue": 1073125000.0
    },
    "2024-06-30": {
        "Tax Effect Of Unusual Items": 1374539.0896,
        "Tax Rate For Calcs": 0.230899,
        "Normalized EBITDA": 266386000.0,
        "Total Unusual Items": 5953000.0,
        "Total Unusual Items Excluding Goodwill": 5953000.0,
        "Net Income From Continuing Operation Net Minority Interest": 108421000.0,
        "Reconciled Depreciation": 123305000.0,
        "Reconciled Cost Of Revenue": 959103000.0,
        "EBITDA": 272339000.0,
        "EBIT": 149034000.0,
        "Net Interest Income": -8063000.0,
        "Interest Expense": 8063000.0,
        "Interest Income": 0.0,
        "Normalized Income": 103842539.0896,
        "Net Income From Continuing And Discontinued Operation": 108421000.0,
        "Total Expenses": 1016803000.0,
        "Total Operating Income As Reported": 141833000.0,
        "Diluted Average Shares": 169669000.0,
        "Basic Average Shares": 166210000.0,
        "Diluted EPS": 0.64,
        "Basic EPS": 0.65,
        "Diluted NI Availto Com Stockholders": 108421000.0,
        "Average Dilution Earnings": NaN,
        "Net Income Common Stockholders": 108421000.0,
        "Net Income": 108421000.0,
        "Minority Interests": 0.0,
        "Net Income Including Noncontrolling Interests": 108421000.0,
        "Net Income Continuous Operations": 108421000.0,
        "Tax Provision": 32550000.0,
        "Pretax Income": 140971000.0,
        "Other Income Expense": 5953000.0,
        "Special Income Charges": -1248000.0,
        "Gain On Sale Of Ppe": -1248000.0,
        "Restructuring And Mergern Acquisition": 0.0,
        "Gain On Sale Of Security": 7201000.0,
        "Net Non Operating Interest Income Expense": -8063000.0,
        "Interest Expense Non Operating": 8063000.0,
        "Interest Income Non Operating": 0.0,
        "Operating Income": 143081000.0,
        "Operating Expense": 57700000.0,
        "Selling General And Administration": 57700000.0,
        "General And Administrative Expense": 57700000.0,
        "Other Gand A": 57700000.0,
        "Gross Profit": 200781000.0,
        "Cost Of Revenue": 959103000.0,
        "Total Revenue": 1159884000.0,
        "Operating Revenue": 1159884000.0
    },
    "2024-09-30": {
        "Tax Effect Of Unusual Items": -2019864.0,
        "Tax Rate For Calcs": 0.231,
        "Normalized EBITDA": 239690000.0,
        "Total Unusual Items": -8744000.0,
        "Total Unusual Items Excluding Goodwill": -8744000.0,
        "Net Income From Continuing Operation Net Minority Interest": 73804000.0,
        "Reconciled Depreciation": 126395000.0,
        "Reconciled Cost Of Revenue": 966669000.0,
        "EBITDA": 230946000.0,
        "EBIT": 104551000.0,
        "Net Interest Income": -8589000.0,
        "Interest Expense": 8589000.0,
        "Interest Income": 0.0,
        "Normalized Income": 80528136.0,
        "Net Income From Continuing And Discontinued Operation": 73804000.0,
        "Total Expenses": 1025283000.0,
        "Total Operating Income As Reported": 107278000.0,
        "Diluted Average Shares": 168595000.0,
        "Basic Average Shares": 164741000.0,
        "Diluted EPS": 0.44,
        "Basic EPS": 0.45,
        "Diluted NI Availto Com Stockholders": 73804000.0,
        "Average Dilution Earnings": 0.0,
        "Net Income Common Stockholders": 73804000.0,
        "Net Income": 73804000.0,
        "Minority Interests": 0.0,
        "Net Income Including Noncontrolling Interests": 73804000.0,
        "Net Income Continuous Operations": 73804000.0,
        "Tax Provision": 22158000.0,
        "Pretax Income": 95962000.0,
        "Other Income Expense": -8744000.0,
        "Special Income Charges": -6017000.0,
        "Gain On Sale Of Ppe": -6017000.0,
        "Restructuring And Mergern Acquisition": 0.0,
        "Gain On Sale Of Security": -2727000.0,
        "Net Non Operating Interest Income Expense": -8589000.0,
        "Interest Expense Non Operating": 8589000.0,
        "Interest Income Non Operating": 0.0,
        "Operating Income": 113295000.0,
        "Operating Expense": 58614000.0,
        "Selling General And Administration": 58614000.0,
        "General And Administrative Expense": 58614000.0,
        "Other Gand A": 58614000.0,
        "Gross Profit": 171909000.0,
        "Cost Of Revenue": 966669000.0,
        "Total Revenue": 1138578000.0,
        "Operating Revenue": 1138578000.0
    },
    "2024-12-31": {
        "Tax Effect Of Unusual Items": 5889191.019183,
        "Tax Rate For Calcs": 0.104799,
        "Normalized EBITDA": 142436000.0,
        "Total Unusual Items": 56195000.0,
        "Total Unusual Items Excluding Goodwill": 56195000.0,
        "Net Income From Continuing Operation Net Minority Interest": 51893000.0,
        "Reconciled Depreciation": 132164000.0,
        "Reconciled Cost Of Revenue": 873918000.0,
        "EBITDA": 198631000.0,
        "EBIT": 66467000.0,
        "Net Interest Income": -8499000.0,
        "Interest Expense": 8499000.0,
        "Interest Income": 0.0,
        "Normalized Income": 1587191.019183,
        "Net Income From Continuing And Discontinued Operation": 51893000.0,
        "Total Expenses": 930092000.0,
        "Total Operating Income As Reported": 24924000.0,
        "Diluted Average Shares": NaN,
        "Basic Average Shares": NaN,
        "Diluted EPS": NaN,
        "Basic EPS": NaN,
        "Diluted NI Availto Com Stockholders": 51893000.0,
        "Average Dilution Earnings": 0.0,
        "Net Income Common Stockholders": 51893000.0,
        "Net Income": 51893000.0,
        "Minority Interests": 0.0,
        "Net Income Including Noncontrolling Interests": 51893000.0,
        "Net Income Continuous Operations": 51893000.0,
        "Tax Provision": 6075000.0,
        "Pretax Income": 57968000.0,
        "Other Income Expense": 52985000.0,
        "Special Income Charges": 11442000.0,
        "Gain On Sale Of Ppe": 11442000.0,
        "Restructuring And Mergern Acquisition": 0.0,
        "Gain On Sale Of Security": 44753000.0,
        "Net Non Operating Interest Income Expense": -8499000.0,
        "Interest Expense Non Operating": 8499000.0,
        "Interest Income Non Operating": 0.0,
        "Operating Income": 13482000.0,
        "Operating Expense": 56174000.0,
        "Selling General And Administration": 56174000.0,
        "General And Administrative Expense": 56174000.0,
        "Other Gand A": 56174000.0,
        "Gross Profit": 69656000.0,
        "Cost Of Revenue": 873918000.0,
        "Total Revenue": 943574000.0,
        "Operating Revenue": 943574000.0
    }
}