{
    "2023-06-30": {
        "Tax Effect Of Unusual Items": -74285.0,
        "Tax Rate For Calcs": 0.179,
        "Total Unusual Items": -415000.0,
        "Total Unusual Items Excluding Goodwill": -415000.0,
        "Net Income From Continuing Operation Net Minority Interest": 4694000.0,
        "Reconciled Depreciation": 823000.0,
        "Net Interest Income": 14139000.0,
        "Interest Expense": 4526000.0,
        "Interest Income": 18665000.0,
        "Normalized Income": 5034715.0,
        "Net Income From Continuing And Discontinued Operation": 4694000.0,
        "Diluted Average Shares": 11056308.0,
        "Basic Average Shares": 11056308.0,
        "Diluted EPS": 0.42,
        "Basic EPS": 0.42,
        "Diluted NI Availto Com Stockholders": 4694000.0,
        "Net Income Common Stockholders": 4694000.0,
        "Otherunder Preferred Stock Dividend": NaN,
        "Net Income": 4694000.0,
        "Net Income Including Noncontrolling Interests": 4694000.0,
        "Net Income Continuous Operations": 4694000.0,
        "Tax Provision": 1021000.0,
        "Pretax Income": 5715000.0,
        "Special Income Charges": -415000.0,
        "Restructuring And Mergern Acquisition": 415000.0,
        "Gain On Sale Of Security": 0.0,
        "Depreciation Amortization Depletion Income Statement": 112000.0,
        "Depreciation And Amortization In Income Statement": 112000.0,
        "Amortization": 112000.0,
        "Amortization Of Intangibles Income Statement": 112000.0,
        "Selling General And Administration": 7605000.0,
        "Selling And Marketing Expense": 320000.0,
        "General And Administrative Expense": 7285000.0,
        "Insurance And Claims": 224000.0,
        "Salaries And Wages": 7061000.0,
        "Total Revenue": 17823000.0,
        "Operating Revenue": 17823000.0,
        "Occupancy And Equipment": 1016000.0,
        "Other Non Interest Expense": 2930000.0
    },
    "2023-03-31": {
        "Tax Effect Of Unusual Items": NaN,
        "Tax Rate For Calcs": NaN,
        "Total Unusual Items": NaN,
        "Total Unusual Items Excluding Goodwill": NaN,
        "Net Income From Continuing Operation Net Minority Interest": NaN,
        "Reconciled Depreciation": NaN,
        "Net Interest Income": NaN,
        "Interest Expense": NaN,
        "Interest Income": NaN,
        "Normalized Income": NaN,
        "Net Income From Continuing And Discontinued Operation": NaN,
        "Diluted Average Shares": NaN,
        "Basic Average Shares": NaN,
        "Diluted EPS": NaN,
        "Basic EPS": NaN,
        "Diluted NI Availto Com Stockholders": NaN,
        "Net Income Common Stockholders": NaN,
        "Otherunder Preferred Stock Dividend": 30000.0,
        "Net Income": NaN,
        "Net Income Including Noncontrolling Interests": NaN,
        "Net Income Continuous Operations": NaN,
        "Tax Provision": NaN,
        "Pretax Income": NaN,
        "Special Income Charges": NaN,
        "Restructuring And Mergern Acquisition": NaN,
        "Gain On Sale Of Security": NaN,
        "Depreciation Amortization Depletion Income Statement": NaN,
        "Depreciation And Amortization In Income Statement": NaN,
        "Amortization": NaN,
        "Amortization Of Intangibles Income Statement": NaN,
        "Selling General And Administration": NaN,
        "Selling And Marketing Expense": NaN,
        "General And Administrative Expense": NaN,
        "Insurance And Claims": NaN,
        "Salaries And Wages": NaN,
        "Total Revenue": NaN,
        "Operating Revenue": NaN,
        "Occupancy And Equipment": NaN,
        "Other Non Interest Expense": NaN
    },
    "2022-12-31": {
        "Tax Effect Of Unusual Items": 0.0,
        "Tax Rate For Calcs": 0.177513,
        "Total Unusual Items": NaN,
        "Total Unusual Items Excluding Goodwill": NaN,
        "Net Income From Continuing Operation Net Minority Interest": 6408000.0,
        "Reconciled Depreciation": 567000.0,
        "Net Interest Income": 16179000.0,
        "Interest Expense": 1511000.0,
        "Interest Income": 17690000.0,
        "Normalized Income": 6408000.0,
        "Net Income From Continuing And Discontinued Operation": 6408000.0,
        "Diluted Average Shares": 11211328.0,
        "Basic Average Shares": 11211328.0,
        "Diluted EPS": 0.57,
        "Basic EPS": 0.57,
        "Diluted NI Availto Com Stockholders": 6294000.0,
        "Net Income Common Stockholders": 6294000.0,
        "Otherunder Preferred Stock Dividend": NaN,
        "Net Income": 6408000.0,
        "Net Income Including Noncontrolling Interests": 6408000.0,
        "Net Income Continuous Operations": 6408000.0,
        "Tax Provision": 1383000.0,
        "Pretax Income": 7791000.0,
        "Special Income Charges": NaN,
        "Restructuring And Mergern Acquisition": NaN,
        "Gain On Sale Of Security": 0.0,
        "Depreciation Amortization Depletion Income Statement": 113000.0,
        "Depreciation And Amortization In Income Statement": 113000.0,
        "Amortization": 113000.0,
        "Amortization Of Intangibles Income Statement": 113000.0,
        "Selling General And Administration": 7664000.0,
        "Selling And Marketing Expense": 339000.0,
        "General And Administrative Expense": 7325000.0,
        "Insurance And Claims": 133000.0,
        "Salaries And Wages": 7192000.0,
        "Total Revenue": 17866000.0,
        "Operating Revenue": 17866000.0
    },
    "2022-09-30": {
        "Tax Effect Of Unusual Items": NaN,
        "Tax Rate For Calcs": NaN,
        "Total Unusual Items": NaN,
        "Total Unusual Items Excluding Goodwill": NaN,
        "Net Income From Continuing Operation Net Minority Interest": NaN,
        "Reconciled Depreciation": NaN,
        "Net Interest Income": NaN,
        "Interest Expense": NaN,
        "Interest Income": NaN,
        "Normalized Income": NaN,
        "Net Income From Continuing And Discontinued Operation": NaN,
        "Diluted Average Shares": NaN,
        "Basic Average Shares": NaN,
        "Diluted EPS": NaN,
        "Basic EPS": NaN,
        "Diluted NI Availto Com Stockholders": NaN,
        "Net Income Common Stockholders": NaN,
        "Otherunder Preferred Stock Dividend": 28000.0,
        "Net Income": NaN,
        "Net Income Including Noncontrolling Interests": NaN,
        "Net Income Continuous Operations": NaN,
        "Tax Provision": NaN,
        "Pretax Income": NaN,
        "Special Income Charges": NaN,
        "Restructuring And Mergern Acquisition": NaN,
        "Gain On Sale Of Security": NaN,
        "Depreciation Amortization Depletion Income Statement": NaN,
        "Depreciation And Amortization In Income Statement": NaN,
        "Amortization": NaN,
        "Amortization Of Intangibles Income Statement": NaN,
        "Selling General And Administration": NaN,
        "Selling And Marketing Expense": NaN,
        "General And Administrative Expense": NaN,
        "Insurance And Claims": NaN,
        "Salaries And Wages": NaN,
        "Total Revenue": NaN,
        "Operating Revenue": NaN
    },
    "2022-06-30": {
        "Tax Effect Of Unusual Items": 0.0,
        "Tax Rate For Calcs": 0.179734,
        "Total Unusual Items": NaN,
        "Total Unusual Items Excluding Goodwill": NaN,
        "Net Income From Continuing Operation Net Minority Interest": 5618000.0,
        "Reconciled Depreciation": 112000.0,
        "Net Interest Income": 15148000.0,
        "Interest Expense": 1041000.0,
        "Interest Income": 16189000.0,
        "Normalized Income": 5618000.0,
        "Net Income From Continuing And Discontinued Operation": 5618000.0,
        "Diluted Average Shares": 11337805.0,
        "Basic Average Shares": 11337805.0,
        "Diluted EPS": 0.49,
        "Basic EPS": 0.49,
        "Diluted NI Availto Com Stockholders": 5618000.0,
        "Net Income Common Stockholders": 5618000.0,
        "Net Income": 5618000.0,
        "Net Income Including Noncontrolling Interests": 5618000.0,
        "Net Income Continuous Operations": 5618000.0,
        "Tax Provision": 1231000.0,
        "Pretax Income": 6849000.0,
        "Special Income Charges": NaN,
        "Restructuring And Mergern Acquisition": NaN,
        "Gain On Sale Of Security": 0.0,
        "Depreciation Amortization Depletion Income Statement": 112000.0,
        "Depreciation And Amortization In Income Statement": 112000.0,
        "Amortization": 112000.0,
        "Amortization Of Intangibles Income Statement": 112000.0,
        "Selling General And Administration": 7516000.0,
        "Selling And Marketing Expense": 368000.0,
        "General And Administrative Expense": 7148000.0,
        "Insurance And Claims": 134000.0,
        "Salaries And Wages": 7014000.0,
        "Total Revenue": 18016000.0,
        "Operating Revenue": 18016000.0
    },
    "2022-03-31": {
        "Diluted EPS": 0.38,
        "Total Revenue": 19,
        "Gross Profit": 18,
        "Operating Income": 5,
        "EBIT": NaN,
        "Net Income": 5
    },
    "2021-12-31": {
        "Diluted EPS": 0.45,
        "Total Revenue": 20,
        "Gross Profit": 19,
        "Operating Income": 7,
        "EBIT": NaN,
        "Net Income": 6
    },
    "2021-09-30": {
        "Diluted EPS": 0.39,
        "Total Revenue": 19,
        "Gross Profit": 18,
        "Operating Income": 6,
        "EBIT": NaN,
        "Net Income": 5
    },
    "2021-06-30": {
        "Diluted EPS": 0.41,
        "Total Revenue": 20,
        "Gross Profit": 19,
        "Operating Income": 6,
        "EBIT": NaN,
        "Net Income": 5
    },
    "2021-03-31": {
        "Diluted EPS": 0.41,
        "Total Revenue": 19,
        "Gross Profit": 18,
        "Operating Income": 6,
        "EBIT": NaN,
        "Net Income": 5
    },
    "2020-12-31": {
        "Diluted EPS": 0.44,
        "Total Revenue": 20,
        "Gross Profit": 19,
        "Operating Income": 7,
        "EBIT": NaN,
        "Net Income": 6
    },
    "2020-09-30": {
        "Diluted EPS": 0.33,
        "Total Revenue": 20,
        "Gross Profit": 18,
        "Operating Income": 5,
        "EBIT": NaN,
        "Net Income": 4
    },
    "2020-06-30": {
        "Diluted EPS": 0.39,
        "Total Revenue": 19,
        "Gross Profit": 17,
        "Operating Income": 6,
        "EBIT": NaN,
        "Net Income": 5
    },
    "2020-03-31": {
        "Diluted EPS": 0.39,
        "Total Revenue": 20,
        "Gross Profit": 18,
        "Operating Income": 6,
        "EBIT": NaN,
        "Net Income": 5
    },
    "2019-12-31": {
        "Diluted EPS": 0.37,
        "Total Revenue": 20,
        "Gross Profit": 17,
        "Operating Income": 6,
        "EBIT": NaN,
        "Net Income": 5
    },
    "2019-09-30": {
        "Diluted EPS": 0.36,
        "Total Revenue": 20,
        "Gross Profit": 17,
        "Operating Income": 6,
        "EBIT": NaN,
        "Net Income": 5
    },
    "2019-06-30": {
        "Diluted EPS": 0.36,
        "Total Revenue": 19,
        "Gross Profit": 17,
        "Operating Income": 6,
        "EBIT": NaN,
        "Net Income": 5
    },
    "2019-03-31": {
        "Diluted EPS": 0.35,
        "Total Revenue": 19,
        "Gross Profit": 16,
        "Operating Income": 6,
        "EBIT": NaN,
        "Net Income": 5
    },
    "2018-12-31": {
        "Diluted EPS": 0.4,
        "Total Revenue": 19,
        "Gross Profit": 16,
        "Operating Income": 6,
        "EBIT": NaN,
        "Net Income": 5
    },
    "2018-09-30": {
        "Diluted EPS": 0.32,
        "Total Revenue": 18,
        "Gross Profit": 16,
        "Operating Income": 5,
        "EBIT": NaN,
        "Net Income": 4
    },
    "2018-06-30": {
        "Diluted EPS": 0.25,
        "Total Revenue": 15,
        "Gross Profit": 14,
        "Operating Income": 4,
        "EBIT": NaN,
        "Net Income": 3
    },
    "2018-03-31": {
        "Diluted EPS": 0.27,
        "Total Revenue": 14,
        "Gross Profit": 13,
        "Operating Income": 4,
        "EBIT": NaN,
        "Net Income": 3
    },
    "2017-12-31": {
        "Diluted EPS": 0.36,
        "Total Revenue": 14,
        "Gross Profit": 13,
        "Operating Income": 5,
        "EBIT": NaN,
        "Net Income": 4
    },
    "2017-09-30": {
        "Diluted EPS": 0.31,
        "Total Revenue": 14,
        "Gross Profit": 13,
        "Operating Income": 4,
        "EBIT": NaN,
        "Net Income": 3
    },
    "2017-06-30": {
        "Diluted EPS": 0.3,
        "Total Revenue": 14,
        "Gross Profit": 13,
        "Operating Income": 4,
        "EBIT": NaN,
        "Net Income": 3
    },
    "2017-03-31": {
        "Diluted EPS": 0.32,
        "Total Revenue": 13,
        "Gross Profit": 12,
        "Operating Income": 4,
        "EBIT": NaN,
        "Net Income": 3
    },
    "2016-12-31": {
        "Diluted EPS": 0.37,
        "Total Revenue": 14,
        "Gross Profit": 13,
        "Operating Income": 5,
        "EBIT": NaN,
        "Net Income": 4
    },
    "2016-09-30": {
        "Diluted EPS": 0.29,
        "Total Revenue": 14,
        "Gross Profit": 13,
        "Operating Income": 4,
        "EBIT": NaN,
        "Net Income": 3
    },
    "2016-06-30": {
        "Diluted EPS": 0.29,
        "Total Revenue": 14,
        "Gross Profit": 13,
        "Operating Income": 4,
        "EBIT": NaN,
        "Net Income": 3
    },
    "2016-03-31": {
        "Diluted EPS": 0.3,
        "Total Revenue": 13,
        "Gross Profit": 12,
        "Operating Income": 4,
        "EBIT": NaN,
        "Net Income": 3
    },
    "2015-12-31": {
        "Diluted EPS": 0.29,
        "Total Revenue": 13,
        "Gross Profit": 13,
        "Operating Income": 4,
        "EBIT": NaN,
        "Net Income": 3
    },
    "2015-09-30": {
        "Diluted EPS": 0.26,
        "Total Revenue": 13,
        "Gross Profit": 12,
        "Operating Income": 4,
        "EBIT": NaN,
        "Net Income": 3
    },
    "2015-06-30": {
        "Diluted EPS": 0.32,
        "Total Revenue": 14,
        "Gross Profit": 13,
        "Operating Income": 5,
        "EBIT": NaN,
        "Net Income": 3
    },
    "2015-03-31": {
        "Diluted EPS": 0.3,
        "Total Revenue": 12,
        "Gross Profit": 12,
        "Operating Income": 4,
        "EBIT": NaN,
        "Net Income": 3
    },
    "2014-12-31": {
        "Diluted EPS": 0.34,
        "Total Revenue": 13,
        "Gross Profit": 12,
        "Operating Income": 4,
        "EBIT": NaN,
        "Net Income": 3
    },
    "2014-09-30": {
        "Diluted EPS": 0.29,
        "Total Revenue": 12,
        "Gross Profit": 11,
        "Operating Income": 4,
        "EBIT": NaN,
        "Net Income": 3
    },
    "2014-06-30": {
        "Diluted EPS": 0.28,
        "Total Revenue": 12,
        "Gross Profit": 11,
        "Operating Income": 4,
        "EBIT": NaN,
        "Net Income": 3
    },
    "2014-03-31": {
        "Diluted EPS": 0.14,
        "Total Revenue": 11,
        "Gross Profit": 10,
        "Operating Income": 3,
        "EBIT": NaN,
        "Net Income": 1
    },
    "2013-12-31": {
        "Diluted EPS": 0.27,
        "Total Revenue": 11,
        "Gross Profit": 10,
        "Operating Income": 4,
        "EBIT": NaN,
        "Net Income": 2
    },
    "2013-09-30": {
        "Diluted EPS": 0.3,
        "Total Revenue": 10,
        "Gross Profit": 10,
        "Operating Income": 3,
        "EBIT": NaN,
        "Net Income": 2
    },
    "2013-06-30": {
        "Diluted EPS": 0.3,
        "Total Revenue": 11,
        "Gross Profit": 10,
        "Operating Income": 3,
        "EBIT": NaN,
        "Net Income": 2
    },
    "2013-03-31": {
        "Diluted EPS": 0.23,
        "Total Revenue": 11,
        "Gross Profit": 9,
        "Operating Income": 3,
        "EBIT": NaN,
        "Net Income": 2
    },
    "2012-12-31": {
        "Diluted EPS": 0.32,
        "Total Revenue": 10,
        "Gross Profit": 9,
        "Operating Income": 3,
        "EBIT": NaN,
        "Net Income": 2
    },
    "2012-09-30": {
        "Diluted EPS": 0.27,
        "Total Revenue": 10,
        "Gross Profit": 8,
        "Operating Income": 2,
        "EBIT": NaN,
        "Net Income": 2
    },
    "2012-06-30": {
        "Diluted EPS": 0.29,
        "Total Revenue": 9,
        "Gross Profit": 8,
        "Operating Income": 3,
        "EBIT": NaN,
        "Net Income": 2
    },
    "2012-03-31": {
        "Diluted EPS": 0.34,
        "Total Revenue": 10,
        "Gross Profit": 9,
        "Operating Income": 3,
        "EBIT": NaN,
        "Net Income": 2
    },
    "2011-12-31": {
        "Diluted EPS": 0.28,
        "Total Revenue": 10,
        "Gross Profit": 8,
        "Operating Income": 1,
        "EBIT": NaN,
        "Net Income": 2
    },
    "2011-09-30": {
        "Diluted EPS": 0.28,
        "Total Revenue": 10,
        "Gross Profit": 8,
        "Operating Income": 2,
        "EBIT": NaN,
        "Net Income": 2
    },
    "2011-06-30": {
        "Diluted EPS": 0.3,
        "Total Revenue": 10,
        "Gross Profit": 8,
        "Operating Income": 3,
        "EBIT": NaN,
        "Net Income": 2
    },
    "2011-03-31": {
        "Diluted EPS": 0.34,
        "Total Revenue": 10,
        "Gross Profit": 8,
        "Operating Income": 2,
        "EBIT": NaN,
        "Net Income": 2
    },
    "2010-12-31": {
        "Diluted EPS": 0.35,
        "Total Revenue": 11,
        "Gross Profit": 9,
        "Operating Income": 4,
        "EBIT": NaN,
        "Net Income": 2
    },
    "2010-09-30": {
        "Diluted EPS": 0.3,
        "Total Revenue": 11,
        "Gross Profit": 9,
        "Operating Income": 3,
        "EBIT": NaN,
        "Net Income": 2
    },
    "2010-06-30": {
        "Diluted EPS": 0.41,
        "Total Revenue": 11,
        "Gross Profit": 9,
        "Operating Income": 3,
        "EBIT": NaN,
        "Net Income": 3
    },
    "2010-03-31": {
        "Diluted EPS": 0.33,
        "Total Revenue": 11,
        "Gross Profit": 9,
        "Operating Income": 3,
        "EBIT": NaN,
        "Net Income": 2
    },
    "2009-12-31": {
        "Diluted EPS": 0.25,
        "Total Revenue": 11,
        "Gross Profit": 9,
        "Operating Income": 3,
        "EBIT": NaN,
        "Net Income": 2
    },
    "2009-09-30": {
        "Diluted EPS": 0.27,
        "Total Revenue": 11,
        "Gross Profit": 9,
        "Operating Income": 3,
        "EBIT": NaN,
        "Net Income": 2
    },
    "2009-06-30": {
        "Diluted EPS": 0.24,
        "Total Revenue": 11,
        "Gross Profit": 8,
        "Operating Income": 2,
        "EBIT": NaN,
        "Net Income": 2
    },
    "2009-03-31": {
        "Diluted EPS": 0.22,
        "Total Revenue": 10,
        "Gross Profit": 7,
        "Operating Income": 2,
        "EBIT": NaN,
        "Net Income": 2
    },
    "2023-09-30": {
        "Tax Effect Of Unusual Items": -57102.610082,
        "Tax Rate For Calcs": 0.189081,
        "Total Unusual Items": -302000.0,
        "Total Unusual Items Excluding Goodwill": -302000.0,
        "Net Income From Continuing Operation Net Minority Interest": 4070000.0,
        "Reconciled Depreciation": 852000.0,
        "Net Interest Income": 13533000.0,
        "Interest Expense": 6097000.0,
        "Interest Income": 19630000.0,
        "Normalized Income": 4314897.389918,
        "Net Income From Continuing And Discontinued Operation": 4070000.0,
        "Diluted Average Shares": 11038720.0,
        "Basic Average Shares": 11038720.0,
        "Diluted EPS": 0.37,
        "Basic EPS": 0.37,
        "Diluted NI Availto Com Stockholders": 4041000.0,
        "Net Income Common Stockholders": 4041000.0,
        "Otherunder Preferred Stock Dividend": 29000.0,
        "Net Income": 4070000.0,
        "Net Income Including Noncontrolling Interests": 4070000.0,
        "Net Income Continuous Operations": 4070000.0,
        "Tax Provision": 949000.0,
        "Pretax Income": 5019000.0,
        "Special Income Charges": -302000.0,
        "Restructuring And Mergern Acquisition": 302000.0,
        "Gain On Sale Of Security": 0.0,
        "Depreciation Amortization Depletion Income Statement": 113000.0,
        "Depreciation And Amortization In Income Statement": 113000.0,
        "Amortization": 113000.0,
        "Amortization Of Intangibles Income Statement": 113000.0,
        "Selling General And Administration": 7491000.0,
        "Selling And Marketing Expense": 223000.0,
        "General And Administrative Expense": 7268000.0,
        "Insurance And Claims": 224000.0,
        "Salaries And Wages": 7044000.0,
        "Total Revenue": 17149000.0,
        "Operating Revenue": 17149000.0,
        "Occupancy And Equipment": 1202000.0,
        "Other Non Interest Expense": 3136000.0
    },
    "2023-12-31": {
        "Tax Effect Of Unusual Items": -821940.0,
        "Tax Rate For Calcs": 0.21,
        "Total Unusual Items": -3914000.0,
        "Total Unusual Items Excluding Goodwill": -3914000.0,
        "Net Income From Continuing Operation Net Minority Interest": -293000.0,
        "Reconciled Depreciation": 594000.0,
        "Net Interest Income": 14597000.0,
        "Interest Expense": 8651000.0,
        "Interest Income": 23248000.0,
        "Normalized Income": 2799060.0,
        "Net Income From Continuing And Discontinued Operation": -293000.0,
        "Diluted Average Shares": 12378289.0,
        "Basic Average Shares": 12378289.0,
        "Diluted EPS": -0.02,
        "Basic EPS": -0.02,
        "Diluted NI Availto Com Stockholders": -287000.0,
        "Net Income Common Stockholders": -287000.0,
        "Otherunder Preferred Stock Dividend": -6000.0,
        "Net Income": -293000.0,
        "Net Income Including Noncontrolling Interests": -293000.0,
        "Net Income Continuous Operations": -293000.0,
        "Tax Provision": -236000.0,
        "Pretax Income": -529000.0,
        "Special Income Charges": -3914000.0,
        "Restructuring And Mergern Acquisition": 3914000.0,
        "Gain On Sale Of Security": 0.0,
        "Depreciation Amortization Depletion Income Statement": 196000.0,
        "Depreciation And Amortization In Income Statement": 196000.0,
        "Amortization": 196000.0,
        "Amortization Of Intangibles Income Statement": 196000.0,
        "Selling General And Administration": 8289000.0,
        "Selling And Marketing Expense": 366000.0,
        "General And Administrative Expense": 7923000.0,
        "Insurance And Claims": 269000.0,
        "Salaries And Wages": 7654000.0,
        "Total Revenue": 18153000.0,
        "Operating Revenue": 18153000.0,
        "Occupancy And Equipment": 1375000.0,
        "Other Non Interest Expense": 2690000.0
    },
    "2024-03-31": {
        "Tax Effect Of Unusual Items": -108500.0,
        "Tax Rate For Calcs": 0.14,
        "Total Unusual Items": -775000.0,
        "Total Unusual Items Excluding Goodwill": -775000.0,
        "Net Income From Continuing Operation Net Minority Interest": 1915000.0,
        "Reconciled Depreciation": 481000.0,
        "Net Interest Income": 13855000.0,
        "Interest Expense": 10863000.0,
        "Interest Income": 24718000.0,
        "Normalized Income": 2581500.0,
        "Net Income From Continuing And Discontinued Operation": 1915000.0,
        "Diluted Average Shares": 13112302.0,
        "Basic Average Shares": 13112302.0,
        "Diluted EPS": 0.15,
        "Basic EPS": 0.15,
        "Diluted NI Availto Com Stockholders": 1903000.0,
        "Net Income Common Stockholders": 1903000.0,
        "Otherunder Preferred Stock Dividend": 12000.0,
        "Net Income": 1915000.0,
        "Net Income Including Noncontrolling Interests": 1915000.0,
        "Net Income Continuous Operations": 1915000.0,
        "Tax Provision": 312000.0,
        "Pretax Income": 2227000.0,
        "Special Income Charges": -775000.0,
        "Restructuring And Mergern Acquisition": 775000.0,
        "Gain On Sale Of Security": -214000.0,
        "Depreciation Amortization Depletion Income Statement": 236000.0,
        "Depreciation And Amortization In Income Statement": 236000.0,
        "Amortization": 236000.0,
        "Amortization Of Intangibles Income Statement": 236000.0,
        "Selling General And Administration": 9232000.0,
        "Selling And Marketing Expense": 174000.0,
        "General And Administrative Expense": 9058000.0,
        "Insurance And Claims": 504000.0,
        "Salaries And Wages": 8554000.0,
        "Total Revenue": 17824000.0,
        "Operating Revenue": 17824000.0,
        "Occupancy And Equipment": 1395000.0,
        "Other Non Interest Expense": 3834000.0
    },
    "2024-06-30": {
        "Tax Effect Of Unusual Items": -46400.0,
        "Tax Rate For Calcs": 0.02,
        "Total Unusual Items": -2320000.0,
        "Total Unusual Items Excluding Goodwill": -2320000.0,
        "Net Income From Continuing Operation Net Minority Interest": 925000.0,
        "Reconciled Depreciation": -95000.0,
        "Net Interest Income": 15178000.0,
        "Interest Expense": 11748000.0,
        "Interest Income": 26926000.0,
        "Normalized Income": 3198600.0,
        "Net Income From Continuing And Discontinued Operation": 925000.0,
        "Diluted Average Shares": 14033264.0,
        "Basic Average Shares": 14033264.0,
        "Diluted EPS": 0.07,
        "Basic EPS": 0.07,
        "Diluted NI Availto Com Stockholders": 925000.0,
        "Net Income Common Stockholders": 925000.0,
        "Otherunder Preferred Stock Dividend": NaN,
        "Net Income": 925000.0,
        "Net Income Including Noncontrolling Interests": 925000.0,
        "Net Income Continuous Operations": 925000.0,
        "Tax Provision": 19000.0,
        "Pretax Income": 944000.0,
        "Special Income Charges": -2320000.0,
        "Restructuring And Mergern Acquisition": 2320000.0,
        "Gain On Sale Of Security": 0.0,
        "Depreciation Amortization Depletion Income Statement": 298000.0,
        "Depreciation And Amortization In Income Statement": 298000.0,
        "Amortization": 298000.0,
        "Amortization Of Intangibles Income Statement": 298000.0,
        "Selling General And Administration": 9610000.0,
        "Selling And Marketing Expense": 210000.0,
        "General And Administrative Expense": 9400000.0,
        "Insurance And Claims": 394000.0,
        "Salaries And Wages": 9006000.0,
        "Total Revenue": 19297000.0,
        "Operating Revenue": 19297000.0,
        "Occupancy And Equipment": 1339000.0,
        "Other Non Interest Expense": 4258000.0
    },
    "2024-09-30": {
        "Tax Effect Of Unusual Items": -42070.919325,
        "Tax Rate For Calcs": 0.149719,
        "Total Unusual Items": -281000.0,
        "Total Unusual Items Excluding Goodwill": -281000.0,
        "Net Income From Continuing Operation Net Minority Interest": 4532000.0,
        "Reconciled Depreciation": 369000.0,
        "Net Interest Income": 14930000.0,
        "Interest Expense": 11428000.0,
        "Interest Income": 26358000.0,
        "Normalized Income": 4770929.080675,
        "Net Income From Continuing And Discontinued Operation": 4532000.0,
        "Diluted Average Shares": 14103358.0,
        "Basic Average Shares": 14103358.0,
        "Diluted EPS": 0.31,
        "Basic EPS": 0.31,
        "Diluted NI Availto Com Stockholders": 4504000.0,
        "Net Income Common Stockholders": 4504000.0,
        "Otherunder Preferred Stock Dividend": 28000.0,
        "Net Income": 4532000.0,
        "Net Income Including Noncontrolling Interests": 4532000.0,
        "Net Income Continuous Operations": 4532000.0,
        "Tax Provision": 798000.0,
        "Pretax Income": 5330000.0,
        "Special Income Charges": -281000.0,
        "Restructuring And Mergern Acquisition": 281000.0,
        "Gain On Sale Of Security": 0.0,
        "Depreciation Amortization Depletion Income Statement": 304000.0,
        "Depreciation And Amortization In Income Statement": 304000.0,
        "Amortization": 304000.0,
        "Amortization Of Intangibles Income Statement": 304000.0,
        "Selling General And Administration": 9892000.0,
        "Selling And Marketing Expense": 320000.0,
        "General And Administrative Expense": 9572000.0,
        "Insurance And Claims": 547000.0,
        "Salaries And Wages": 9025000.0,
        "Total Revenue": 21377000.0,
        "Operating Revenue": 21377000.0,
        "Occupancy And Equipment": 1386000.0,
        "Other Non Interest Expense": 3524000.0
    }
}