{
    "2023-03-31": {
        "Tax Effect Of Unusual Items": -199470.0,
        "Tax Rate For Calcs": 0.183,
        "Normalized EBITDA": 3920000.0,
        "Total Unusual Items": -1090000.0,
        "Total Unusual Items Excluding Goodwill": -1090000.0,
        "Net Income From Continuing Operation Net Minority Interest": -8805000.0,
        "Reconciled Depreciation": 4870000.0,
        "Reconciled Cost Of Revenue": 91593000.0,
        "EBITDA": 2830000.0,
        "EBIT": -2040000.0,
        "Net Interest Income": -5336000.0,
        "Interest Expense": 5336000.0,
        "Normalized Income": -7914470.0,
        "Net Income From Continuing And Discontinued Operation": -8805000.0,
        "Total Expenses": 146385000.0,
        "Total Operating Income As Reported": -1806000.0,
        "Diluted Average Shares": 21475610.0,
        "Basic Average Shares": 21475610.0,
        "Diluted EPS": -0.41,
        "Basic EPS": -0.41,
        "Diluted NI Availto Com Stockholders": -8805000.0,
        "Net Income Common Stockholders": -8805000.0,
        "Net Income": -8805000.0,
        "Net Income Including Noncontrolling Interests": -8805000.0,
        "Net Income Continuous Operations": -8805000.0,
        "Earnings From Equity Interest Net Of Tax": -2777000.0,
        "Tax Provision": -1348000.0,
        "Pretax Income": -7376000.0,
        "Other Income Expense": -1090000.0,
        "Other Non Operating Income Expenses": NaN,
        "Special Income Charges": -856000.0,
        "Other Special Charges": NaN,
        "Restructuring And Mergern Acquisition": 856000.0,
        "Gain On Sale Of Security": -234000.0,
        "Net Non Operating Interest Income Expense": -5336000.0,
        "Interest Expense Non Operating": 5336000.0,
        "Operating Income": -950000.0,
        "Operating Expense": 54792000.0,
        "Selling General And Administration": 54792000.0,
        "Selling And Marketing Expense": 16885000.0,
        "General And Administrative Expense": 37907000.0,
        "Other Gand A": 37907000.0,
        "Gross Profit": 53842000.0,
        "Cost Of Revenue": 91593000.0,
        "Total Revenue": 145435000.0,
        "Operating Revenue": 145435000.0
    },
    "2022-12-31": {
        "Tax Effect Of Unusual Items": NaN,
        "Tax Rate For Calcs": NaN,
        "Normalized EBITDA": NaN,
        "Total Unusual Items": NaN,
        "Total Unusual Items Excluding Goodwill": NaN,
        "Net Income From Continuing Operation Net Minority Interest": NaN,
        "Reconciled Depreciation": NaN,
        "Reconciled Cost Of Revenue": NaN,
        "EBITDA": NaN,
        "EBIT": NaN,
        "Net Interest Income": NaN,
        "Interest Expense": NaN,
        "Normalized Income": NaN,
        "Net Income From Continuing And Discontinued Operation": NaN,
        "Total Expenses": NaN,
        "Total Operating Income As Reported": NaN,
        "Diluted Average Shares": 21607000.0,
        "Basic Average Shares": 21429000.0,
        "Diluted EPS": 0.15,
        "Basic EPS": 0.15,
        "Diluted NI Availto Com Stockholders": NaN,
        "Net Income Common Stockholders": NaN,
        "Net Income": NaN,
        "Net Income Including Noncontrolling Interests": NaN,
        "Net Income Continuous Operations": NaN,
        "Earnings From Equity Interest Net Of Tax": NaN,
        "Tax Provision": NaN,
        "Pretax Income": NaN,
        "Other Income Expense": NaN,
        "Other Non Operating Income Expenses": 0.0,
        "Special Income Charges": NaN,
        "Other Special Charges": NaN,
        "Restructuring And Mergern Acquisition": NaN,
        "Gain On Sale Of Security": NaN,
        "Net Non Operating Interest Income Expense": NaN,
        "Interest Expense Non Operating": NaN,
        "Operating Income": NaN,
        "Operating Expense": NaN,
        "Selling General And Administration": NaN,
        "Selling And Marketing Expense": NaN,
        "General And Administrative Expense": NaN,
        "Other Gand A": NaN,
        "Gross Profit": NaN,
        "Cost Of Revenue": NaN,
        "Total Revenue": NaN,
        "Operating Revenue": NaN
    },
    "2022-09-30": {
        "Tax Effect Of Unusual Items": NaN,
        "Tax Rate For Calcs": NaN,
        "Normalized EBITDA": NaN,
        "Total Unusual Items": NaN,
        "Total Unusual Items Excluding Goodwill": NaN,
        "Net Income From Continuing Operation Net Minority Interest": NaN,
        "Reconciled Depreciation": NaN,
        "Reconciled Cost Of Revenue": NaN,
        "EBITDA": NaN,
        "EBIT": NaN,
        "Net Interest Income": NaN,
        "Interest Expense": NaN,
        "Normalized Income": NaN,
        "Net Income From Continuing And Discontinued Operation": NaN,
        "Total Expenses": NaN,
        "Total Operating Income As Reported": NaN,
        "Diluted Average Shares": NaN,
        "Basic Average Shares": NaN,
        "Diluted EPS": NaN,
        "Basic EPS": NaN,
        "Diluted NI Availto Com Stockholders": NaN,
        "Net Income Common Stockholders": NaN,
        "Net Income": NaN,
        "Net Income Including Noncontrolling Interests": NaN,
        "Net Income Continuous Operations": NaN,
        "Earnings From Equity Interest Net Of Tax": NaN,
        "Tax Provision": NaN,
        "Pretax Income": NaN,
        "Other Income Expense": NaN,
        "Other Non Operating Income Expenses": -5140000.0,
        "Special Income Charges": NaN,
        "Other Special Charges": NaN,
        "Restructuring And Mergern Acquisition": NaN,
        "Gain On Sale Of Security": NaN,
        "Net Non Operating Interest Income Expense": NaN,
        "Interest Expense Non Operating": NaN,
        "Operating Income": NaN,
        "Operating Expense": NaN,
        "Other Operating Expenses": 5140000.0,
        "Selling General And Administration": NaN,
        "Selling And Marketing Expense": NaN,
        "General And Administrative Expense": NaN,
        "Other Gand A": NaN,
        "Gross Profit": NaN,
        "Cost Of Revenue": NaN,
        "Total Revenue": NaN,
        "Operating Revenue": NaN
    },
    "2022-06-30": {
        "Tax Effect Of Unusual Items": 7600.0,
        "Tax Rate For Calcs": 0.025,
        "Normalized EBITDA": 4574000.0,
        "Total Unusual Items": 304000.0,
        "Total Unusual Items Excluding Goodwill": 304000.0,
        "Net Income From Continuing Operation Net Minority Interest": -3460000.0,
        "Reconciled Depreciation": 5038000.0,
        "Reconciled Cost Of Revenue": 96147000.0,
        "EBITDA": 4878000.0,
        "EBIT": -160000.0,
        "Net Interest Income": -3732000.0,
        "Interest Expense": 3732000.0,
        "Normalized Income": -3756400.0,
        "Net Income From Continuing And Discontinued Operation": -3460000.0,
        "Total Expenses": 151778000.0,
        "Total Operating Income As Reported": -464000.0,
        "Diluted Average Shares": 21531000.0,
        "Basic Average Shares": 21531000.0,
        "Diluted EPS": -0.16,
        "Basic EPS": -0.16,
        "Diluted NI Availto Com Stockholders": -3460000.0,
        "Net Income Common Stockholders": -3460000.0,
        "Net Income": -3460000.0,
        "Net Income Including Noncontrolling Interests": -3460000.0,
        "Net Income Continuous Operations": -3460000.0,
        "Earnings From Equity Interest Net Of Tax": 334000.0,
        "Tax Provision": -98000.0,
        "Pretax Income": -3892000.0,
        "Other Income Expense": 304000.0,
        "Other Non Operating Income Expenses": NaN,
        "Special Income Charges": NaN,
        "Other Special Charges": NaN,
        "Impairment Of Capital Assets": NaN,
        "Restructuring And Mergern Acquisition": NaN,
        "Gain On Sale Of Security": 304000.0,
        "Net Non Operating Interest Income Expense": -3732000.0,
        "Interest Expense Non Operating": 3732000.0,
        "Operating Income": -464000.0,
        "Operating Expense": 55631000.0,
        "Selling General And Administration": 55631000.0,
        "Selling And Marketing Expense": 17373000.0,
        "General And Administrative Expense": 38258000.0,
        "Other Gand A": 38258000.0,
        "Gross Profit": 55167000.0,
        "Cost Of Revenue": 96147000.0,
        "Total Revenue": 151314000.0,
        "Operating Revenue": 151314000.0
    },
    "2022-03-31": {
        "Diluted EPS": 0.02,
        "Total Revenue": 183,
        "Gross Profit": 63,
        "Operating Income": 4,
        "EBIT": 10,
        "Net Income": 0
    },
    "2021-12-31": {
        "Diluted EPS": -0.03,
        "Total Revenue": 256,
        "Gross Profit": 88,
        "Operating Income": 9,
        "EBIT": 29,
        "Net Income": -1
    },
    "2021-09-30": {
        "Diluted EPS": 0.57,
        "Total Revenue": 225,
        "Gross Profit": 83,
        "Operating Income": 22,
        "EBIT": 28,
        "Net Income": 13
    },
    "2021-06-30": {
        "Diluted EPS": 0.26,
        "Total Revenue": 187,
        "Gross Profit": 66,
        "Operating Income": 11,
        "EBIT": 17,
        "Net Income": 6
    },
    "2021-03-31": {
        "Diluted EPS": 0.14,
        "Total Revenue": 196,
        "Gross Profit": 66,
        "Operating Income": 9,
        "EBIT": 16,
        "Net Income": 3
    },
    "2020-12-31": {
        "Diluted EPS": 0.76,
        "Total Revenue": 249,
        "Gross Profit": 88,
        "Operating Income": 24,
        "EBIT": 31,
        "Net Income": 15
    },
    "2020-09-30": {
        "Diluted EPS": 0.65,
        "Total Revenue": 225,
        "Gross Profit": 79,
        "Operating Income": 22,
        "EBIT": 28,
        "Net Income": 14
    },
    "2020-06-30": {
        "Diluted EPS": -0.19,
        "Total Revenue": 150,
        "Gross Profit": 54,
        "Operating Income": 4,
        "EBIT": 11,
        "Net Income": -4
    },
    "2020-03-31": {
        "Diluted EPS": -1.36,
        "Total Revenue": 145,
        "Gross Profit": 53,
        "Operating Income": -25,
        "EBIT": 2,
        "Net Income": -28
    },
    "2019-12-31": {
        "Diluted EPS": -0.7,
        "Total Revenue": 227,
        "Gross Profit": 84,
        "Operating Income": -15,
        "EBIT": 25,
        "Net Income": -15
    },
    "2019-09-30": {
        "Diluted EPS": -0.66,
        "Total Revenue": 216,
        "Gross Profit": 73,
        "Operating Income": 7,
        "EBIT": 23,
        "Net Income": -14
    },
    "2019-06-30": {
        "Diluted EPS": -0.56,
        "Total Revenue": 143,
        "Gross Profit": 44,
        "Operating Income": -13,
        "EBIT": -6,
        "Net Income": -12
    },
    "2019-03-31": {
        "Diluted EPS": -0.24,
        "Total Revenue": 150,
        "Gross Profit": 54,
        "Operating Income": -2,
        "EBIT": 5,
        "Net Income": -5
    },
    "2018-12-31": {
        "Diluted EPS": 0.62,
        "Total Revenue": 228,
        "Gross Profit": 85,
        "Operating Income": 23,
        "EBIT": 30,
        "Net Income": 10
    },
    "2018-09-30": {
        "Diluted EPS": 0.29,
        "Total Revenue": 209,
        "Gross Profit": 74,
        "Operating Income": 12,
        "EBIT": 21,
        "Net Income": 6
    },
    "2018-06-30": {
        "Diluted EPS": -0.3,
        "Total Revenue": 149,
        "Gross Profit": 52,
        "Operating Income": -3,
        "EBIT": 4,
        "Net Income": -6
    },
    "2018-03-31": {
        "Diluted EPS": -0.7,
        "Total Revenue": 118,
        "Gross Profit": 45,
        "Operating Income": -13,
        "EBIT": -9,
        "Net Income": -12
    },
    "2017-12-31": {
        "Diluted EPS": 0.08,
        "Total Revenue": 183,
        "Gross Profit": 71,
        "Operating Income": 11,
        "EBIT": 14,
        "Net Income": 1
    },
    "2017-09-30": {
        "Diluted EPS": 0.29,
        "Total Revenue": 166,
        "Gross Profit": 57,
        "Operating Income": 9,
        "EBIT": 14,
        "Net Income": 4
    },
    "2017-06-30": {
        "Diluted EPS": -0.14,
        "Total Revenue": 117,
        "Gross Profit": 43,
        "Operating Income": -3,
        "EBIT": 0,
        "Net Income": -2
    },
    "2017-03-31": {
        "Diluted EPS": -0.09,
        "Total Revenue": 113,
        "Gross Profit": 44,
        "Operating Income": -2,
        "EBIT": 2,
        "Net Income": -1
    },
    "2016-12-31": {
        "Diluted EPS": 1.03,
        "Total Revenue": 194,
        "Gross Profit": 75,
        "Operating Income": 22,
        "EBIT": 24,
        "Net Income": 15
    },
    "2016-09-30": {
        "Diluted EPS": 0.44,
        "Total Revenue": 170,
        "Gross Profit": 58,
        "Operating Income": 11,
        "EBIT": 16,
        "Net Income": 6
    },
    "2016-06-30": {
        "Diluted EPS": -0.08,
        "Total Revenue": 118,
        "Gross Profit": 43,
        "Operating Income": 0,
        "EBIT": 3,
        "Net Income": -1
    },
    "2016-03-31": {
        "Diluted EPS": -0.31,
        "Total Revenue": 111,
        "Gross Profit": 41,
        "Operating Income": -5,
        "EBIT": -2,
        "Net Income": -4
    },
    "2015-12-31": {
        "Diluted EPS": 0.77,
        "Total Revenue": 186,
        "Gross Profit": 69,
        "Operating Income": 18,
        "EBIT": 21,
        "Net Income": 11
    },
    "2015-09-30": {
        "Diluted EPS": 0.36,
        "Total Revenue": 163,
        "Gross Profit": 57,
        "Operating Income": 10,
        "EBIT": 13,
        "Net Income": 5
    },
    "2015-06-30": {
        "Diluted EPS": -0.12,
        "Total Revenue": 121,
        "Gross Profit": 44,
        "Operating Income": -1,
        "EBIT": 3,
        "Net Income": -2
    },
    "2015-03-31": {
        "Diluted EPS": -0.15,
        "Total Revenue": 118,
        "Gross Profit": 45,
        "Operating Income": -2,
        "EBIT": 2,
        "Net Income": -2
    },
    "2014-12-31": {
        "Diluted EPS": 0.69,
        "Total Revenue": 190,
        "Gross Profit": 70,
        "Operating Income": 18,
        "EBIT": 22,
        "Net Income": 9
    },
    "2014-09-30": {
        "Diluted EPS": -0.12,
        "Total Revenue": 162,
        "Gross Profit": 58,
        "Operating Income": 8,
        "EBIT": 12,
        "Net Income": -2
    },
    "2014-06-30": {
        "Diluted EPS": -0.24,
        "Total Revenue": 115,
        "Gross Profit": 41,
        "Operating Income": -3,
        "EBIT": 1,
        "Net Income": -3
    },
    "2014-03-31": {
        "Diluted EPS": -0.22,
        "Total Revenue": 118,
        "Gross Profit": 44,
        "Operating Income": -2,
        "EBIT": 2,
        "Net Income": -3
    },
    "2013-12-31": {
        "Diluted EPS": 0.72,
        "Total Revenue": 165,
        "Gross Profit": 63,
        "Operating Income": 17,
        "EBIT": 19,
        "Net Income": 9
    },
    "2013-09-30": {
        "Diluted EPS": 0.08,
        "Total Revenue": 142,
        "Gross Profit": 51,
        "Operating Income": 12,
        "EBIT": 14,
        "Net Income": 1
    },
    "2013-06-30": {
        "Diluted EPS": -0.04,
        "Total Revenue": 97,
        "Gross Profit": 36,
        "Operating Income": 0,
        "EBIT": 3,
        "Net Income": -1
    },
    "2013-03-31": {
        "Diluted EPS": -0.05,
        "Total Revenue": 99,
        "Gross Profit": 36,
        "Operating Income": 0,
        "EBIT": 3,
        "Net Income": -1
    },
    "2012-12-31": {
        "Diluted EPS": 1.19,
        "Total Revenue": 155,
        "Gross Profit": 56,
        "Operating Income": 15,
        "EBIT": 17,
        "Net Income": 15
    },
    "2012-09-30": {
        "Diluted EPS": 0.3,
        "Total Revenue": 128,
        "Gross Profit": 45,
        "Operating Income": 7,
        "EBIT": 11,
        "Net Income": 4
    },
    "2012-06-30": {
        "Diluted EPS": 0.04,
        "Total Revenue": 95,
        "Gross Profit": 35,
        "Operating Income": 2,
        "EBIT": 4,
        "Net Income": 1
    },
    "2012-03-31": {
        "Diluted EPS": 0.11,
        "Total Revenue": 109,
        "Gross Profit": 40,
        "Operating Income": 3,
        "EBIT": 5,
        "Net Income": 1
    },
    "2011-12-31": {
        "Diluted EPS": 0.43,
        "Total Revenue": 138,
        "Gross Profit": 51,
        "Operating Income": 10,
        "EBIT": 13,
        "Net Income": 5
    },
    "2011-09-30": {
        "Diluted EPS": 0.6,
        "Total Revenue": 125,
        "Gross Profit": 44,
        "Operating Income": 10,
        "EBIT": 12,
        "Net Income": 8
    },
    "2011-06-30": {
        "Diluted EPS": 0.17,
        "Total Revenue": 90,
        "Gross Profit": 34,
        "Operating Income": 4,
        "EBIT": 7,
        "Net Income": 2
    },
    "2011-03-31": {
        "Diluted EPS": -0.08,
        "Total Revenue": 92,
        "Gross Profit": 33,
        "Operating Income": 0,
        "EBIT": 2,
        "Net Income": -1
    },
    "2010-12-31": {
        "Diluted EPS": 1.14,
        "Total Revenue": 143,
        "Gross Profit": 55,
        "Operating Income": 15,
        "EBIT": 17,
        "Net Income": 14
    },
    "2010-09-30": {
        "Diluted EPS": 0.52,
        "Total Revenue": 125,
        "Gross Profit": 46,
        "Operating Income": 10,
        "EBIT": 13,
        "Net Income": 7
    },
    "2010-06-30": {
        "Diluted EPS": -0.08,
        "Total Revenue": 87,
        "Gross Profit": 34,
        "Operating Income": 3,
        "EBIT": 6,
        "Net Income": -1
    },
    "2010-03-31": {
        "Diluted EPS": 0.06,
        "Total Revenue": 89,
        "Gross Profit": 35,
        "Operating Income": 3,
        "EBIT": 6,
        "Net Income": 1
    },
    "2009-12-31": {
        "Diluted EPS": 0.42,
        "Total Revenue": 128,
        "Gross Profit": 51,
        "Operating Income": 12,
        "EBIT": 16,
        "Net Income": 5
    },
    "2009-09-30": {
        "Diluted EPS": 0.4,
        "Total Revenue": 111,
        "Gross Profit": 42,
        "Operating Income": 8,
        "EBIT": 12,
        "Net Income": 5
    },
    "2009-06-30": {
        "Diluted EPS": -0.1,
        "Total Revenue": 85,
        "Gross Profit": 32,
        "Operating Income": 1,
        "EBIT": 4,
        "Net Income": -1
    },
    "2009-03-31": {
        "Diluted EPS": -0.5,
        "Total Revenue": 90,
        "Gross Profit": 32,
        "Operating Income": -3,
        "EBIT": 1,
        "Net Income": -6
    },
    "2023-06-30": {
        "Tax Effect Of Unusual Items": 360570.0,
        "Tax Rate For Calcs": 0.21,
        "Normalized EBITDA": 9321000.0,
        "Total Unusual Items": 1717000.0,
        "Total Unusual Items Excluding Goodwill": 1717000.0,
        "Net Income From Continuing Operation Net Minority Interest": -6520000.0,
        "Reconciled Depreciation": 4925000.0,
        "Reconciled Cost Of Revenue": 90445000.0,
        "EBITDA": 11038000.0,
        "EBIT": 6113000.0,
        "Net Interest Income": -5528000.0,
        "Interest Expense": 5528000.0,
        "Normalized Income": -7876430.0,
        "Net Income From Continuing And Discontinued Operation": -6520000.0,
        "Total Expenses": 142040000.0,
        "Total Operating Income As Reported": 4396000.0,
        "Diluted Average Shares": 21123000.0,
        "Basic Average Shares": 21123000.0,
        "Diluted EPS": -0.31,
        "Basic EPS": -0.31,
        "Diluted NI Availto Com Stockholders": -6520000.0,
        "Net Income Common Stockholders": -6520000.0,
        "Net Income": -6520000.0,
        "Net Income Including Noncontrolling Interests": -6520000.0,
        "Net Income Continuous Operations": -6520000.0,
        "Earnings From Equity Interest Net Of Tax": -5863000.0,
        "Tax Provision": 1242000.0,
        "Pretax Income": 585000.0,
        "Other Income Expense": 1717000.0,
        "Other Non Operating Income Expenses": NaN,
        "Special Income Charges": 1520000.0,
        "Other Special Charges": -1520000.0,
        "Restructuring And Mergern Acquisition": 0.0,
        "Gain On Sale Of Security": 197000.0,
        "Net Non Operating Interest Income Expense": -5528000.0,
        "Interest Expense Non Operating": 5528000.0,
        "Operating Income": 4396000.0,
        "Operating Expense": 51595000.0,
        "Selling General And Administration": 51595000.0,
        "Selling And Marketing Expense": 15732000.0,
        "General And Administrative Expense": 35863000.0,
        "Other Gand A": 35863000.0,
        "Gross Profit": 55991000.0,
        "Cost Of Revenue": 90445000.0,
        "Total Revenue": 146436000.0,
        "Operating Revenue": 146436000.0
    },
    "2023-09-30": {
        "Tax Effect Of Unusual Items": -35770.0,
        "Tax Rate For Calcs": 0.365,
        "Normalized EBITDA": 18433000.0,
        "Total Unusual Items": -98000.0,
        "Total Unusual Items Excluding Goodwill": -98000.0,
        "Net Income From Continuing Operation Net Minority Interest": 4206000.0,
        "Reconciled Depreciation": 4821000.0,
        "Reconciled Cost Of Revenue": 120718000.0,
        "EBITDA": 18335000.0,
        "EBIT": 13514000.0,
        "Net Interest Income": -5246000.0,
        "Interest Expense": 5246000.0,
        "Normalized Income": 4268230.0,
        "Net Income From Continuing And Discontinued Operation": 4206000.0,
        "Total Expenses": 178057000.0,
        "Total Operating Income As Reported": 13612000.0,
        "Diluted Average Shares": 21293000.0,
        "Basic Average Shares": 21216000.0,
        "Diluted EPS": 0.2,
        "Basic EPS": 0.2,
        "Diluted NI Availto Com Stockholders": 4206000.0,
        "Net Income Common Stockholders": 4206000.0,
        "Net Income": 4206000.0,
        "Net Income Including Noncontrolling Interests": 4206000.0,
        "Net Income Continuous Operations": 4206000.0,
        "Earnings From Equity Interest Net Of Tax": -1047000.0,
        "Tax Provision": 3015000.0,
        "Pretax Income": 8268000.0,
        "Other Income Expense": -98000.0,
        "Other Non Operating Income Expenses": NaN,
        "Special Income Charges": 0.0,
        "Other Special Charges": NaN,
        "Restructuring And Mergern Acquisition": 0.0,
        "Gain On Sale Of Security": -98000.0,
        "Net Non Operating Interest Income Expense": -5246000.0,
        "Interest Expense Non Operating": 5246000.0,
        "Operating Income": 13612000.0,
        "Operating Expense": 57339000.0,
        "Selling General And Administration": 57339000.0,
        "Selling And Marketing Expense": 17125000.0,
        "General And Administrative Expense": 40214000.0,
        "Other Gand A": 40214000.0,
        "Gross Profit": 70951000.0,
        "Cost Of Revenue": 120718000.0,
        "Total Revenue": 191669000.0,
        "Operating Revenue": 191669000.0
    },
    "2023-12-31": {
        "Tax Effect Of Unusual Items": -413480.662369,
        "Tax Rate For Calcs": 0.368193,
        "Normalized EBITDA": 20694000.0,
        "Total Unusual Items": -1123000.0,
        "Total Unusual Items Excluding Goodwill": -1123000.0,
        "Net Income From Continuing Operation Net Minority Interest": 2707000.0,
        "Reconciled Depreciation": 4955000.0,
        "Reconciled Cost Of Revenue": 129288000.0,
        "EBITDA": 19571000.0,
        "EBIT": 14616000.0,
        "Net Interest Income": -5618000.0,
        "Interest Expense": 5618000.0,
        "Normalized Income": 3416519.337631,
        "Net Income From Continuing And Discontinued Operation": 2707000.0,
        "Total Expenses": 187404000.0,
        "Total Operating Income As Reported": 15739000.0,
        "Diluted Average Shares": NaN,
        "Basic Average Shares": NaN,
        "Diluted EPS": NaN,
        "Basic EPS": NaN,
        "Diluted NI Availto Com Stockholders": 2707000.0,
        "Net Income Common Stockholders": 2707000.0,
        "Net Income": 2707000.0,
        "Net Income Including Noncontrolling Interests": 2707000.0,
        "Net Income Continuous Operations": 2707000.0,
        "Earnings From Equity Interest Net Of Tax": -2978000.0,
        "Tax Provision": 3313000.0,
        "Pretax Income": 8998000.0,
        "Other Income Expense": -1123000.0,
        "Other Non Operating Income Expenses": NaN,
        "Special Income Charges": -759000.0,
        "Other Special Charges": 759000.0,
        "Restructuring And Mergern Acquisition": 0.0,
        "Gain On Sale Of Security": -364000.0,
        "Net Non Operating Interest Income Expense": -5618000.0,
        "Interest Expense Non Operating": 5618000.0,
        "Operating Income": 15739000.0,
        "Operating Expense": 58116000.0,
        "Selling General And Administration": 58116000.0,
        "Selling And Marketing Expense": 19452000.0,
        "General And Administrative Expense": 38664000.0,
        "Other Gand A": 38664000.0,
        "Gross Profit": 73855000.0,
        "Cost Of Revenue": 129288000.0,
        "Total Revenue": 203143000.0,
        "Operating Revenue": 203143000.0
    },
    "2024-03-31": {
        "Tax Effect Of Unusual Items": -69600.0,
        "Tax Rate For Calcs": 0.4,
        "Normalized EBITDA": 6769000.0,
        "Total Unusual Items": -174000.0,
        "Total Unusual Items Excluding Goodwill": -174000.0,
        "Net Income From Continuing Operation Net Minority Interest": -6260000.0,
        "Reconciled Depreciation": 4939000.0,
        "Reconciled Cost Of Revenue": 84695000.0,
        "EBITDA": 6595000.0,
        "EBIT": 1656000.0,
        "Net Interest Income": -5614000.0,
        "Interest Expense": 5614000.0,
        "Normalized Income": -6155600.0,
        "Net Income From Continuing And Discontinued Operation": -6260000.0,
        "Total Expenses": 140412000.0,
        "Total Operating Income As Reported": 1830000.0,
        "Diluted Average Shares": 21377000.0,
        "Basic Average Shares": 21377000.0,
        "Diluted EPS": -0.29,
        "Basic EPS": -0.29,
        "Diluted NI Availto Com Stockholders": -6260000.0,
        "Net Income Common Stockholders": -6260000.0,
        "Net Income": -6260000.0,
        "Net Income Including Noncontrolling Interests": -6260000.0,
        "Net Income Continuous Operations": -6260000.0,
        "Earnings From Equity Interest Net Of Tax": -2092000.0,
        "Tax Provision": 210000.0,
        "Pretax Income": -3958000.0,
        "Other Income Expense": -174000.0,
        "Other Non Operating Income Expenses": NaN,
        "Special Income Charges": 0.0,
        "Other Special Charges": NaN,
        "Restructuring And Mergern Acquisition": 0.0,
        "Gain On Sale Of Security": -174000.0,
        "Net Non Operating Interest Income Expense": -5614000.0,
        "Interest Expense Non Operating": 5614000.0,
        "Operating Income": 1830000.0,
        "Operating Expense": 55717000.0,
        "Selling General And Administration": 55717000.0,
        "Selling And Marketing Expense": 16181000.0,
        "General And Administrative Expense": 39536000.0,
        "Other Gand A": 39536000.0,
        "Gross Profit": 57547000.0,
        "Cost Of Revenue": 84695000.0,
        "Total Revenue": 142242000.0,
        "Operating Revenue": 142242000.0
    }
}