{
    "2023-03-31": {
        "Tax Effect Of Unusual Items": NaN,
        "Tax Rate For Calcs": NaN,
        "Total Unusual Items": NaN,
        "Total Unusual Items Excluding Goodwill": NaN,
        "Net Income From Continuing Operation Net Minority Interest": NaN,
        "Reconciled Depreciation": NaN,
        "Net Interest Income": NaN,
        "Interest Expense": NaN,
        "Interest Income": NaN,
        "Normalized Income": NaN,
        "Net Income From Continuing And Discontinued Operation": NaN,
        "Diluted Average Shares": NaN,
        "Basic Average Shares": NaN,
        "Diluted EPS": NaN,
        "Basic EPS": NaN,
        "Diluted NI Availto Com Stockholders": NaN,
        "Net Income Common Stockholders": NaN,
        "Net Income": NaN,
        "Minority Interests": NaN,
        "Net Income Including Noncontrolling Interests": NaN,
        "Net Income Continuous Operations": NaN,
        "Tax Provision": NaN,
        "Pretax Income": NaN,
        "Special Income Charges": NaN,
        "Other Special Charges": NaN,
        "Write Off": NaN,
        "Impairment Of Capital Assets": NaN,
        "Restructuring And Mergern Acquisition": 1746000.0,
        "Gain On Sale Of Security": NaN,
        "Depreciation Amortization Depletion Income Statement": NaN,
        "Depreciation And Amortization In Income Statement": NaN,
        "Selling General And Administration": NaN,
        "Selling And Marketing Expense": NaN,
        "General And Administrative Expense": NaN,
        "Other Gand A": NaN,
        "Salaries And Wages": NaN,
        "Total Revenue": NaN,
        "Operating Revenue": NaN,
        "Occupancy And Equipment": NaN,
        "Other Non Interest Expense": NaN
    },
    "2022-12-31": {
        "Tax Effect Of Unusual Items": NaN,
        "Tax Rate For Calcs": NaN,
        "Total Unusual Items": NaN,
        "Total Unusual Items Excluding Goodwill": NaN,
        "Net Income From Continuing Operation Net Minority Interest": NaN,
        "Reconciled Depreciation": NaN,
        "Net Interest Income": NaN,
        "Interest Expense": NaN,
        "Interest Income": NaN,
        "Normalized Income": NaN,
        "Net Income From Continuing And Discontinued Operation": NaN,
        "Diluted Average Shares": NaN,
        "Basic Average Shares": NaN,
        "Diluted EPS": NaN,
        "Basic EPS": NaN,
        "Diluted NI Availto Com Stockholders": NaN,
        "Net Income Common Stockholders": NaN,
        "Net Income": NaN,
        "Minority Interests": NaN,
        "Net Income Including Noncontrolling Interests": NaN,
        "Net Income Continuous Operations": NaN,
        "Tax Provision": NaN,
        "Pretax Income": NaN,
        "Special Income Charges": NaN,
        "Other Special Charges": NaN,
        "Write Off": NaN,
        "Impairment Of Capital Assets": 0.0,
        "Restructuring And Mergern Acquisition": NaN,
        "Gain On Sale Of Security": NaN,
        "Depreciation Amortization Depletion Income Statement": NaN,
        "Depreciation And Amortization In Income Statement": NaN,
        "Selling General And Administration": NaN,
        "Selling And Marketing Expense": NaN,
        "General And Administrative Expense": NaN,
        "Other Gand A": NaN,
        "Salaries And Wages": NaN,
        "Total Revenue": NaN,
        "Operating Revenue": NaN,
        "Occupancy And Equipment": NaN,
        "Other Non Interest Expense": NaN
    },
    "2022-09-30": {
        "Tax Effect Of Unusual Items": NaN,
        "Tax Rate For Calcs": NaN,
        "Total Unusual Items": NaN,
        "Total Unusual Items Excluding Goodwill": NaN,
        "Net Income From Continuing Operation Net Minority Interest": NaN,
        "Reconciled Depreciation": NaN,
        "Net Interest Income": NaN,
        "Interest Expense": NaN,
        "Interest Income": NaN,
        "Normalized Income": NaN,
        "Net Income From Continuing And Discontinued Operation": NaN,
        "Diluted Average Shares": NaN,
        "Basic Average Shares": NaN,
        "Diluted EPS": NaN,
        "Basic EPS": NaN,
        "Diluted NI Availto Com Stockholders": NaN,
        "Net Income Common Stockholders": NaN,
        "Net Income": NaN,
        "Minority Interests": NaN,
        "Net Income Including Noncontrolling Interests": NaN,
        "Net Income Continuous Operations": NaN,
        "Tax Provision": NaN,
        "Pretax Income": NaN,
        "Special Income Charges": NaN,
        "Other Special Charges": NaN,
        "Write Off": NaN,
        "Impairment Of Capital Assets": 0.0,
        "Restructuring And Mergern Acquisition": NaN,
        "Gain On Sale Of Security": NaN,
        "Depreciation Amortization Depletion Income Statement": NaN,
        "Depreciation And Amortization In Income Statement": NaN,
        "Selling General And Administration": NaN,
        "Selling And Marketing Expense": NaN,
        "General And Administrative Expense": NaN,
        "Other Gand A": NaN,
        "Salaries And Wages": NaN,
        "Total Revenue": NaN,
        "Operating Revenue": NaN
    },
    "2022-06-30": {
        "Tax Effect Of Unusual Items": -10591360.0,
        "Tax Rate For Calcs": 0.26,
        "Total Unusual Items": -40736000.0,
        "Total Unusual Items Excluding Goodwill": -40736000.0,
        "Net Income From Continuing Operation Net Minority Interest": -100928000.0,
        "Reconciled Depreciation": 11323000.0,
        "Net Interest Income": -10341000.0,
        "Interest Expense": 73063000.0,
        "Interest Income": 62722000.0,
        "Normalized Income": -70783360.0,
        "Net Income From Continuing And Discontinued Operation": -100928000.0,
        "Diluted Average Shares": 153822380.0,
        "Basic Average Shares": 153822380.0,
        "Diluted EPS": -0.66,
        "Basic EPS": -0.66,
        "Diluted NI Availto Com Stockholders": -100928000.0,
        "Net Income Common Stockholders": -100928000.0,
        "Net Income": -100928000.0,
        "Minority Interests": 122894000.0,
        "Net Income Including Noncontrolling Interests": -223822000.0,
        "Net Income Continuous Operations": -223822000.0,
        "Tax Provision": -28196000.0,
        "Pretax Income": -252018000.0,
        "Special Income Charges": -40736000.0,
        "Other Special Charges": NaN,
        "Write Off": NaN,
        "Impairment Of Capital Assets": 40736000.0,
        "Gain On Sale Of Security": 413907000.0,
        "Depreciation Amortization Depletion Income Statement": 11323000.0,
        "Depreciation And Amortization In Income Statement": 11323000.0,
        "Selling General And Administration": 421333000.0,
        "Selling And Marketing Expense": 60837000.0,
        "General And Administrative Expense": 360496000.0,
        "Other Gand A": 63927000.0,
        "Salaries And Wages": 296569000.0,
        "Total Revenue": 241503000.0,
        "Operating Revenue": 241503000.0
    },
    "2022-03-31": {
        "Diluted EPS": -0.25,
        "Total Revenue": 503,
        "Gross Profit": 419,
        "Operating Income": -89,
        "EBIT": -68,
        "Net Income": -35
    },
    "2021-12-31": {
        "Diluted EPS": 0.04,
        "Total Revenue": 705,
        "Gross Profit": 626,
        "Operating Income": 33,
        "EBIT": 52,
        "Net Income": 9
    },
    "2021-09-30": {
        "Diluted EPS": 0.4,
        "Total Revenue": 924,
        "Gross Profit": 842,
        "Operating Income": 202,
        "EBIT": 218,
        "Net Income": 51
    },
    "2021-06-30": {
        "Diluted EPS": 0.07,
        "Total Revenue": 780,
        "Gross Profit": 693,
        "Operating Income": 52,
        "EBIT": 70,
        "Net Income": 9
    },
    "2021-03-31": {
        "Diluted EPS": 0.36,
        "Total Revenue": NaN,
        "Gross Profit": NaN,
        "Operating Income": 459,
        "EBIT": 476,
        "Net Income": 45
    },
    "2020-12-31": {
        "Diluted EPS": 0.0,
        "Total Revenue": NaN,
        "Gross Profit": NaN,
        "Operating Income": 564,
        "EBIT": 581,
        "Net Income": 547
    },
    "2020-09-30": {
        "Diluted EPS": 0.0,
        "Total Revenue": NaN,
        "Gross Profit": NaN,
        "Operating Income": 739,
        "EBIT": 757,
        "Net Income": NaN
    },
    "2020-06-30": {
        "Diluted EPS": 0.0,
        "Total Revenue": NaN,
        "Gross Profit": NaN,
        "Operating Income": 660,
        "EBIT": 677,
        "Net Income": NaN
    },
    "2020-03-31": {
        "Diluted EPS": 0.0,
        "Total Revenue": 486,
        "Gross Profit": 436,
        "Operating Income": 100,
        "EBIT": 117,
        "Net Income": 0
    },
    "2019-12-31": {
        "Diluted EPS": 0.0,
        "Total Revenue": NaN,
        "Gross Profit": NaN,
        "Operating Income": NaN,
        "EBIT": NaN,
        "Net Income": NaN
    },
    "2018-12-31": {
        "Diluted EPS": 0.0,
        "Total Revenue": NaN,
        "Gross Profit": NaN,
        "Operating Income": NaN,
        "EBIT": NaN,
        "Net Income": NaN
    },
    "2023-06-30": {
        "Tax Effect Of Unusual Items": NaN,
        "Tax Rate For Calcs": NaN,
        "Total Unusual Items": NaN,
        "Total Unusual Items Excluding Goodwill": NaN,
        "Net Income From Continuing Operation Net Minority Interest": NaN,
        "Reconciled Depreciation": NaN,
        "Net Interest Income": NaN,
        "Interest Expense": NaN,
        "Interest Income": NaN,
        "Normalized Income": NaN,
        "Net Income From Continuing And Discontinued Operation": NaN,
        "Diluted Average Shares": NaN,
        "Basic Average Shares": NaN,
        "Diluted EPS": NaN,
        "Basic EPS": NaN,
        "Diluted NI Availto Com Stockholders": NaN,
        "Net Income Common Stockholders": NaN,
        "Net Income": NaN,
        "Minority Interests": NaN,
        "Net Income Including Noncontrolling Interests": NaN,
        "Net Income Continuous Operations": NaN,
        "Tax Provision": NaN,
        "Pretax Income": NaN,
        "Special Income Charges": NaN,
        "Other Special Charges": NaN,
        "Write Off": NaN,
        "Impairment Of Capital Assets": 0.0,
        "Restructuring And Mergern Acquisition": 4544000.0,
        "Gain On Sale Of Security": NaN,
        "Depreciation Amortization Depletion Income Statement": NaN,
        "Depreciation And Amortization In Income Statement": NaN,
        "Selling General And Administration": NaN,
        "Selling And Marketing Expense": NaN,
        "General And Administrative Expense": NaN,
        "Other Gand A": NaN,
        "Salaries And Wages": NaN,
        "Total Revenue": NaN,
        "Operating Revenue": NaN,
        "Occupancy And Equipment": NaN,
        "Other Non Interest Expense": NaN
    },
    "2023-09-30": {
        "Tax Effect Of Unusual Items": -158545.4,
        "Tax Rate For Calcs": 0.2743,
        "Total Unusual Items": -578000.0,
        "Total Unusual Items Excluding Goodwill": -578000.0,
        "Net Income From Continuing Operation Net Minority Interest": -16599000.0,
        "Reconciled Depreciation": 13933000.0,
        "Net Interest Income": -42021000.0,
        "Interest Expense": 79274000.0,
        "Interest Income": 37253000.0,
        "Normalized Income": -16179545.4,
        "Net Income From Continuing And Discontinued Operation": -16599000.0,
        "Diluted Average Shares": 175962804.0,
        "Basic Average Shares": 175962804.0,
        "Diluted EPS": -0.09,
        "Basic EPS": -0.09,
        "Diluted NI Availto Com Stockholders": -16599000.0,
        "Net Income Common Stockholders": -16599000.0,
        "Net Income": -16599000.0,
        "Minority Interests": 17663000.0,
        "Net Income Including Noncontrolling Interests": -34262000.0,
        "Net Income Continuous Operations": -34262000.0,
        "Tax Provision": -5205000.0,
        "Pretax Income": -39467000.0,
        "Special Income Charges": -578000.0,
        "Other Special Charges": 93000.0,
        "Write Off": 129000.0,
        "Impairment Of Capital Assets": 0.0,
        "Restructuring And Mergern Acquisition": 2007000.0,
        "Gain On Sale Of Security": 47784000.0,
        "Depreciation Amortization Depletion Income Statement": 10592000.0,
        "Depreciation And Amortization In Income Statement": 10592000.0,
        "Selling General And Administration": 221848000.0,
        "Selling And Marketing Expense": 33894000.0,
        "General And Administrative Expense": 187954000.0,
        "Other Gand A": 46522000.0,
        "Salaries And Wages": 141432000.0,
        "Total Revenue": 203559000.0,
        "Operating Revenue": 203559000.0,
        "Occupancy And Equipment": 5903000.0,
        "Other Non Interest Expense": 6303000.0
    },
    "2023-12-31": {
        "Tax Effect Of Unusual Items": -2413546.028698,
        "Tax Rate For Calcs": 0.191688,
        "Total Unusual Items": -12591000.0,
        "Total Unusual Items Excluding Goodwill": -12591000.0,
        "Net Income From Continuing Operation Net Minority Interest": -27192000.0,
        "Reconciled Depreciation": 13955000.0,
        "Net Interest Income": -49025000.0,
        "Interest Expense": 84017000.0,
        "Interest Income": 34992000.0,
        "Normalized Income": -17014546.028698,
        "Net Income From Continuing And Discontinued Operation": -27192000.0,
        "Diluted Average Shares": 326288272.0,
        "Basic Average Shares": 178888225.0,
        "Diluted EPS": -0.16,
        "Basic EPS": -0.15,
        "Diluted NI Availto Com Stockholders": -27192000.0,
        "Net Income Common Stockholders": -27192000.0,
        "Net Income": -27192000.0,
        "Minority Interests": 32577000.0,
        "Net Income Including Noncontrolling Interests": -59769000.0,
        "Net Income Continuous Operations": -59769000.0,
        "Tax Provision": -14174000.0,
        "Pretax Income": -73943000.0,
        "Special Income Charges": -12591000.0,
        "Other Special Charges": 325000.0,
        "Write Off": 455000.0,
        "Impairment Of Capital Assets": 0.0,
        "Restructuring And Mergern Acquisition": NaN,
        "Gain On Sale Of Security": -71815000.0,
        "Depreciation Amortization Depletion Income Statement": 9922000.0,
        "Depreciation And Amortization In Income Statement": 9922000.0,
        "Selling General And Administration": 216371000.0,
        "Selling And Marketing Expense": 28360000.0,
        "General And Administrative Expense": 188011000.0,
        "Other Gand A": 55259000.0,
        "Salaries And Wages": 132752000.0,
        "Total Revenue": 164581000.0,
        "Operating Revenue": 164581000.0,
        "Occupancy And Equipment": 5433000.0,
        "Other Non Interest Expense": -4020000.0
    },
    "2024-03-31": {
        "Tax Effect Of Unusual Items": -4888249.6,
        "Tax Rate For Calcs": 0.2624,
        "Total Unusual Items": -18629000.0,
        "Total Unusual Items Excluding Goodwill": -18629000.0,
        "Net Income From Continuing Operation Net Minority Interest": -34255000.0,
        "Reconciled Depreciation": 11732000.0,
        "Net Interest Income": -47288000.0,
        "Interest Expense": 78213000.0,
        "Interest Income": 30925000.0,
        "Normalized Income": -20514249.6,
        "Net Income From Continuing And Discontinued Operation": -34255000.0,
        "Diluted Average Shares": 324679090.0,
        "Basic Average Shares": 181407353.0,
        "Diluted EPS": -0.19,
        "Basic EPS": -0.19,
        "Diluted NI Availto Com Stockholders": -34255000.0,
        "Net Income Common Stockholders": -34255000.0,
        "Net Income": -34255000.0,
        "Minority Interests": 37250000.0,
        "Net Income Including Noncontrolling Interests": -71505000.0,
        "Net Income Continuous Operations": -71505000.0,
        "Tax Provision": -13660000.0,
        "Pretax Income": -85165000.0,
        "Special Income Charges": -18629000.0,
        "Other Special Charges": 14669000.0,
        "Write Off": -1000.0,
        "Impairment Of Capital Assets": NaN,
        "Restructuring And Mergern Acquisition": 3961000.0,
        "Gain On Sale Of Security": 2971000.0,
        "Depreciation Amortization Depletion Income Statement": 9443000.0,
        "Depreciation And Amortization In Income Statement": 9443000.0,
        "Selling General And Administration": 220418000.0,
        "Selling And Marketing Expense": 28354000.0,
        "General And Administrative Expense": 192064000.0,
        "Other Gand A": 57746000.0,
        "Salaries And Wages": 134318000.0,
        "Total Revenue": 158615000.0,
        "Operating Revenue": 158615000.0,
        "Occupancy And Equipment": 5110000.0,
        "Other Non Interest Expense": -10398000.0
    },
    "2024-06-30": {
        "Tax Effect Of Unusual Items": -9704663.4,
        "Tax Rate For Calcs": 0.2627,
        "Total Unusual Items": -36942000.0,
        "Total Unusual Items Excluding Goodwill": -36942000.0,
        "Net Income From Continuing Operation Net Minority Interest": -32211000.0,
        "Reconciled Depreciation": 11712000.0,
        "Net Interest Income": -53631000.0,
        "Interest Expense": 88683000.0,
        "Interest Income": 35052000.0,
        "Normalized Income": -4973663.4,
        "Net Income From Continuing And Discontinued Operation": -32211000.0,
        "Diluted Average Shares": 182324046.0,
        "Basic Average Shares": 182324046.0,
        "Diluted EPS": -0.18,
        "Basic EPS": -0.18,
        "Diluted NI Availto Com Stockholders": -32211000.0,
        "Net Income Common Stockholders": -32211000.0,
        "Net Income": -32211000.0,
        "Minority Interests": 33642000.0,
        "Net Income Including Noncontrolling Interests": -65853000.0,
        "Net Income Continuous Operations": -65853000.0,
        "Tax Provision": -11304000.0,
        "Pretax Income": -77157000.0,
        "Special Income Charges": -36942000.0,
        "Other Special Charges": 26942000.0,
        "Write Off": 1193000.0,
        "Impairment Of Capital Assets": NaN,
        "Restructuring And Mergern Acquisition": 3127000.0,
        "Gain On Sale Of Security": 18267000.0,
        "Depreciation Amortization Depletion Income Statement": 8955000.0,
        "Depreciation And Amortization In Income Statement": 8955000.0,
        "Selling General And Administration": 245371000.0,
        "Selling And Marketing Expense": 31175000.0,
        "General And Administrative Expense": 214196000.0,
        "Other Gand A": 73160000.0,
        "Salaries And Wages": 141036000.0,
        "Total Revenue": 181088000.0,
        "Operating Revenue": 181088000.0,
        "Occupancy And Equipment": 5204000.0,
        "Other Non Interest Expense": -28475000.0
    },
    "2024-09-30": {
        "Tax Effect Of Unusual Items": 4255201.4,
        "Tax Rate For Calcs": 0.2501,
        "Total Unusual Items": 17014000.0,
        "Total Unusual Items Excluding Goodwill": 17014000.0,
        "Net Income From Continuing Operation Net Minority Interest": 1369000.0,
        "Reconciled Depreciation": 12046000.0,
        "Net Interest Income": -45944000.0,
        "Interest Expense": 84617000.0,
        "Interest Income": 38673000.0,
        "Normalized Income": -11389798.6,
        "Net Income From Continuing And Discontinued Operation": 1369000.0,
        "Diluted Average Shares": 332532984.0,
        "Basic Average Shares": 185385271.0,
        "Diluted EPS": 0.01,
        "Basic EPS": 0.01,
        "Diluted NI Availto Com Stockholders": 1369000.0,
        "Net Income Common Stockholders": 1369000.0,
        "Net Income": 1369000.0,
        "Minority Interests": -1303000.0,
        "Net Income Including Noncontrolling Interests": 2672000.0,
        "Net Income Continuous Operations": 2672000.0,
        "Tax Provision": 923000.0,
        "Pretax Income": 3595000.0,
        "Special Income Charges": 17014000.0,
        "Other Special Charges": -18877000.0,
        "Write Off": 10000.0,
        "Impairment Of Capital Assets": NaN,
        "Restructuring And Mergern Acquisition": 1853000.0,
        "Gain On Sale Of Security": -34316000.0,
        "Depreciation Amortization Depletion Income Statement": 8931000.0,
        "Depreciation And Amortization In Income Statement": 8931000.0,
        "Selling General And Administration": 220596000.0,
        "Selling And Marketing Expense": 36282000.0,
        "General And Administrative Expense": 184314000.0,
        "Other Gand A": 22984000.0,
        "Salaries And Wages": 161330000.0,
        "Total Revenue": 224362000.0,
        "Operating Revenue": 224362000.0,
        "Occupancy And Equipment": 4800000.0,
        "Other Non Interest Expense": 6561000.0
    }
}