{
    "2023-06-30": {
        "Tax Effect Of Unusual Items": NaN,
        "Tax Rate For Calcs": NaN,
        "Normalized EBITDA": NaN,
        "Total Unusual Items": NaN,
        "Total Unusual Items Excluding Goodwill": NaN,
        "Net Income From Continuing Operation Net Minority Interest": NaN,
        "Reconciled Depreciation": NaN,
        "Reconciled Cost Of Revenue": NaN,
        "EBITDA": NaN,
        "EBIT": NaN,
        "Net Interest Income": NaN,
        "Interest Expense": NaN,
        "Normalized Income": NaN,
        "Net Income From Continuing And Discontinued Operation": NaN,
        "Total Expenses": NaN,
        "Total Operating Income As Reported": NaN,
        "Diluted Average Shares": NaN,
        "Basic Average Shares": NaN,
        "Diluted EPS": NaN,
        "Basic EPS": NaN,
        "Diluted NI Availto Com Stockholders": NaN,
        "Net Income Common Stockholders": NaN,
        "Net Income": NaN,
        "Minority Interests": NaN,
        "Net Income Including Noncontrolling Interests": NaN,
        "Net Income Continuous Operations": NaN,
        "Tax Provision": NaN,
        "Pretax Income": NaN,
        "Other Income Expense": NaN,
        "Other Non Operating Income Expenses": NaN,
        "Special Income Charges": NaN,
        "Restructuring And Mergern Acquisition": NaN,
        "Earnings From Equity Interest": 106000.0,
        "Net Non Operating Interest Income Expense": NaN,
        "Interest Expense Non Operating": NaN,
        "Operating Income": NaN,
        "Operating Expense": NaN,
        "Selling General And Administration": NaN,
        "Gross Profit": NaN,
        "Cost Of Revenue": NaN,
        "Total Revenue": NaN,
        "Operating Revenue": NaN
    },
    "2023-03-31": {
        "Tax Effect Of Unusual Items": NaN,
        "Tax Rate For Calcs": NaN,
        "Normalized EBITDA": NaN,
        "Total Unusual Items": NaN,
        "Total Unusual Items Excluding Goodwill": NaN,
        "Net Income From Continuing Operation Net Minority Interest": NaN,
        "Reconciled Depreciation": NaN,
        "Reconciled Cost Of Revenue": NaN,
        "EBITDA": NaN,
        "EBIT": NaN,
        "Net Interest Income": NaN,
        "Interest Expense": NaN,
        "Normalized Income": NaN,
        "Net Income From Continuing And Discontinued Operation": NaN,
        "Total Expenses": NaN,
        "Total Operating Income As Reported": NaN,
        "Diluted Average Shares": NaN,
        "Basic Average Shares": NaN,
        "Diluted EPS": NaN,
        "Basic EPS": NaN,
        "Diluted NI Availto Com Stockholders": NaN,
        "Net Income Common Stockholders": NaN,
        "Net Income": NaN,
        "Minority Interests": -28000.0,
        "Net Income Including Noncontrolling Interests": NaN,
        "Net Income Continuous Operations": NaN,
        "Tax Provision": NaN,
        "Pretax Income": NaN,
        "Other Income Expense": NaN,
        "Other Non Operating Income Expenses": NaN,
        "Special Income Charges": NaN,
        "Restructuring And Mergern Acquisition": NaN,
        "Earnings From Equity Interest": 188000.0,
        "Net Non Operating Interest Income Expense": NaN,
        "Interest Expense Non Operating": NaN,
        "Operating Income": NaN,
        "Operating Expense": NaN,
        "Selling General And Administration": NaN,
        "Gross Profit": NaN,
        "Cost Of Revenue": NaN,
        "Total Revenue": NaN,
        "Operating Revenue": NaN
    },
    "2022-12-31": {
        "Tax Effect Of Unusual Items": NaN,
        "Tax Rate For Calcs": NaN,
        "Normalized EBITDA": NaN,
        "Total Unusual Items": NaN,
        "Total Unusual Items Excluding Goodwill": NaN,
        "Net Income From Continuing Operation Net Minority Interest": NaN,
        "Reconciled Depreciation": NaN,
        "Reconciled Cost Of Revenue": NaN,
        "EBITDA": NaN,
        "EBIT": NaN,
        "Net Interest Income": NaN,
        "Interest Expense": NaN,
        "Normalized Income": NaN,
        "Net Income From Continuing And Discontinued Operation": NaN,
        "Total Expenses": NaN,
        "Total Operating Income As Reported": NaN,
        "Diluted Average Shares": NaN,
        "Basic Average Shares": NaN,
        "Diluted EPS": NaN,
        "Basic EPS": NaN,
        "Diluted NI Availto Com Stockholders": NaN,
        "Net Income Common Stockholders": NaN,
        "Net Income": NaN,
        "Minority Interests": 0.0,
        "Net Income Including Noncontrolling Interests": NaN,
        "Net Income Continuous Operations": NaN,
        "Tax Provision": NaN,
        "Pretax Income": NaN,
        "Other Income Expense": NaN,
        "Other Non Operating Income Expenses": NaN,
        "Special Income Charges": NaN,
        "Restructuring And Mergern Acquisition": NaN,
        "Earnings From Equity Interest": 101000.0,
        "Net Non Operating Interest Income Expense": NaN,
        "Interest Expense Non Operating": NaN,
        "Operating Income": NaN,
        "Operating Expense": NaN,
        "Selling General And Administration": NaN,
        "Gross Profit": NaN,
        "Cost Of Revenue": NaN,
        "Total Revenue": NaN,
        "Operating Revenue": NaN
    },
    "2022-09-30": {
        "Tax Effect Of Unusual Items": NaN,
        "Tax Rate For Calcs": NaN,
        "Normalized EBITDA": NaN,
        "Total Unusual Items": NaN,
        "Total Unusual Items Excluding Goodwill": NaN,
        "Net Income From Continuing Operation Net Minority Interest": NaN,
        "Reconciled Depreciation": NaN,
        "Reconciled Cost Of Revenue": NaN,
        "EBITDA": NaN,
        "EBIT": NaN,
        "Net Interest Income": NaN,
        "Interest Expense": NaN,
        "Normalized Income": NaN,
        "Net Income From Continuing And Discontinued Operation": NaN,
        "Total Expenses": NaN,
        "Total Operating Income As Reported": NaN,
        "Diluted Average Shares": NaN,
        "Basic Average Shares": NaN,
        "Diluted EPS": NaN,
        "Basic EPS": NaN,
        "Diluted NI Availto Com Stockholders": NaN,
        "Net Income Common Stockholders": NaN,
        "Net Income": NaN,
        "Minority Interests": 0.0,
        "Net Income Including Noncontrolling Interests": NaN,
        "Net Income Continuous Operations": NaN,
        "Tax Provision": NaN,
        "Pretax Income": NaN,
        "Other Income Expense": NaN,
        "Other Non Operating Income Expenses": NaN,
        "Special Income Charges": NaN,
        "Restructuring And Mergern Acquisition": NaN,
        "Earnings From Equity Interest": NaN,
        "Net Non Operating Interest Income Expense": NaN,
        "Interest Expense Non Operating": NaN,
        "Operating Income": NaN,
        "Operating Expense": NaN,
        "Selling General And Administration": NaN,
        "Gross Profit": NaN,
        "Cost Of Revenue": NaN,
        "Total Revenue": NaN,
        "Operating Revenue": NaN
    },
    "2022-06-30": {
        "Tax Effect Of Unusual Items": 169644.0,
        "Tax Rate For Calcs": 0.201,
        "Normalized EBITDA": 185423000.0,
        "Total Unusual Items": 844000.0,
        "Total Unusual Items Excluding Goodwill": 844000.0,
        "Net Income From Continuing Operation Net Minority Interest": 127823000.0,
        "Reconciled Depreciation": 19868000.0,
        "Reconciled Cost Of Revenue": 636108000.0,
        "EBITDA": 186267000.0,
        "EBIT": 166399000.0,
        "Net Interest Income": -6459000.0,
        "Interest Expense": 6459000.0,
        "Normalized Income": 127148644.0,
        "Net Income From Continuing And Discontinued Operation": 127823000.0,
        "Total Expenses": 802900000.0,
        "Total Operating Income As Reported": 167533000.0,
        "Diluted Average Shares": 58688000.0,
        "Basic Average Shares": 58016000.0,
        "Diluted EPS": 2.18,
        "Basic EPS": 2.2,
        "Diluted NI Availto Com Stockholders": 127823000.0,
        "Net Income Common Stockholders": 127823000.0,
        "Net Income": 127823000.0,
        "Minority Interests": 1000.0,
        "Net Income Including Noncontrolling Interests": 127822000.0,
        "Net Income Continuous Operations": 127822000.0,
        "Tax Provision": 32118000.0,
        "Pretax Income": 159940000.0,
        "Other Income Expense": -290000.0,
        "Other Non Operating Income Expenses": -1201000.0,
        "Special Income Charges": 844000.0,
        "Restructuring And Mergern Acquisition": -844000.0,
        "Earnings From Equity Interest": 67000.0,
        "Net Non Operating Interest Income Expense": -6459000.0,
        "Interest Expense Non Operating": 6459000.0,
        "Operating Income": 166689000.0,
        "Operating Expense": 166792000.0,
        "Selling General And Administration": 166792000.0,
        "Gross Profit": 333481000.0,
        "Cost Of Revenue": 636108000.0,
        "Total Revenue": 969589000.0,
        "Operating Revenue": 969589000.0
    },
    "2022-03-31": {
        "Diluted EPS": 2.13,
        "Total Revenue": 925,
        "Gross Profit": 330,
        "Operating Income": 161,
        "EBIT": 181,
        "Net Income": 126
    },
    "2021-12-31": {
        "Diluted EPS": 1.24,
        "Total Revenue": 844,
        "Gross Profit": 273,
        "Operating Income": 120,
        "EBIT": 141,
        "Net Income": 74
    },
    "2021-09-30": {
        "Diluted EPS": 0.53,
        "Total Revenue": 806,
        "Gross Profit": 268,
        "Operating Income": 116,
        "EBIT": 138,
        "Net Income": 32
    },
    "2021-06-30": {
        "Diluted EPS": 1.6,
        "Total Revenue": 826,
        "Gross Profit": 274,
        "Operating Income": 122,
        "EBIT": 141,
        "Net Income": 96
    },
    "2021-03-31": {
        "Diluted EPS": 1.23,
        "Total Revenue": 757,
        "Gross Profit": 254,
        "Operating Income": 104,
        "EBIT": 123,
        "Net Income": 74
    },
    "2020-12-31": {
        "Diluted EPS": 1.09,
        "Total Revenue": 694,
        "Gross Profit": 229,
        "Operating Income": 83,
        "EBIT": 103,
        "Net Income": 65
    },
    "2020-09-30": {
        "Diluted EPS": 0.97,
        "Total Revenue": 669,
        "Gross Profit": 215,
        "Operating Income": 78,
        "EBIT": 97,
        "Net Income": 58
    },
    "2020-06-30": {
        "Diluted EPS": 0.45,
        "Total Revenue": 591,
        "Gross Profit": 189,
        "Operating Income": 40,
        "EBIT": 60,
        "Net Income": 27
    },
    "2020-03-31": {
        "Diluted EPS": 0.91,
        "Total Revenue": 702,
        "Gross Profit": 237,
        "Operating Income": 81,
        "EBIT": 102,
        "Net Income": 56
    },
    "2019-12-31": {
        "Diluted EPS": 1.03,
        "Total Revenue": 736,
        "Gross Profit": 241,
        "Operating Income": 83,
        "EBIT": 104,
        "Net Income": 64
    },
    "2019-09-30": {
        "Diluted EPS": 1.17,
        "Total Revenue": 731,
        "Gross Profit": 238,
        "Operating Income": 89,
        "EBIT": 110,
        "Net Income": 72
    },
    "2019-06-30": {
        "Diluted EPS": 1.36,
        "Total Revenue": 777,
        "Gross Profit": 270,
        "Operating Income": 105,
        "EBIT": 126,
        "Net Income": 85
    },
    "2019-03-31": {
        "Diluted EPS": 1.12,
        "Total Revenue": 759,
        "Gross Profit": 258,
        "Operating Income": 94,
        "EBIT": 113,
        "Net Income": 71
    },
    "2018-12-31": {
        "Diluted EPS": 1.34,
        "Total Revenue": 744,
        "Gross Profit": 250,
        "Operating Income": 95,
        "EBIT": 113,
        "Net Income": 87
    },
    "2018-09-30": {
        "Diluted EPS": 1.07,
        "Total Revenue": 737,
        "Gross Profit": 252,
        "Operating Income": 101,
        "EBIT": 118,
        "Net Income": 71
    },
    "2018-06-30": {
        "Diluted EPS": 1.04,
        "Total Revenue": 790,
        "Gross Profit": 270,
        "Operating Income": 95,
        "EBIT": 113,
        "Net Income": 69
    },
    "2018-03-31": {
        "Diluted EPS": 0.92,
        "Total Revenue": 758,
        "Gross Profit": 257,
        "Operating Income": 85,
        "EBIT": 103,
        "Net Income": 61
    },
    "2017-12-31": {
        "Diluted EPS": 0.36,
        "Total Revenue": 747,
        "Gross Profit": 238,
        "Operating Income": 76,
        "EBIT": 94,
        "Net Income": 24
    },
    "2017-09-30": {
        "Diluted EPS": 1.59,
        "Total Revenue": 669,
        "Gross Profit": 218,
        "Operating Income": 136,
        "EBIT": 154,
        "Net Income": 106
    },
    "2017-06-30": {
        "Diluted EPS": 0.92,
        "Total Revenue": 627,
        "Gross Profit": 216,
        "Operating Income": 86,
        "EBIT": 101,
        "Net Income": 61
    },
    "2017-03-31": {
        "Diluted EPS": 0.84,
        "Total Revenue": 581,
        "Gross Profit": 203,
        "Operating Income": 79,
        "EBIT": 96,
        "Net Income": 56
    },
    "2016-12-31": {
        "Diluted EPS": 0.81,
        "Total Revenue": 564,
        "Gross Profit": 195,
        "Operating Income": 78,
        "EBIT": 95,
        "Net Income": 53
    },
    "2016-09-30": {
        "Diluted EPS": 0.89,
        "Total Revenue": 568,
        "Gross Profit": 200,
        "Operating Income": 82,
        "EBIT": 98,
        "Net Income": 60
    },
    "2016-06-30": {
        "Diluted EPS": 0.45,
        "Total Revenue": 592,
        "Gross Profit": 203,
        "Operating Income": 48,
        "EBIT": 65,
        "Net Income": 31
    },
    "2016-03-31": {
        "Diluted EPS": 0.76,
        "Total Revenue": 551,
        "Gross Profit": 189,
        "Operating Income": 75,
        "EBIT": 91,
        "Net Income": 54
    },
    "2015-12-31": {
        "Diluted EPS": 0.69,
        "Total Revenue": 568,
        "Gross Profit": 196,
        "Operating Income": 78,
        "EBIT": 95,
        "Net Income": 49
    },
    "2015-09-30": {
        "Diluted EPS": -0.82,
        "Total Revenue": 645,
        "Gross Profit": 199,
        "Operating Income": -84,
        "EBIT": -68,
        "Net Income": -60
    },
    "2015-06-30": {
        "Diluted EPS": 0.94,
        "Total Revenue": 665,
        "Gross Profit": 226,
        "Operating Income": 97,
        "EBIT": 112,
        "Net Income": 71
    },
    "2015-03-31": {
        "Diluted EPS": 0.89,
        "Total Revenue": 658,
        "Gross Profit": 220,
        "Operating Income": 90,
        "EBIT": 107,
        "Net Income": 68
    },
    "2014-12-31": {
        "Diluted EPS": 0.96,
        "Total Revenue": 684,
        "Gross Profit": 231,
        "Operating Income": 105,
        "EBIT": 122,
        "Net Income": 75
    },
    "2014-09-30": {
        "Diluted EPS": 0.57,
        "Total Revenue": 716,
        "Gross Profit": 242,
        "Operating Income": 76,
        "EBIT": 93,
        "Net Income": 46
    },
    "2014-06-30": {
        "Diluted EPS": 0.96,
        "Total Revenue": 729,
        "Gross Profit": 250,
        "Operating Income": 112,
        "EBIT": 130,
        "Net Income": 77
    },
    "2014-03-31": {
        "Diluted EPS": 0.69,
        "Total Revenue": 685,
        "Gross Profit": 226,
        "Operating Income": 80,
        "EBIT": 98,
        "Net Income": 56
    },
    "2013-12-31": {
        "Diluted EPS": 1.07,
        "Total Revenue": 715,
        "Gross Profit": 243,
        "Operating Income": 119,
        "EBIT": 136,
        "Net Income": 88
    },
    "2013-09-30": {
        "Diluted EPS": 0.8,
        "Total Revenue": 692,
        "Gross Profit": 233,
        "Operating Income": 95,
        "EBIT": 113,
        "Net Income": 66
    },
    "2013-06-30": {
        "Diluted EPS": 0.87,
        "Total Revenue": 727,
        "Gross Profit": 240,
        "Operating Income": 104,
        "EBIT": 121,
        "Net Income": 73
    },
    "2013-03-31": {
        "Diluted EPS": 0.8,
        "Total Revenue": 719,
        "Gross Profit": 227,
        "Operating Income": 89,
        "EBIT": 106,
        "Net Income": 67
    },
    "2012-12-31": {
        "Diluted EPS": 0.74,
        "Total Revenue": 685,
        "Gross Profit": 213,
        "Operating Income": 86,
        "EBIT": 103,
        "Net Income": 62
    },
    "2012-09-30": {
        "Diluted EPS": 0.77,
        "Total Revenue": 698,
        "Gross Profit": 213,
        "Operating Income": 89,
        "EBIT": 106,
        "Net Income": 65
    },
    "2012-06-30": {
        "Diluted EPS": 0.79,
        "Total Revenue": 744,
        "Gross Profit": 225,
        "Operating Income": 96,
        "EBIT": 112,
        "Net Income": 66
    },
    "2012-03-31": {
        "Diluted EPS": 0.76,
        "Total Revenue": 727,
        "Gross Profit": 215,
        "Operating Income": 92,
        "EBIT": 107,
        "Net Income": 64
    },
    "2011-12-31": {
        "Diluted EPS": 0.67,
        "Total Revenue": 695,
        "Gross Profit": 194,
        "Operating Income": 82,
        "EBIT": 82,
        "Net Income": 58
    },
    "2011-09-30": {
        "Diluted EPS": 0.66,
        "Total Revenue": 702,
        "Gross Profit": 185,
        "Operating Income": 75,
        "EBIT": 96,
        "Net Income": 56
    },
    "2011-06-30": {
        "Diluted EPS": 0.68,
        "Total Revenue": 699,
        "Gross Profit": 196,
        "Operating Income": 80,
        "EBIT": 101,
        "Net Income": 57
    },
    "2011-03-31": {
        "Diluted EPS": 0.55,
        "Total Revenue": 599,
        "Gross Profit": 161,
        "Operating Income": 59,
        "EBIT": 80,
        "Net Income": 47
    },
    "2010-12-31": {
        "Diluted EPS": 0.5,
        "Total Revenue": 564,
        "Gross Profit": 148,
        "Operating Income": 52,
        "EBIT": 51,
        "Net Income": 42
    },
    "2010-09-30": {
        "Diluted EPS": 0.38,
        "Total Revenue": 519,
        "Gross Profit": 144,
        "Operating Income": 48,
        "EBIT": 67,
        "Net Income": 32
    },
    "2010-06-30": {
        "Diluted EPS": 0.38,
        "Total Revenue": 516,
        "Gross Profit": 149,
        "Operating Income": 51,
        "EBIT": 70,
        "Net Income": 33
    },
    "2010-03-31": {
        "Diluted EPS": 0.28,
        "Total Revenue": 471,
        "Gross Profit": 123,
        "Operating Income": 35,
        "EBIT": 54,
        "Net Income": 24
    },
    "2009-12-31": {
        "Diluted EPS": 0.29,
        "Total Revenue": 462,
        "Gross Profit": 134,
        "Operating Income": 39,
        "EBIT": 64,
        "Net Income": 24
    },
    "2009-09-30": {
        "Diluted EPS": 0.15,
        "Total Revenue": 442,
        "Gross Profit": 125,
        "Operating Income": 33,
        "EBIT": 51,
        "Net Income": 13
    },
    "2009-06-30": {
        "Diluted EPS": 0.18,
        "Total Revenue": 413,
        "Gross Profit": 106,
        "Operating Income": 20,
        "EBIT": 40,
        "Net Income": 15
    },
    "2009-03-31": {
        "Diluted EPS": -0.04,
        "Total Revenue": 412,
        "Gross Profit": 90,
        "Operating Income": 1,
        "EBIT": 19,
        "Net Income": -4
    },
    "2023-09-30": {
        "Tax Effect Of Unusual Items": -1407726.0,
        "Tax Rate For Calcs": 0.199,
        "Normalized EBITDA": 200805000.0,
        "Total Unusual Items": -7074000.0,
        "Total Unusual Items Excluding Goodwill": -7074000.0,
        "Net Income From Continuing Operation Net Minority Interest": 129343000.0,
        "Reconciled Depreciation": 21489000.0,
        "Reconciled Cost Of Revenue": 667584000.0,
        "EBITDA": 193731000.0,
        "EBIT": 172242000.0,
        "Net Interest Income": -10809000.0,
        "Interest Expense": 10809000.0,
        "Normalized Income": 135009274.0,
        "Net Income From Continuing And Discontinued Operation": 129343000.0,
        "Total Expenses": 854699000.0,
        "Total Operating Income As Reported": 171441000.0,
        "Diluted Average Shares": 58136000.0,
        "Basic Average Shares": 57320000.0,
        "Diluted EPS": 2.22,
        "Basic EPS": 2.26,
        "Diluted NI Availto Com Stockholders": 129343000.0,
        "Net Income Common Stockholders": 129343000.0,
        "Net Income": 129343000.0,
        "Minority Interests": NaN,
        "Net Income Including Noncontrolling Interests": 129343000.0,
        "Net Income Continuous Operations": 129343000.0,
        "Tax Provision": 32090000.0,
        "Pretax Income": 161433000.0,
        "Other Income Expense": -6273000.0,
        "Other Non Operating Income Expenses": 801000.0,
        "Special Income Charges": -7074000.0,
        "Restructuring And Mergern Acquisition": 7074000.0,
        "Earnings From Equity Interest": 169000.0,
        "Net Non Operating Interest Income Expense": -10809000.0,
        "Interest Expense Non Operating": 10809000.0,
        "Operating Income": 178515000.0,
        "Operating Expense": 187115000.0,
        "Selling General And Administration": 187115000.0,
        "Gross Profit": 365630000.0,
        "Cost Of Revenue": 667584000.0,
        "Total Revenue": 1033214000.0,
        "Operating Revenue": 1033214000.0
    },
    "2023-12-31": {
        "Tax Effect Of Unusual Items": 4495509.554431,
        "Tax Rate For Calcs": 0.204975,
        "Normalized EBITDA": 205729000.0,
        "Total Unusual Items": 21932000.0,
        "Total Unusual Items Excluding Goodwill": 21932000.0,
        "Net Income From Continuing Operation Net Minority Interest": 156643000.0,
        "Reconciled Depreciation": 21969000.0,
        "Reconciled Cost Of Revenue": 687484000.0,
        "EBITDA": 227661000.0,
        "EBIT": 205692000.0,
        "Net Interest Income": -8663000.0,
        "Interest Expense": 8663000.0,
        "Normalized Income": 139206509.554431,
        "Net Income From Continuing And Discontinued Operation": 156643000.0,
        "Total Expenses": 876415000.0,
        "Total Operating Income As Reported": 204031000.0,
        "Diluted Average Shares": 57911000.0,
        "Basic Average Shares": 57063000.0,
        "Diluted EPS": 2.7,
        "Basic EPS": 2.75,
        "Diluted NI Availto Com Stockholders": 156643000.0,
        "Net Income Common Stockholders": 156643000.0,
        "Net Income": 156643000.0,
        "Minority Interests": NaN,
        "Net Income Including Noncontrolling Interests": 156643000.0,
        "Net Income Continuous Operations": 156643000.0,
        "Tax Provision": 40386000.0,
        "Pretax Income": 197029000.0,
        "Other Income Expense": 23593000.0,
        "Other Non Operating Income Expenses": 1568000.0,
        "Special Income Charges": 21932000.0,
        "Restructuring And Mergern Acquisition": -21932000.0,
        "Earnings From Equity Interest": 93000.0,
        "Net Non Operating Interest Income Expense": -8663000.0,
        "Interest Expense Non Operating": 8663000.0,
        "Operating Income": 182099000.0,
        "Operating Expense": 188931000.0,
        "Selling General And Administration": 188931000.0,
        "Gross Profit": 371030000.0,
        "Cost Of Revenue": 687484000.0,
        "Total Revenue": 1058514000.0,
        "Operating Revenue": 1058514000.0
    },
    "2024-03-31": {
        "Tax Effect Of Unusual Items": -1022310.0,
        "Tax Rate For Calcs": 0.222,
        "Normalized EBITDA": 193500000.0,
        "Total Unusual Items": -4605000.0,
        "Total Unusual Items Excluding Goodwill": -4605000.0,
        "Net Income From Continuing Operation Net Minority Interest": 123415000.0,
        "Reconciled Depreciation": 21586000.0,
        "Reconciled Cost Of Revenue": 612798000.0,
        "EBITDA": 188895000.0,
        "EBIT": 167309000.0,
        "Net Interest Income": -8779000.0,
        "Interest Expense": 8779000.0,
        "Normalized Income": 126997690.0,
        "Net Income From Continuing And Discontinued Operation": 123415000.0,
        "Total Expenses": 811545000.0,
        "Total Operating Income As Reported": 165047000.0,
        "Diluted Average Shares": 57641000.0,
        "Basic Average Shares": 56865000.0,
        "Diluted EPS": 2.14,
        "Basic EPS": 2.17,
        "Diluted NI Availto Com Stockholders": 123415000.0,
        "Net Income Common Stockholders": 123415000.0,
        "Net Income": 123415000.0,
        "Minority Interests": NaN,
        "Net Income Including Noncontrolling Interests": 123415000.0,
        "Net Income Continuous Operations": 123415000.0,
        "Tax Provision": 35115000.0,
        "Pretax Income": 158530000.0,
        "Other Income Expense": -2343000.0,
        "Other Non Operating Income Expenses": 2262000.0,
        "Special Income Charges": -4605000.0,
        "Restructuring And Mergern Acquisition": 4605000.0,
        "Earnings From Equity Interest": NaN,
        "Net Non Operating Interest Income Expense": -8779000.0,
        "Interest Expense Non Operating": 8779000.0,
        "Operating Income": 169652000.0,
        "Operating Expense": 198747000.0,
        "Selling General And Administration": 198747000.0,
        "Gross Profit": 368399000.0,
        "Cost Of Revenue": 612798000.0,
        "Total Revenue": 981197000.0,
        "Operating Revenue": 981197000.0
    },
    "2024-06-30": {
        "Tax Effect Of Unusual Items": -6781440.0,
        "Tax Rate For Calcs": 0.256,
        "Normalized EBITDA": 194640000.0,
        "Total Unusual Items": -26490000.0,
        "Total Unusual Items Excluding Goodwill": -26490000.0,
        "Net Income From Continuing Operation Net Minority Interest": 101708000.0,
        "Reconciled Depreciation": 20865000.0,
        "Reconciled Cost Of Revenue": 637870000.0,
        "EBITDA": 168150000.0,
        "EBIT": 147285000.0,
        "Net Interest Income": -10661000.0,
        "Interest Expense": 10661000.0,
        "Normalized Income": 121416560.0,
        "Net Income From Continuing And Discontinued Operation": 101708000.0,
        "Total Expenses": 846355000.0,
        "Total Operating Income As Reported": 148838000.0,
        "Diluted Average Shares": 57366000.0,
        "Basic Average Shares": 56816000.0,
        "Diluted EPS": 1.77,
        "Basic EPS": 1.79,
        "Diluted NI Availto Com Stockholders": 101708000.0,
        "Net Income Common Stockholders": 101708000.0,
        "Net Income": 101708000.0,
        "Minority Interests": NaN,
        "Net Income Including Noncontrolling Interests": 101708000.0,
        "Net Income Continuous Operations": 101708000.0,
        "Tax Provision": 34916000.0,
        "Pretax Income": 136624000.0,
        "Other Income Expense": -28043000.0,
        "Other Non Operating Income Expenses": -1553000.0,
        "Special Income Charges": -26490000.0,
        "Restructuring And Mergern Acquisition": 26490000.0,
        "Earnings From Equity Interest": NaN,
        "Net Non Operating Interest Income Expense": -10661000.0,
        "Interest Expense Non Operating": 10661000.0,
        "Operating Income": 175328000.0,
        "Operating Expense": 208485000.0,
        "Selling General And Administration": 208485000.0,
        "Gross Profit": 383813000.0,
        "Cost Of Revenue": 637870000.0,
        "Total Revenue": 1021683000.0,
        "Operating Revenue": 1021683000.0
    },
    "2024-09-30": {
        "Tax Effect Of Unusual Items": -4773572.0,
        "Tax Rate For Calcs": 0.236,
        "Normalized EBITDA": 186787000.0,
        "Total Unusual Items": -20227000.0,
        "Total Unusual Items Excluding Goodwill": -20227000.0,
        "Net Income From Continuing Operation Net Minority Interest": 100756000.0,
        "Reconciled Depreciation": 22644000.0,
        "Reconciled Cost Of Revenue": 631681000.0,
        "EBITDA": 166560000.0,
        "EBIT": 143916000.0,
        "Net Interest Income": -11974000.0,
        "Interest Expense": 11974000.0,
        "Normalized Income": 116209428.0,
        "Net Income From Continuing And Discontinued Operation": 100756000.0,
        "Total Expenses": 817972000.0,
        "Total Operating Income As Reported": 145560000.0,
        "Diluted Average Shares": 57066000.0,
        "Basic Average Shares": 56565000.0,
        "Diluted EPS": 1.77,
        "Basic EPS": 1.78,
        "Diluted NI Availto Com Stockholders": 100756000.0,
        "Net Income Common Stockholders": 100756000.0,
        "Net Income": 100756000.0,
        "Minority Interests": NaN,
        "Net Income Including Noncontrolling Interests": 100756000.0,
        "Net Income Continuous Operations": 100756000.0,
        "Tax Provision": 31186000.0,
        "Pretax Income": 131942000.0,
        "Other Income Expense": -21871000.0,
        "Other Non Operating Income Expenses": -1644000.0,
        "Special Income Charges": -20227000.0,
        "Restructuring And Mergern Acquisition": 20227000.0,
        "Earnings From Equity Interest": NaN,
        "Net Non Operating Interest Income Expense": -11974000.0,
        "Interest Expense Non Operating": 11974000.0,
        "Operating Income": 165787000.0,
        "Operating Expense": 186291000.0,
        "Selling General And Administration": 186291000.0,
        "Gross Profit": 352078000.0,
        "Cost Of Revenue": 631681000.0,
        "Total Revenue": 983759000.0,
        "Operating Revenue": 983759000.0
    }
}