{
    "2023-03-31": {
        "Tax Effect Of Unusual Items": NaN,
        "Tax Rate For Calcs": NaN,
        "Normalized EBITDA": NaN,
        "Total Unusual Items": NaN,
        "Total Unusual Items Excluding Goodwill": NaN,
        "Net Income From Continuing Operation Net Minority Interest": NaN,
        "Reconciled Depreciation": NaN,
        "Reconciled Cost Of Revenue": NaN,
        "EBITDA": NaN,
        "EBIT": NaN,
        "Net Interest Income": NaN,
        "Interest Expense": NaN,
        "Normalized Income": NaN,
        "Net Income From Continuing And Discontinued Operation": NaN,
        "Total Expenses": NaN,
        "Total Operating Income As Reported": NaN,
        "Diluted Average Shares": 5826733.0,
        "Basic Average Shares": 5826733.0,
        "Diluted EPS": -1.01,
        "Basic EPS": -1.01,
        "Diluted NI Availto Com Stockholders": NaN,
        "Net Income Common Stockholders": NaN,
        "Net Income": NaN,
        "Minority Interests": NaN,
        "Net Income Including Noncontrolling Interests": NaN,
        "Net Income Continuous Operations": NaN,
        "Tax Provision": NaN,
        "Pretax Income": NaN,
        "Other Income Expense": NaN,
        "Other Non Operating Income Expenses": NaN,
        "Special Income Charges": NaN,
        "Gain On Sale Of Ppe": NaN,
        "Restructuring And Mergern Acquisition": NaN,
        "Earnings From Equity Interest": NaN,
        "Net Non Operating Interest Income Expense": NaN,
        "Interest Expense Non Operating": NaN,
        "Operating Income": NaN,
        "Operating Expense": NaN,
        "Other Operating Expenses": NaN,
        "Depreciation Amortization Depletion Income Statement": NaN,
        "Depreciation And Amortization In Income Statement": NaN,
        "Selling General And Administration": NaN,
        "General And Administrative Expense": NaN,
        "Salaries And Wages": NaN,
        "Gross Profit": NaN,
        "Cost Of Revenue": NaN,
        "Total Revenue": NaN,
        "Operating Revenue": NaN
    },
    "2022-12-31": {
        "Tax Effect Of Unusual Items": 371898.0,
        "Tax Rate For Calcs": 0.194,
        "Normalized EBITDA": 18641000.0,
        "Total Unusual Items": 1917000.0,
        "Total Unusual Items Excluding Goodwill": 1917000.0,
        "Net Income From Continuing Operation Net Minority Interest": 1099000.0,
        "Reconciled Depreciation": 7886000.0,
        "Reconciled Cost Of Revenue": 7432000.0,
        "EBITDA": 20558000.0,
        "EBIT": 12672000.0,
        "Net Interest Income": -10408000.0,
        "Interest Expense": 10408000.0,
        "Normalized Income": -446102.0,
        "Net Income From Continuing And Discontinued Operation": 1099000.0,
        "Total Expenses": 177538000.0,
        "Total Operating Income As Reported": 11178000.0,
        "Diluted Average Shares": 5896000.0,
        "Basic Average Shares": 5825000.0,
        "Diluted EPS": 0.19,
        "Basic EPS": 0.19,
        "Diluted NI Availto Com Stockholders": 1099000.0,
        "Net Income Common Stockholders": 1099000.0,
        "Net Income": 1099000.0,
        "Minority Interests": -725000.0,
        "Net Income Including Noncontrolling Interests": 1824000.0,
        "Net Income Continuous Operations": 1824000.0,
        "Tax Provision": 440000.0,
        "Pretax Income": 2264000.0,
        "Other Income Expense": 5079000.0,
        "Other Non Operating Income Expenses": 1494000.0,
        "Special Income Charges": 1917000.0,
        "Gain On Sale Of Ppe": 2563000.0,
        "Restructuring And Mergern Acquisition": 646000.0,
        "Earnings From Equity Interest": 1668000.0,
        "Net Non Operating Interest Income Expense": -10408000.0,
        "Interest Expense Non Operating": 10408000.0,
        "Operating Income": 7593000.0,
        "Operating Expense": 170106000.0,
        "Other Operating Expenses": 86774000.0,
        "Depreciation Amortization Depletion Income Statement": 7886000.0,
        "Depreciation And Amortization In Income Statement": 7886000.0,
        "Selling General And Administration": 75446000.0,
        "General And Administrative Expense": 75446000.0,
        "Salaries And Wages": 75446000.0,
        "Gross Profit": 177699000.0,
        "Cost Of Revenue": 7432000.0,
        "Total Revenue": 185131000.0,
        "Operating Revenue": 169284000.0
    },
    "2022-09-30": {
        "Tax Effect Of Unusual Items": NaN,
        "Tax Rate For Calcs": NaN,
        "Normalized EBITDA": NaN,
        "Total Unusual Items": NaN,
        "Total Unusual Items Excluding Goodwill": NaN,
        "Net Income From Continuing Operation Net Minority Interest": NaN,
        "Reconciled Depreciation": NaN,
        "Reconciled Cost Of Revenue": NaN,
        "EBITDA": NaN,
        "EBIT": NaN,
        "Net Interest Income": NaN,
        "Interest Expense": NaN,
        "Normalized Income": NaN,
        "Net Income From Continuing And Discontinued Operation": NaN,
        "Total Expenses": NaN,
        "Total Operating Income As Reported": NaN,
        "Diluted Average Shares": NaN,
        "Basic Average Shares": NaN,
        "Diluted EPS": NaN,
        "Basic EPS": NaN,
        "Diluted NI Availto Com Stockholders": NaN,
        "Net Income Common Stockholders": NaN,
        "Net Income": NaN,
        "Minority Interests": NaN,
        "Net Income Including Noncontrolling Interests": NaN,
        "Net Income Continuous Operations": NaN,
        "Tax Provision": NaN,
        "Pretax Income": NaN,
        "Other Income Expense": NaN,
        "Other Non Operating Income Expenses": NaN,
        "Special Income Charges": NaN,
        "Gain On Sale Of Ppe": NaN,
        "Other Special Charges": 0.0,
        "Restructuring And Mergern Acquisition": NaN,
        "Earnings From Equity Interest": NaN,
        "Net Non Operating Interest Income Expense": NaN,
        "Interest Expense Non Operating": NaN,
        "Operating Income": NaN,
        "Operating Expense": NaN,
        "Other Operating Expenses": NaN,
        "Depreciation Amortization Depletion Income Statement": NaN,
        "Depreciation And Amortization In Income Statement": NaN,
        "Selling General And Administration": NaN,
        "General And Administrative Expense": NaN,
        "Salaries And Wages": NaN,
        "Gross Profit": NaN,
        "Cost Of Revenue": NaN,
        "Total Revenue": NaN,
        "Operating Revenue": NaN
    },
    "2022-06-30": {
        "Tax Effect Of Unusual Items": -2863200.0,
        "Tax Rate For Calcs": 0.4,
        "Normalized EBITDA": 26620000.0,
        "Total Unusual Items": -7158000.0,
        "Total Unusual Items Excluding Goodwill": -7158000.0,
        "Net Income From Continuing Operation Net Minority Interest": -269000.0,
        "Reconciled Depreciation": 8818000.0,
        "Reconciled Cost Of Revenue": 7542000.0,
        "EBITDA": 19462000.0,
        "EBIT": 10644000.0,
        "Net Interest Income": -10292000.0,
        "Interest Expense": 10292000.0,
        "Normalized Income": 4025800.0,
        "Net Income From Continuing And Discontinued Operation": -269000.0,
        "Total Expenses": 182490000.0,
        "Total Operating Income As Reported": 6439000.0,
        "Diluted Average Shares": 5795000.0,
        "Basic Average Shares": 5795000.0,
        "Diluted EPS": -0.05,
        "Basic EPS": -0.05,
        "Diluted NI Availto Com Stockholders": -269000.0,
        "Net Income Common Stockholders": -269000.0,
        "Net Income": -269000.0,
        "Minority Interests": -465000.0,
        "Net Income Including Noncontrolling Interests": 196000.0,
        "Net Income Continuous Operations": 196000.0,
        "Tax Provision": 156000.0,
        "Pretax Income": 352000.0,
        "Other Income Expense": -1903000.0,
        "Other Non Operating Income Expenses": 4205000.0,
        "Special Income Charges": -7158000.0,
        "Gain On Sale Of Ppe": -1086000.0,
        "Other Special Charges": NaN,
        "Restructuring And Mergern Acquisition": 6072000.0,
        "Earnings From Equity Interest": 1050000.0,
        "Net Non Operating Interest Income Expense": -10292000.0,
        "Interest Expense Non Operating": 10292000.0,
        "Operating Income": 12547000.0,
        "Operating Expense": 174948000.0,
        "Other Operating Expenses": 88004000.0,
        "Depreciation Amortization Depletion Income Statement": 8818000.0,
        "Depreciation And Amortization In Income Statement": 8818000.0,
        "Selling General And Administration": 78126000.0,
        "General And Administrative Expense": 78126000.0,
        "Salaries And Wages": 78126000.0,
        "Gross Profit": 187495000.0,
        "Cost Of Revenue": 7542000.0,
        "Total Revenue": 195037000.0,
        "Operating Revenue": 180049000.0
    },
    "2022-03-31": {
        "Diluted EPS": -1.26,
        "Total Revenue": 190,
        "Gross Profit": 99,
        "Operating Income": -3,
        "EBIT": 6,
        "Net Income": -7
    },
    "2021-12-31": {
        "Diluted EPS": 2.17,
        "Total Revenue": 202,
        "Gross Profit": 110,
        "Operating Income": 25,
        "EBIT": 35,
        "Net Income": 13
    },
    "2021-09-30": {
        "Diluted EPS": 0.78,
        "Total Revenue": 194,
        "Gross Profit": 106,
        "Operating Income": 14,
        "EBIT": 23,
        "Net Income": 5
    },
    "2021-06-30": {
        "Diluted EPS": 0.55,
        "Total Revenue": 196,
        "Gross Profit": 107,
        "Operating Income": 14,
        "EBIT": 25,
        "Net Income": 3
    },
    "2021-03-31": {
        "Diluted EPS": -0.2,
        "Total Revenue": 192,
        "Gross Profit": 102,
        "Operating Income": 8,
        "EBIT": 21,
        "Net Income": -1
    },
    "2020-12-31": {
        "Diluted EPS": 2.77,
        "Total Revenue": 212,
        "Gross Profit": 120,
        "Operating Income": 21,
        "EBIT": 31,
        "Net Income": 16
    },
    "2020-09-30": {
        "Diluted EPS": -0.08,
        "Total Revenue": 192,
        "Gross Profit": 105,
        "Operating Income": 6,
        "EBIT": 17,
        "Net Income": -1
    },
    "2020-06-30": {
        "Diluted EPS": -0.23,
        "Total Revenue": 183,
        "Gross Profit": 103,
        "Operating Income": 12,
        "EBIT": 28,
        "Net Income": -1
    },
    "2020-03-31": {
        "Diluted EPS": -0.94,
        "Total Revenue": 121,
        "Gross Profit": 68,
        "Operating Income": 14,
        "EBIT": 16,
        "Net Income": -5
    },
    "2019-12-31": {
        "Diluted EPS": 0.9,
        "Total Revenue": 122,
        "Gross Profit": 74,
        "Operating Income": 18,
        "EBIT": 25,
        "Net Income": 5
    },
    "2019-09-30": {
        "Diluted EPS": 0.21,
        "Total Revenue": 124,
        "Gross Profit": 76,
        "Operating Income": 14,
        "EBIT": 21,
        "Net Income": 1
    },
    "2019-06-30": {
        "Diluted EPS": 1.0,
        "Total Revenue": 127,
        "Gross Profit": 77,
        "Operating Income": 20,
        "EBIT": 27,
        "Net Income": 6
    },
    "2019-03-31": {
        "Diluted EPS": -0.5,
        "Total Revenue": 123,
        "Gross Profit": 69,
        "Operating Income": 13,
        "EBIT": 20,
        "Net Income": -3
    },
    "2018-12-31": {
        "Diluted EPS": 1.8,
        "Total Revenue": 136,
        "Gross Profit": 83,
        "Operating Income": 28,
        "EBIT": 35,
        "Net Income": 10
    },
    "2018-09-30": {
        "Diluted EPS": 0.7,
        "Total Revenue": 140,
        "Gross Profit": 83,
        "Operating Income": 19,
        "EBIT": 33,
        "Net Income": 4
    },
    "2018-06-30": {
        "Diluted EPS": 0.8,
        "Total Revenue": 133,
        "Gross Profit": 78,
        "Operating Income": 20,
        "EBIT": 28,
        "Net Income": 4
    },
    "2018-03-31": {
        "Diluted EPS": 0.4,
        "Total Revenue": 128,
        "Gross Profit": 73,
        "Operating Income": 17,
        "EBIT": 25,
        "Net Income": 2
    },
    "2017-12-31": {
        "Diluted EPS": 6.3,
        "Total Revenue": 144,
        "Gross Profit": 86,
        "Operating Income": 30,
        "EBIT": 38,
        "Net Income": 35
    },
    "2017-09-30": {
        "Diluted EPS": 0.6,
        "Total Revenue": 140,
        "Gross Profit": 80,
        "Operating Income": 18,
        "EBIT": 29,
        "Net Income": 3
    },
    "2017-06-30": {
        "Diluted EPS": 1.1,
        "Total Revenue": 139,
        "Gross Profit": 82,
        "Operating Income": 21,
        "EBIT": 31,
        "Net Income": 6
    },
    "2017-03-31": {
        "Diluted EPS": 1.1,
        "Total Revenue": 133,
        "Gross Profit": 75,
        "Operating Income": 19,
        "EBIT": 29,
        "Net Income": 6
    },
    "2016-12-31": {
        "Diluted EPS": 2.2,
        "Total Revenue": 154,
        "Gross Profit": 92,
        "Operating Income": 31,
        "EBIT": 42,
        "Net Income": 12
    },
    "2016-09-30": {
        "Diluted EPS": -0.1,
        "Total Revenue": 148,
        "Gross Profit": 86,
        "Operating Income": 24,
        "EBIT": 35,
        "Net Income": 0
    },
    "2016-06-30": {
        "Diluted EPS": 0.8,
        "Total Revenue": 151,
        "Gross Profit": 87,
        "Operating Income": 25,
        "EBIT": 36,
        "Net Income": 4
    },
    "2016-03-31": {
        "Diluted EPS": 3.6,
        "Total Revenue": 147,
        "Gross Profit": 82,
        "Operating Income": 19,
        "EBIT": 30,
        "Net Income": 19
    },
    "2015-12-31": {
        "Diluted EPS": 2.1,
        "Total Revenue": 168,
        "Gross Profit": 103,
        "Operating Income": 36,
        "EBIT": 47,
        "Net Income": 11
    },
    "2015-09-30": {
        "Diluted EPS": 1.9,
        "Total Revenue": 156,
        "Gross Profit": 92,
        "Operating Income": 27,
        "EBIT": 38,
        "Net Income": 10
    },
    "2015-06-30": {
        "Diluted EPS": 0.3,
        "Total Revenue": 159,
        "Gross Profit": 93,
        "Operating Income": 25,
        "EBIT": 36,
        "Net Income": 2
    },
    "2015-03-31": {
        "Diluted EPS": 0.3,
        "Total Revenue": 157,
        "Gross Profit": 88,
        "Operating Income": 20,
        "EBIT": 32,
        "Net Income": 2
    },
    "2014-12-31": {
        "Diluted EPS": 1.8,
        "Total Revenue": 177,
        "Gross Profit": 106,
        "Operating Income": 37,
        "EBIT": 49,
        "Net Income": 10
    },
    "2014-09-30": {
        "Diluted EPS": 0.7,
        "Total Revenue": 166,
        "Gross Profit": 96,
        "Operating Income": 21,
        "EBIT": 35,
        "Net Income": 3
    },
    "2014-06-30": {
        "Diluted EPS": -1.9,
        "Total Revenue": 163,
        "Gross Profit": 94,
        "Operating Income": 29,
        "EBIT": 41,
        "Net Income": -10
    },
    "2014-03-31": {
        "Diluted EPS": 0.3,
        "Total Revenue": 154,
        "Gross Profit": 86,
        "Operating Income": 24,
        "EBIT": 37,
        "Net Income": 1
    },
    "2013-12-31": {
        "Diluted EPS": 2.2,
        "Total Revenue": 177,
        "Gross Profit": 105,
        "Operating Income": 40,
        "EBIT": 53,
        "Net Income": 12
    },
    "2013-09-30": {
        "Diluted EPS": -17.0,
        "Total Revenue": 165,
        "Gross Profit": 93,
        "Operating Income": -142,
        "EBIT": 41,
        "Net Income": -89
    },
    "2013-06-30": {
        "Diluted EPS": 0.3,
        "Total Revenue": 167,
        "Gross Profit": 94,
        "Operating Income": 27,
        "EBIT": 43,
        "Net Income": 2
    },
    "2013-03-31": {
        "Diluted EPS": -1.2,
        "Total Revenue": 161,
        "Gross Profit": 86,
        "Operating Income": 19,
        "EBIT": 35,
        "Net Income": -6
    },
    "2012-12-31": {
        "Diluted EPS": 2.8,
        "Total Revenue": 185,
        "Gross Profit": 107,
        "Operating Income": 40,
        "EBIT": 56,
        "Net Income": 15
    },
    "2012-09-30": {
        "Diluted EPS": -0.9,
        "Total Revenue": 179,
        "Gross Profit": 97,
        "Operating Income": 24,
        "EBIT": 43,
        "Net Income": -3
    },
    "2012-06-30": {
        "Diluted EPS": -0.3,
        "Total Revenue": 172,
        "Gross Profit": 91,
        "Operating Income": 23,
        "EBIT": 41,
        "Net Income": -1
    },
    "2012-03-31": {
        "Diluted EPS": -5.4,
        "Total Revenue": 165,
        "Gross Profit": 84,
        "Operating Income": 17,
        "EBIT": 35,
        "Net Income": -27
    },
    "2011-12-31": {
        "Diluted EPS": 3.2,
        "Total Revenue": 192,
        "Gross Profit": 108,
        "Operating Income": 39,
        "EBIT": 56,
        "Net Income": 15
    },
    "2011-09-30": {
        "Diluted EPS": -2.0,
        "Total Revenue": 150,
        "Gross Profit": 86,
        "Operating Income": 13,
        "EBIT": 45,
        "Net Income": -9
    },
    "2011-06-30": {
        "Diluted EPS": -34.6,
        "Total Revenue": 187,
        "Gross Profit": 98,
        "Operating Income": -161,
        "EBIT": 44,
        "Net Income": -156
    },
    "2011-03-31": {
        "Diluted EPS": -0.3,
        "Total Revenue": 179,
        "Gross Profit": 87,
        "Operating Income": 11,
        "EBIT": 29,
        "Net Income": -1
    },
    "2010-12-31": {
        "Diluted EPS": 4.2,
        "Total Revenue": 208,
        "Gross Profit": 114,
        "Operating Income": 36,
        "EBIT": 54,
        "Net Income": 19
    },
    "2010-09-30": {
        "Diluted EPS": 1.2,
        "Total Revenue": 156,
        "Gross Profit": 85,
        "Operating Income": 75,
        "EBIT": 89,
        "Net Income": 5
    },
    "2010-06-30": {
        "Diluted EPS": 2.2,
        "Total Revenue": 196,
        "Gross Profit": 104,
        "Operating Income": 28,
        "EBIT": 46,
        "Net Income": 10
    },
    "2010-03-31": {
        "Diluted EPS": 0.7,
        "Total Revenue": 186,
        "Gross Profit": 93,
        "Operating Income": 12,
        "EBIT": 33,
        "Net Income": 3
    },
    "2009-12-31": {
        "Diluted EPS": 6.2,
        "Total Revenue": 210,
        "Gross Profit": 115,
        "Operating Income": 34,
        "EBIT": 53,
        "Net Income": 28
    },
    "2009-09-30": {
        "Diluted EPS": 0.4,
        "Total Revenue": 196,
        "Gross Profit": 106,
        "Operating Income": 1,
        "EBIT": 21,
        "Net Income": 2
    },
    "2009-06-30": {
        "Diluted EPS": -5.5,
        "Total Revenue": 204,
        "Gross Profit": 107,
        "Operating Income": -3,
        "EBIT": 46,
        "Net Income": -25
    },
    "2009-03-31": {
        "Diluted EPS": -11.6,
        "Total Revenue": 199,
        "Gross Profit": 94,
        "Operating Income": -134,
        "EBIT": 30,
        "Net Income": -52
    },
    "2023-06-30": {
        "Tax Effect Of Unusual Items": NaN,
        "Tax Rate For Calcs": NaN,
        "Normalized EBITDA": NaN,
        "Total Unusual Items": NaN,
        "Total Unusual Items Excluding Goodwill": NaN,
        "Net Income From Continuing Operation Net Minority Interest": NaN,
        "Reconciled Depreciation": NaN,
        "Reconciled Cost Of Revenue": NaN,
        "EBITDA": NaN,
        "EBIT": NaN,
        "Net Interest Income": NaN,
        "Interest Expense": NaN,
        "Normalized Income": NaN,
        "Net Income From Continuing And Discontinued Operation": NaN,
        "Total Expenses": NaN,
        "Total Operating Income As Reported": NaN,
        "Diluted Average Shares": 5908000.0,
        "Basic Average Shares": 5878000.0,
        "Diluted EPS": 0.25,
        "Basic EPS": 0.26,
        "Diluted NI Availto Com Stockholders": NaN,
        "Net Income Common Stockholders": NaN,
        "Net Income": NaN,
        "Minority Interests": NaN,
        "Net Income Including Noncontrolling Interests": NaN,
        "Net Income Continuous Operations": NaN,
        "Tax Provision": NaN,
        "Pretax Income": NaN,
        "Other Income Expense": NaN,
        "Other Non Operating Income Expenses": NaN,
        "Special Income Charges": NaN,
        "Gain On Sale Of Ppe": NaN,
        "Restructuring And Mergern Acquisition": NaN,
        "Earnings From Equity Interest": NaN,
        "Net Non Operating Interest Income Expense": NaN,
        "Interest Expense Non Operating": NaN,
        "Operating Income": NaN,
        "Operating Expense": NaN,
        "Other Operating Expenses": NaN,
        "Depreciation Amortization Depletion Income Statement": NaN,
        "Depreciation And Amortization In Income Statement": NaN,
        "Selling General And Administration": NaN,
        "General And Administrative Expense": NaN,
        "Salaries And Wages": NaN,
        "Gross Profit": NaN,
        "Cost Of Revenue": NaN,
        "Total Revenue": NaN,
        "Operating Revenue": NaN
    },
    "2023-09-30": {
        "Tax Effect Of Unusual Items": -2244900.0,
        "Tax Rate For Calcs": 0.21,
        "Normalized EBITDA": 28103000.0,
        "Total Unusual Items": -10690000.0,
        "Total Unusual Items Excluding Goodwill": -10690000.0,
        "Net Income From Continuing Operation Net Minority Interest": -1984000.0,
        "Reconciled Depreciation": 7524000.0,
        "Reconciled Cost Of Revenue": 5102000.0,
        "EBITDA": 17413000.0,
        "EBIT": 9889000.0,
        "Net Interest Income": -10327000.0,
        "Interest Expense": 10327000.0,
        "Normalized Income": 6461100.0,
        "Net Income From Continuing And Discontinued Operation": -1984000.0,
        "Total Expenses": 145388000.0,
        "Total Operating Income As Reported": 10924000.0,
        "Diluted Average Shares": 6200000.0,
        "Basic Average Shares": 6200000.0,
        "Diluted EPS": -0.32,
        "Basic EPS": -0.32,
        "Diluted NI Availto Com Stockholders": -1984000.0,
        "Net Income Common Stockholders": -1984000.0,
        "Net Income": -1984000.0,
        "Minority Interests": -658000.0,
        "Net Income Including Noncontrolling Interests": -1326000.0,
        "Net Income Continuous Operations": -1326000.0,
        "Tax Provision": 888000.0,
        "Pretax Income": -438000.0,
        "Other Income Expense": -8732000.0,
        "Other Non Operating Income Expenses": -1035000.0,
        "Special Income Charges": -10690000.0,
        "Gain On Sale Of Ppe": -6137000.0,
        "Restructuring And Mergern Acquisition": 4553000.0,
        "Earnings From Equity Interest": 2993000.0,
        "Net Non Operating Interest Income Expense": -10327000.0,
        "Interest Expense Non Operating": 10327000.0,
        "Operating Income": 18621000.0,
        "Operating Expense": 140286000.0,
        "Other Operating Expenses": 73714000.0,
        "Depreciation Amortization Depletion Income Statement": 7524000.0,
        "Depreciation And Amortization In Income Statement": 7524000.0,
        "Selling General And Administration": 59048000.0,
        "General And Administrative Expense": 59048000.0,
        "Salaries And Wages": 59048000.0,
        "Gross Profit": 158907000.0,
        "Cost Of Revenue": 5102000.0,
        "Total Revenue": 164009000.0,
        "Operating Revenue": 150024000.0
    },
    "2023-12-31": {
        "Tax Effect Of Unusual Items": -466932.0,
        "Tax Rate For Calcs": 0.167,
        "Normalized EBITDA": 21703000.0,
        "Total Unusual Items": -2796000.0,
        "Total Unusual Items Excluding Goodwill": -2796000.0,
        "Net Income From Continuing Operation Net Minority Interest": 688000.0,
        "Reconciled Depreciation": 7295000.0,
        "Reconciled Cost Of Revenue": 4843000.0,
        "EBITDA": 18907000.0,
        "EBIT": 11612000.0,
        "Net Interest Income": -10131000.0,
        "Interest Expense": 10131000.0,
        "Normalized Income": 3017068.0,
        "Net Income From Continuing And Discontinued Operation": 688000.0,
        "Total Expenses": 146590000.0,
        "Total Operating Income As Reported": 7833000.0,
        "Diluted Average Shares": 5936000.0,
        "Basic Average Shares": 5910000.0,
        "Diluted EPS": 0.12,
        "Basic EPS": 0.12,
        "Diluted NI Availto Com Stockholders": 688000.0,
        "Net Income Common Stockholders": 688000.0,
        "Net Income": 688000.0,
        "Minority Interests": -545000.0,
        "Net Income Including Noncontrolling Interests": 1233000.0,
        "Net Income Continuous Operations": 1233000.0,
        "Tax Provision": 248000.0,
        "Pretax Income": 1481000.0,
        "Other Income Expense": 2524000.0,
        "Other Non Operating Income Expenses": 3779000.0,
        "Special Income Charges": -2796000.0,
        "Gain On Sale Of Ppe": 1469000.0,
        "Restructuring And Mergern Acquisition": 4265000.0,
        "Earnings From Equity Interest": 1541000.0,
        "Net Non Operating Interest Income Expense": -10131000.0,
        "Interest Expense Non Operating": 10131000.0,
        "Operating Income": 9088000.0,
        "Operating Expense": 141747000.0,
        "Other Operating Expenses": 74776000.0,
        "Depreciation Amortization Depletion Income Statement": 7295000.0,
        "Depreciation And Amortization In Income Statement": 7295000.0,
        "Selling General And Administration": 59676000.0,
        "General And Administrative Expense": 59676000.0,
        "Salaries And Wages": 59676000.0,
        "Gross Profit": 150835000.0,
        "Cost Of Revenue": 4843000.0,
        "Total Revenue": 155678000.0,
        "Operating Revenue": 142226000.0
    },
    "2024-03-31": {
        "Tax Effect Of Unusual Items": -2304176.0,
        "Tax Rate For Calcs": 0.196,
        "Normalized EBITDA": 14790000.0,
        "Total Unusual Items": -11756000.0,
        "Total Unusual Items Excluding Goodwill": -11756000.0,
        "Net Income From Continuing Operation Net Minority Interest": -12179000.0,
        "Reconciled Depreciation": 7293000.0,
        "Reconciled Cost Of Revenue": 4162000.0,
        "EBITDA": 3034000.0,
        "EBIT": -4259000.0,
        "Net Interest Income": -10214000.0,
        "Interest Expense": 10214000.0,
        "Normalized Income": -2727176.0,
        "Net Income From Continuing And Discontinued Operation": -12179000.0,
        "Total Expenses": 140552000.0,
        "Total Operating Income As Reported": -4552000.0,
        "Diluted Average Shares": 5910000.0,
        "Basic Average Shares": 5910000.0,
        "Diluted EPS": -2.06,
        "Basic EPS": -2.06,
        "Diluted NI Availto Com Stockholders": -12179000.0,
        "Net Income Common Stockholders": -12179000.0,
        "Net Income": -12179000.0,
        "Minority Interests": -543000.0,
        "Net Income Including Noncontrolling Interests": -11636000.0,
        "Net Income Continuous Operations": -11636000.0,
        "Tax Provision": -2837000.0,
        "Pretax Income": -14473000.0,
        "Other Income Expense": -10257000.0,
        "Other Non Operating Income Expenses": 293000.0,
        "Special Income Charges": -11756000.0,
        "Gain On Sale Of Ppe": -7617000.0,
        "Restructuring And Mergern Acquisition": 4139000.0,
        "Earnings From Equity Interest": 1206000.0,
        "Net Non Operating Interest Income Expense": -10214000.0,
        "Interest Expense Non Operating": 10214000.0,
        "Operating Income": 5998000.0,
        "Operating Expense": 136390000.0,
        "Other Operating Expenses": 72294000.0,
        "Depreciation Amortization Depletion Income Statement": 7293000.0,
        "Depreciation And Amortization In Income Statement": 7293000.0,
        "Selling General And Administration": 56803000.0,
        "General And Administrative Expense": 56803000.0,
        "Salaries And Wages": 56803000.0,
        "Gross Profit": 142388000.0,
        "Cost Of Revenue": 4162000.0,
        "Total Revenue": 146550000.0,
        "Operating Revenue": 133361000.0
    },
    "2024-06-30": {
        "Tax Effect Of Unusual Items": -443938.0,
        "Tax Rate For Calcs": 0.187,
        "Normalized EBITDA": 14766000.0,
        "Total Unusual Items": -2374000.0,
        "Total Unusual Items Excluding Goodwill": -2374000.0,
        "Net Income From Continuing Operation Net Minority Interest": -4266000.0,
        "Reconciled Depreciation": 6850000.0,
        "Reconciled Cost Of Revenue": 4096000.0,
        "EBITDA": 12392000.0,
        "EBIT": 5542000.0,
        "Net Interest Income": -10082000.0,
        "Interest Expense": 10082000.0,
        "Normalized Income": -2335938.0,
        "Net Income From Continuing And Discontinued Operation": -4266000.0,
        "Total Expenses": 144401000.0,
        "Total Operating Income As Reported": 4925000.0,
        "Diluted Average Shares": 5865000.0,
        "Basic Average Shares": 5865000.0,
        "Diluted EPS": -0.73,
        "Basic EPS": -0.73,
        "Diluted NI Availto Com Stockholders": -4266000.0,
        "Net Income Common Stockholders": -4266000.0,
        "Net Income": -4266000.0,
        "Minority Interests": -575000.0,
        "Net Income Including Noncontrolling Interests": -3691000.0,
        "Net Income Continuous Operations": -3691000.0,
        "Tax Provision": -849000.0,
        "Pretax Income": -4540000.0,
        "Other Income Expense": -635000.0,
        "Other Non Operating Income Expenses": 617000.0,
        "Special Income Charges": -2374000.0,
        "Gain On Sale Of Ppe": 1421000.0,
        "Restructuring And Mergern Acquisition": 3795000.0,
        "Earnings From Equity Interest": 1122000.0,
        "Net Non Operating Interest Income Expense": -10082000.0,
        "Interest Expense Non Operating": 10082000.0,
        "Operating Income": 6177000.0,
        "Operating Expense": 140305000.0,
        "Other Operating Expenses": 74177000.0,
        "Depreciation Amortization Depletion Income Statement": 6850000.0,
        "Depreciation And Amortization In Income Statement": 6850000.0,
        "Selling General And Administration": 59278000.0,
        "General And Administrative Expense": 59278000.0,
        "Salaries And Wages": 59278000.0,
        "Gross Profit": 146482000.0,
        "Cost Of Revenue": 4096000.0,
        "Total Revenue": 150578000.0,
        "Operating Revenue": 137150000.0
    },
    "2024-09-30": {
        "Tax Effect Of Unusual Items": -5230051.717823,
        "Tax Rate For Calcs": 0.305619,
        "Normalized EBITDA": 20445000.0,
        "Total Unusual Items": -17113000.0,
        "Total Unusual Items Excluding Goodwill": -17113000.0,
        "Net Income From Continuing Operation Net Minority Interest": -10088000.0,
        "Reconciled Depreciation": 6178000.0,
        "Reconciled Cost Of Revenue": 3712000.0,
        "EBITDA": 3332000.0,
        "EBIT": -2846000.0,
        "Net Interest Income": -10805000.0,
        "Interest Expense": 10805000.0,
        "Normalized Income": 1794948.282177,
        "Net Income From Continuing And Discontinued Operation": -10088000.0,
        "Total Expenses": 149417000.0,
        "Total Operating Income As Reported": -3660000.0,
        "Diluted Average Shares": NaN,
        "Basic Average Shares": NaN,
        "Diluted EPS": NaN,
        "Basic EPS": NaN,
        "Diluted NI Availto Com Stockholders": -10088000.0,
        "Net Income Common Stockholders": -10088000.0,
        "Net Income": -10088000.0,
        "Minority Interests": -609000.0,
        "Net Income Including Noncontrolling Interests": -9479000.0,
        "Net Income Continuous Operations": -9479000.0,
        "Tax Provision": -4172000.0,
        "Pretax Income": -13651000.0,
        "Other Income Expense": -12003000.0,
        "Other Non Operating Income Expenses": 4407000.0,
        "Special Income Charges": -17113000.0,
        "Gain On Sale Of Ppe": -6466000.0,
        "Restructuring And Mergern Acquisition": 7054000.0,
        "Earnings From Equity Interest": 703000.0,
        "Net Non Operating Interest Income Expense": -10805000.0,
        "Interest Expense Non Operating": 10805000.0,
        "Operating Income": 9157000.0,
        "Operating Expense": 145705000.0,
        "Other Operating Expenses": 80703000.0,
        "Depreciation Amortization Depletion Income Statement": 6178000.0,
        "Depreciation And Amortization In Income Statement": 6178000.0,
        "Selling General And Administration": 58824000.0,
        "General And Administrative Expense": 58824000.0,
        "Salaries And Wages": 58824000.0,
        "Gross Profit": 154862000.0,
        "Cost Of Revenue": 3712000.0,
        "Total Revenue": 158574000.0,
        "Operating Revenue": 144879000.0
    }
}