{
    "2023-06-30": {
        "Tax Effect Of Unusual Items": 2860000.0,
        "Tax Rate For Calcs": 0.26,
        "Normalized EBITDA": 130500000.0,
        "Total Unusual Items": 11000000.0,
        "Total Unusual Items Excluding Goodwill": 11000000.0,
        "Net Income From Continuing Operation Net Minority Interest": 54200000.0,
        "Reconciled Depreciation": 44700000.0,
        "Reconciled Cost Of Revenue": 972200000.0,
        "EBITDA": 141500000.0,
        "EBIT": 96800000.0,
        "Net Interest Income": -22000000.0,
        "Interest Expense": 23100000.0,
        "Interest Income": 1100000.0,
        "Normalized Income": 46060000.0,
        "Net Income From Continuing And Discontinued Operation": 54200000.0,
        "Total Expenses": 1136100000.0,
        "Diluted Average Shares": 136600000.0,
        "Basic Average Shares": 136200000.0,
        "Diluted EPS": 0.4,
        "Basic EPS": 0.4,
        "Diluted NI Availto Com Stockholders": 54200000.0,
        "Net Income Common Stockholders": 54200000.0,
        "Net Income": 54200000.0,
        "Minority Interests": 0.0,
        "Net Income Including Noncontrolling Interests": 54200000.0,
        "Net Income Continuous Operations": 54200000.0,
        "Tax Provision": 19500000.0,
        "Pretax Income": 73700000.0,
        "Other Income Expense": 10600000.0,
        "Other Non Operating Income Expenses": -400000.0,
        "Special Income Charges": 8200000.0,
        "Gain On Sale Of Ppe": 3300000.0,
        "Write Off": 0.0,
        "Impairment Of Capital Assets": NaN,
        "Restructuring And Mergern Acquisition": -4900000.0,
        "Gain On Sale Of Security": 2800000.0,
        "Net Non Operating Interest Income Expense": -22000000.0,
        "Interest Expense Non Operating": 23100000.0,
        "Interest Income Non Operating": 1100000.0,
        "Operating Income": 85100000.0,
        "Operating Expense": 136000000.0,
        "Depreciation Amortization Depletion Income Statement": 16800000.0,
        "Depreciation And Amortization In Income Statement": 16800000.0,
        "Amortization": 16800000.0,
        "Amortization Of Intangibles Income Statement": 16800000.0,
        "Selling General And Administration": 119200000.0,
        "General And Administrative Expense": 119200000.0,
        "Other Gand A": 119200000.0,
        "Salaries And Wages": 0.0,
        "Gross Profit": 221100000.0,
        "Cost Of Revenue": 1000100000.0,
        "Total Revenue": 1221200000.0,
        "Operating Revenue": 1221200000.0
    },
    "2023-03-31": {
        "Tax Effect Of Unusual Items": 66000.0,
        "Tax Rate For Calcs": 0.22,
        "Normalized EBITDA": 135500000.0,
        "Total Unusual Items": 300000.0,
        "Total Unusual Items Excluding Goodwill": 300000.0,
        "Net Income From Continuing Operation Net Minority Interest": 53500000.0,
        "Reconciled Depreciation": 45400000.0,
        "Reconciled Cost Of Revenue": 966500000.0,
        "EBITDA": 135800000.0,
        "EBIT": 90400000.0,
        "Net Interest Income": -21000000.0,
        "Interest Expense": 22100000.0,
        "Interest Income": 1100000.0,
        "Normalized Income": 53266000.0,
        "Net Income From Continuing And Discontinued Operation": 53500000.0,
        "Total Expenses": 1127900000.0,
        "Diluted Average Shares": 136300000.0,
        "Basic Average Shares": 135900000.0,
        "Diluted EPS": 0.39,
        "Basic EPS": 0.39,
        "Diluted NI Availto Com Stockholders": 53500000.0,
        "Net Income Common Stockholders": 53500000.0,
        "Net Income": 53500000.0,
        "Minority Interests": 0.0,
        "Net Income Including Noncontrolling Interests": 53500000.0,
        "Net Income Continuous Operations": 53500000.0,
        "Tax Provision": 14800000.0,
        "Pretax Income": 68300000.0,
        "Other Income Expense": 3600000.0,
        "Other Non Operating Income Expenses": 3300000.0,
        "Special Income Charges": 300000.0,
        "Gain On Sale Of Ppe": 300000.0,
        "Restructuring And Mergern Acquisition": NaN,
        "Gain On Sale Of Security": NaN,
        "Net Non Operating Interest Income Expense": -21000000.0,
        "Interest Expense Non Operating": 22100000.0,
        "Interest Income Non Operating": 1100000.0,
        "Operating Income": 85700000.0,
        "Operating Expense": 132900000.0,
        "Depreciation Amortization Depletion Income Statement": 16900000.0,
        "Depreciation And Amortization In Income Statement": 16900000.0,
        "Amortization": 16900000.0,
        "Amortization Of Intangibles Income Statement": 16900000.0,
        "Selling General And Administration": 116000000.0,
        "Gross Profit": 218600000.0,
        "Cost Of Revenue": 995000000.0,
        "Total Revenue": 1213600000.0,
        "Operating Revenue": 1213600000.0
    },
    "2022-12-31": {
        "Tax Effect Of Unusual Items": NaN,
        "Tax Rate For Calcs": NaN,
        "Normalized EBITDA": NaN,
        "Total Unusual Items": NaN,
        "Total Unusual Items Excluding Goodwill": NaN,
        "Net Income From Continuing Operation Net Minority Interest": NaN,
        "Reconciled Depreciation": NaN,
        "Reconciled Cost Of Revenue": NaN,
        "EBITDA": NaN,
        "EBIT": NaN,
        "Net Interest Income": NaN,
        "Interest Expense": NaN,
        "Interest Income": NaN,
        "Normalized Income": NaN,
        "Net Income From Continuing And Discontinued Operation": NaN,
        "Total Expenses": NaN,
        "Diluted Average Shares": NaN,
        "Basic Average Shares": NaN,
        "Diluted EPS": NaN,
        "Basic EPS": NaN,
        "Diluted NI Availto Com Stockholders": NaN,
        "Net Income Common Stockholders": NaN,
        "Net Income": NaN,
        "Minority Interests": NaN,
        "Net Income Including Noncontrolling Interests": NaN,
        "Net Income Continuous Operations": NaN,
        "Tax Provision": NaN,
        "Pretax Income": NaN,
        "Other Income Expense": NaN,
        "Other Non Operating Income Expenses": NaN,
        "Special Income Charges": NaN,
        "Gain On Sale Of Ppe": NaN,
        "Write Off": NaN,
        "Impairment Of Capital Assets": NaN,
        "Restructuring And Mergern Acquisition": 0.0,
        "Gain On Sale Of Security": 3400000.0,
        "Net Non Operating Interest Income Expense": NaN,
        "Interest Expense Non Operating": NaN,
        "Interest Income Non Operating": NaN,
        "Operating Income": NaN,
        "Operating Expense": NaN,
        "Depreciation Amortization Depletion Income Statement": NaN,
        "Depreciation And Amortization In Income Statement": NaN,
        "Amortization": NaN,
        "Amortization Of Intangibles Income Statement": NaN,
        "Selling General And Administration": NaN,
        "General And Administrative Expense": NaN,
        "Other Gand A": NaN,
        "Salaries And Wages": NaN,
        "Gross Profit": NaN,
        "Cost Of Revenue": NaN,
        "Total Revenue": NaN,
        "Operating Revenue": NaN
    },
    "2022-09-30": {
        "Tax Effect Of Unusual Items": NaN,
        "Tax Rate For Calcs": NaN,
        "Normalized EBITDA": NaN,
        "Total Unusual Items": NaN,
        "Total Unusual Items Excluding Goodwill": NaN,
        "Net Income From Continuing Operation Net Minority Interest": NaN,
        "Reconciled Depreciation": NaN,
        "Reconciled Cost Of Revenue": NaN,
        "EBITDA": NaN,
        "EBIT": NaN,
        "Net Interest Income": NaN,
        "Interest Expense": NaN,
        "Interest Income": NaN,
        "Normalized Income": NaN,
        "Net Income From Continuing And Discontinued Operation": NaN,
        "Total Expenses": NaN,
        "Diluted Average Shares": NaN,
        "Basic Average Shares": NaN,
        "Diluted EPS": NaN,
        "Basic EPS": NaN,
        "Diluted NI Availto Com Stockholders": NaN,
        "Net Income Common Stockholders": NaN,
        "Net Income": NaN,
        "Minority Interests": NaN,
        "Net Income Including Noncontrolling Interests": NaN,
        "Net Income Continuous Operations": NaN,
        "Tax Provision": NaN,
        "Pretax Income": NaN,
        "Other Income Expense": NaN,
        "Other Non Operating Income Expenses": NaN,
        "Special Income Charges": NaN,
        "Gain On Sale Of Ppe": NaN,
        "Restructuring And Mergern Acquisition": 1400000.0,
        "Gain On Sale Of Security": -300000.0,
        "Net Non Operating Interest Income Expense": NaN,
        "Interest Expense Non Operating": NaN,
        "Interest Income Non Operating": NaN,
        "Operating Income": NaN,
        "Operating Expense": NaN,
        "Depreciation Amortization Depletion Income Statement": NaN,
        "Depreciation And Amortization In Income Statement": NaN,
        "Amortization": NaN,
        "Amortization Of Intangibles Income Statement": NaN,
        "Selling General And Administration": NaN,
        "Gross Profit": NaN,
        "Cost Of Revenue": NaN,
        "Total Revenue": NaN,
        "Operating Revenue": NaN
    },
    "2022-06-30": {
        "Tax Effect Of Unusual Items": 0.0,
        "Tax Rate For Calcs": 0.226016,
        "Normalized EBITDA": 187500000.0,
        "Total Unusual Items": 700000.0,
        "Total Unusual Items Excluding Goodwill": 700000.0,
        "Net Income From Continuing Operation Net Minority Interest": 95200000.0,
        "Reconciled Depreciation": 44500000.0,
        "Reconciled Cost Of Revenue": 1037700000.0,
        "EBITDA": 187500000.0,
        "EBIT": 143000000.0,
        "Net Interest Income": -20000000.0,
        "Interest Expense": 20000000.0,
        "Interest Income": 1100000.0,
        "Normalized Income": 95200000.0,
        "Net Income From Continuing And Discontinued Operation": 95200000.0,
        "Total Expenses": 1187600000.0,
        "Diluted Average Shares": 136700000.0,
        "Basic Average Shares": 136300000.0,
        "Diluted EPS": 0.7,
        "Basic EPS": 0.7,
        "Diluted NI Availto Com Stockholders": 95200000.0,
        "Net Income Common Stockholders": 95200000.0,
        "Net Income": 95200000.0,
        "Minority Interests": 0.0,
        "Net Income Including Noncontrolling Interests": 95200000.0,
        "Net Income Continuous Operations": 95200000.0,
        "Tax Provision": 27800000.0,
        "Pretax Income": 123000000.0,
        "Other Income Expense": -3600000.0,
        "Other Non Operating Income Expenses": -3600000.0,
        "Special Income Charges": 700000.0,
        "Gain On Sale Of Ppe": 700000.0,
        "Restructuring And Mergern Acquisition": NaN,
        "Gain On Sale Of Security": NaN,
        "Net Non Operating Interest Income Expense": -20000000.0,
        "Interest Expense Non Operating": 20000000.0,
        "Interest Income Non Operating": 1100000.0,
        "Operating Income": 146600000.0,
        "Operating Expense": 121800000.0,
        "Depreciation Amortization Depletion Income Statement": 16400000.0,
        "Depreciation And Amortization In Income Statement": 16400000.0,
        "Amortization": 16400000.0,
        "Amortization Of Intangibles Income Statement": 16400000.0,
        "Selling General And Administration": 105400000.0,
        "Gross Profit": 268400000.0,
        "Cost Of Revenue": 1065800000.0,
        "Total Revenue": 1334200000.0,
        "Operating Revenue": 1334200000.0
    },
    "2022-03-31": {
        "Diluted EPS": 0.66,
        "Total Revenue": NaN,
        "Gross Profit": 267,
        "Operating Income": 139,
        "EBIT": 184,
        "Net Income": 90
    },
    "2021-12-31": {
        "Diluted EPS": 0.77,
        "Total Revenue": NaN,
        "Gross Profit": 265,
        "Operating Income": 150,
        "EBIT": 196,
        "Net Income": 106
    },
    "2021-09-30": {
        "Diluted EPS": 0.71,
        "Total Revenue": NaN,
        "Gross Profit": 256,
        "Operating Income": 135,
        "EBIT": 181,
        "Net Income": 97
    },
    "2021-06-30": {
        "Diluted EPS": 0.82,
        "Total Revenue": NaN,
        "Gross Profit": 269,
        "Operating Income": 139,
        "EBIT": 187,
        "Net Income": 112
    },
    "2021-03-31": {
        "Diluted EPS": 0.64,
        "Total Revenue": NaN,
        "Gross Profit": 248,
        "Operating Income": 125,
        "EBIT": 172,
        "Net Income": 88
    },
    "2020-12-31": {
        "Diluted EPS": 0.79,
        "Total Revenue": NaN,
        "Gross Profit": 267,
        "Operating Income": 147,
        "EBIT": 195,
        "Net Income": 108
    },
    "2020-09-30": {
        "Diluted EPS": 0.79,
        "Total Revenue": NaN,
        "Gross Profit": 270,
        "Operating Income": 148,
        "EBIT": 195,
        "Net Income": 107
    },
    "2020-06-30": {
        "Diluted EPS": -0.05,
        "Total Revenue": 845,
        "Gross Profit": 147,
        "Operating Income": 33,
        "EBIT": 105,
        "Net Income": -6
    },
    "2020-03-31": {
        "Diluted EPS": 0.33,
        "Total Revenue": NaN,
        "Gross Profit": 221,
        "Operating Income": 87,
        "EBIT": 134,
        "Net Income": 44
    },
    "2019-12-31": {
        "Diluted EPS": 0.49,
        "Total Revenue": NaN,
        "Gross Profit": 246,
        "Operating Income": 112,
        "EBIT": 159,
        "Net Income": 67
    },
    "2019-09-30": {
        "Diluted EPS": 0.74,
        "Total Revenue": NaN,
        "Gross Profit": 276,
        "Operating Income": 144,
        "EBIT": 192,
        "Net Income": 100
    },
    "2019-06-30": {
        "Diluted EPS": 0.64,
        "Total Revenue": NaN,
        "Gross Profit": 270,
        "Operating Income": 135,
        "EBIT": 185,
        "Net Income": 86
    },
    "2019-03-31": {
        "Diluted EPS": 0.45,
        "Total Revenue": NaN,
        "Gross Profit": 233,
        "Operating Income": 100,
        "EBIT": 147,
        "Net Income": 61
    },
    "2018-12-31": {
        "Diluted EPS": 0.39,
        "Total Revenue": NaN,
        "Gross Profit": 213,
        "Operating Income": 96,
        "EBIT": 131,
        "Net Income": 53
    },
    "2018-09-30": {
        "Diluted EPS": 0.67,
        "Total Revenue": NaN,
        "Gross Profit": 227,
        "Operating Income": 121,
        "EBIT": 155,
        "Net Income": 90
    },
    "2018-06-30": {
        "Diluted EPS": 0.63,
        "Total Revenue": NaN,
        "Gross Profit": 231,
        "Operating Income": 118,
        "EBIT": 152,
        "Net Income": 85
    },
    "2018-03-31": {
        "Diluted EPS": 0.57,
        "Total Revenue": NaN,
        "Gross Profit": 217,
        "Operating Income": 108,
        "EBIT": 141,
        "Net Income": 78
    },
    "2017-12-31": {
        "Diluted EPS": 0.27,
        "Total Revenue": 985,
        "Gross Profit": 209,
        "Operating Income": 110,
        "EBIT": 140,
        "Net Income": 36
    },
    "2017-09-30": {
        "Diluted EPS": 0.6,
        "Total Revenue": NaN,
        "Gross Profit": 217,
        "Operating Income": 115,
        "EBIT": 148,
        "Net Income": 83
    },
    "2017-06-30": {
        "Diluted EPS": 0.64,
        "Total Revenue": 989,
        "Gross Profit": 231,
        "Operating Income": 121,
        "EBIT": 153,
        "Net Income": 88
    },
    "2017-03-31": {
        "Diluted EPS": 0.62,
        "Total Revenue": 960,
        "Gross Profit": 227,
        "Operating Income": 116,
        "EBIT": 146,
        "Net Income": 86
    },
    "2016-12-31": {
        "Diluted EPS": 0.59,
        "Total Revenue": 904,
        "Gross Profit": 207,
        "Operating Income": 105,
        "EBIT": 134,
        "Net Income": 82
    },
    "2016-09-30": {
        "Diluted EPS": 0.67,
        "Total Revenue": 949,
        "Gross Profit": 227,
        "Operating Income": 128,
        "EBIT": 158,
        "Net Income": 94
    },
    "2016-06-30": {
        "Diluted EPS": 0.87,
        "Total Revenue": 959,
        "Gross Profit": 234,
        "Operating Income": 130,
        "EBIT": 162,
        "Net Income": 121
    },
    "2016-03-31": {
        "Diluted EPS": 0.63,
        "Total Revenue": 938,
        "Gross Profit": 234,
        "Operating Income": 123,
        "EBIT": 152,
        "Net Income": 90
    },
    "2015-12-31": {
        "Diluted EPS": 0.57,
        "Total Revenue": 945,
        "Gross Profit": 234,
        "Operating Income": 113,
        "EBIT": 137,
        "Net Income": 81
    },
    "2015-09-30": {
        "Diluted EPS": 0.67,
        "Total Revenue": NaN,
        "Gross Profit": 241,
        "Operating Income": 139,
        "EBIT": 168,
        "Net Income": 95
    },
    "2015-06-30": {
        "Diluted EPS": 0.54,
        "Total Revenue": 997,
        "Gross Profit": 231,
        "Operating Income": 119,
        "EBIT": 146,
        "Net Income": 78
    },
    "2015-03-31": {
        "Diluted EPS": 0.5,
        "Total Revenue": 966,
        "Gross Profit": 218,
        "Operating Income": 115,
        "EBIT": 149,
        "Net Income": 72
    },
    "2014-12-31": {
        "Diluted EPS": 0.14,
        "Total Revenue": 953,
        "Gross Profit": 204,
        "Operating Income": 67,
        "EBIT": 97,
        "Net Income": 21
    },
    "2014-09-30": {
        "Diluted EPS": 0.34,
        "Total Revenue": 997,
        "Gross Profit": 209,
        "Operating Income": 73,
        "EBIT": 102,
        "Net Income": 48
    },
    "2014-06-30": {
        "Diluted EPS": -0.17,
        "Total Revenue": 956,
        "Gross Profit": 201,
        "Operating Income": 102,
        "EBIT": 239,
        "Net Income": -24
    },
    "2014-03-31": {
        "Diluted EPS": 0.37,
        "Total Revenue": 876,
        "Gross Profit": 177,
        "Operating Income": 80,
        "EBIT": 109,
        "Net Income": 53
    },
    "2013-12-31": {
        "Diluted EPS": 0.04,
        "Total Revenue": 708,
        "Gross Profit": 142,
        "Operating Income": 57,
        "EBIT": 154,
        "Net Income": 6
    },
    "2013-09-30": {
        "Diluted EPS": 0.49,
        "Total Revenue": 878,
        "Gross Profit": 180,
        "Operating Income": 89,
        "EBIT": 118,
        "Net Income": 71
    },
    "2013-06-30": {
        "Diluted EPS": 0.48,
        "Total Revenue": 959,
        "Gross Profit": 199,
        "Operating Income": 95,
        "EBIT": 125,
        "Net Income": 71
    },
    "2013-03-31": {
        "Diluted EPS": 0.33,
        "Total Revenue": 933,
        "Gross Profit": 189,
        "Operating Income": 76,
        "EBIT": 105,
        "Net Income": 49
    },
    "2012-12-31": {
        "Diluted EPS": 0.5,
        "Total Revenue": 555,
        "Gross Profit": 126,
        "Operating Income": 55,
        "EBIT": 85,
        "Net Income": 74
    },
    "2012-09-30": {
        "Diluted EPS": 0.45,
        "Total Revenue": 978,
        "Gross Profit": 205,
        "Operating Income": 104,
        "EBIT": 136,
        "Net Income": 66
    },
    "2012-06-30": {
        "Diluted EPS": 0.45,
        "Total Revenue": 935,
        "Gross Profit": 187,
        "Operating Income": 89,
        "EBIT": 117,
        "Net Income": 65
    },
    "2012-03-31": {
        "Diluted EPS": 0.3,
        "Total Revenue": 947,
        "Gross Profit": 178,
        "Operating Income": 74,
        "EBIT": 103,
        "Net Income": 44
    },
    "2011-12-31": {
        "Diluted EPS": 0.06,
        "Total Revenue": 837,
        "Gross Profit": 146,
        "Operating Income": 53,
        "EBIT": 81,
        "Net Income": 9
    },
    "2011-09-30": {
        "Diluted EPS": 0.31,
        "Total Revenue": 941,
        "Gross Profit": 170,
        "Operating Income": 72,
        "EBIT": 100,
        "Net Income": 45
    },
    "2011-06-30": {
        "Diluted EPS": 0.37,
        "Total Revenue": 945,
        "Gross Profit": 182,
        "Operating Income": 79,
        "EBIT": 109,
        "Net Income": 55
    },
    "2011-03-31": {
        "Diluted EPS": 0.3,
        "Total Revenue": 896,
        "Gross Profit": 170,
        "Operating Income": 69,
        "EBIT": 100,
        "Net Income": 45
    },
    "2010-12-31": {
        "Diluted EPS": 0.21,
        "Total Revenue": 802,
        "Gross Profit": 142,
        "Operating Income": 51,
        "EBIT": 83,
        "Net Income": 31
    },
    "2010-09-30": {
        "Diluted EPS": 0.31,
        "Total Revenue": 867,
        "Gross Profit": 169,
        "Operating Income": 76,
        "EBIT": 106,
        "Net Income": 47
    },
    "2010-06-30": {
        "Diluted EPS": 0.34,
        "Total Revenue": 874,
        "Gross Profit": 180,
        "Operating Income": 86,
        "EBIT": 115,
        "Net Income": 53
    },
    "2010-03-31": {
        "Diluted EPS": 0.29,
        "Total Revenue": 816,
        "Gross Profit": 166,
        "Operating Income": 68,
        "EBIT": 100,
        "Net Income": 45
    },
    "2009-12-31": {
        "Diluted EPS": 0.22,
        "Total Revenue": 770,
        "Gross Profit": 170,
        "Operating Income": 78,
        "EBIT": 114,
        "Net Income": 35
    },
    "2009-09-30": {
        "Diluted EPS": 0.34,
        "Total Revenue": 810,
        "Gross Profit": 187,
        "Operating Income": 97,
        "EBIT": 130,
        "Net Income": 54
    },
    "2009-06-30": {
        "Diluted EPS": 0.12,
        "Total Revenue": 757,
        "Gross Profit": 147,
        "Operating Income": 53,
        "EBIT": 86,
        "Net Income": 19
    },
    "2009-03-31": {
        "Diluted EPS": 0.02,
        "Total Revenue": 718,
        "Gross Profit": 125,
        "Operating Income": 19,
        "EBIT": 50,
        "Net Income": 3
    },
    "2023-09-30": {
        "Tax Effect Of Unusual Items": 1225000.0,
        "Tax Rate For Calcs": 0.25,
        "Normalized EBITDA": 133000000.0,
        "Total Unusual Items": 4900000.0,
        "Total Unusual Items Excluding Goodwill": 4900000.0,
        "Net Income From Continuing Operation Net Minority Interest": 52800000.0,
        "Reconciled Depreciation": 45000000.0,
        "Reconciled Cost Of Revenue": 934000000.0,
        "EBITDA": 137900000.0,
        "EBIT": 92900000.0,
        "Net Interest Income": -20500000.0,
        "Interest Expense": 22000000.0,
        "Interest Income": 1500000.0,
        "Normalized Income": 49125000.0,
        "Net Income From Continuing And Discontinued Operation": 52800000.0,
        "Total Expenses": 1088100000.0,
        "Diluted Average Shares": 136800000.0,
        "Basic Average Shares": 136400000.0,
        "Diluted EPS": 0.39,
        "Basic EPS": 0.39,
        "Diluted NI Availto Com Stockholders": 52800000.0,
        "Net Income Common Stockholders": 52800000.0,
        "Net Income": 52800000.0,
        "Minority Interests": -100000.0,
        "Net Income Including Noncontrolling Interests": 52900000.0,
        "Net Income Continuous Operations": 52900000.0,
        "Tax Provision": 18000000.0,
        "Pretax Income": 70900000.0,
        "Other Income Expense": 4100000.0,
        "Other Non Operating Income Expenses": -800000.0,
        "Special Income Charges": 6600000.0,
        "Gain On Sale Of Ppe": 5500000.0,
        "Write Off": NaN,
        "Impairment Of Capital Assets": NaN,
        "Restructuring And Mergern Acquisition": -1100000.0,
        "Gain On Sale Of Security": -1700000.0,
        "Net Non Operating Interest Income Expense": -20500000.0,
        "Interest Expense Non Operating": 22000000.0,
        "Interest Income Non Operating": 1500000.0,
        "Operating Income": 87300000.0,
        "Operating Expense": 127000000.0,
        "Depreciation Amortization Depletion Income Statement": 17900000.0,
        "Depreciation And Amortization In Income Statement": 17900000.0,
        "Amortization": 17900000.0,
        "Amortization Of Intangibles Income Statement": 17900000.0,
        "Selling General And Administration": 109100000.0,
        "General And Administrative Expense": 109100000.0,
        "Other Gand A": 109100000.0,
        "Salaries And Wages": NaN,
        "Gross Profit": 214300000.0,
        "Cost Of Revenue": 961100000.0,
        "Total Revenue": 1175400000.0,
        "Operating Revenue": 1175400000.0
    },
    "2023-12-31": {
        "Tax Effect Of Unusual Items": -98726637.328501,
        "Tax Rate For Calcs": 0.230132,
        "Normalized EBITDA": 108700000.0,
        "Total Unusual Items": -429000000.0,
        "Total Unusual Items Excluding Goodwill": -429000000.0,
        "Net Income From Continuing Operation Net Minority Interest": -297300000.0,
        "Reconciled Depreciation": 44800000.0,
        "Reconciled Cost Of Revenue": 887900000.0,
        "EBITDA": -320300000.0,
        "EBIT": -365100000.0,
        "Net Interest Income": -19500000.0,
        "Interest Expense": 21200000.0,
        "Interest Income": 1700000.0,
        "Normalized Income": 32973362.671499,
        "Net Income From Continuing And Discontinued Operation": -297300000.0,
        "Total Expenses": 1053800000.0,
        "Diluted Average Shares": 136500000.0,
        "Basic Average Shares": 136500000.0,
        "Diluted EPS": -2.18,
        "Basic EPS": -2.178022,
        "Diluted NI Availto Com Stockholders": -297300000.0,
        "Net Income Common Stockholders": -297300000.0,
        "Net Income": -297300000.0,
        "Minority Interests": 100000.0,
        "Net Income Including Noncontrolling Interests": -297400000.0,
        "Net Income Continuous Operations": -297400000.0,
        "Tax Provision": -88900000.0,
        "Pretax Income": -386300000.0,
        "Other Income Expense": -428900000.0,
        "Other Non Operating Income Expenses": 100000.0,
        "Special Income Charges": -430900000.0,
        "Gain On Sale Of Ppe": 14100000.0,
        "Write Off": NaN,
        "Impairment Of Capital Assets": NaN,
        "Restructuring And Mergern Acquisition": -2300000.0,
        "Gain On Sale Of Security": 1900000.0,
        "Net Non Operating Interest Income Expense": -19500000.0,
        "Interest Expense Non Operating": 21200000.0,
        "Interest Income Non Operating": 1700000.0,
        "Operating Income": 61300000.0,
        "Operating Expense": 138500000.0,
        "Depreciation Amortization Depletion Income Statement": 17400000.0,
        "Depreciation And Amortization In Income Statement": 17400000.0,
        "Amortization": 17400000.0,
        "Amortization Of Intangibles Income Statement": 17400000.0,
        "Selling General And Administration": 121100000.0,
        "General And Administrative Expense": 121100000.0,
        "Other Gand A": 121100000.0,
        "Salaries And Wages": NaN,
        "Gross Profit": 199800000.0,
        "Cost Of Revenue": 915300000.0,
        "Total Revenue": 1115100000.0,
        "Operating Revenue": 1115100000.0
    },
    "2024-03-31": {
        "Tax Effect Of Unusual Items": 2550000.0,
        "Tax Rate For Calcs": 0.25,
        "Normalized EBITDA": 86700000.0,
        "Total Unusual Items": 10200000.0,
        "Total Unusual Items Excluding Goodwill": 10200000.0,
        "Net Income From Continuing Operation Net Minority Interest": 31600000.0,
        "Reconciled Depreciation": 32900000.0,
        "Reconciled Cost Of Revenue": 882500000.0,
        "EBITDA": 96900000.0,
        "EBIT": 64000000.0,
        "Net Interest Income": -20600000.0,
        "Interest Expense": 21600000.0,
        "Interest Income": 1000000.0,
        "Normalized Income": 23950000.0,
        "Net Income From Continuing And Discontinued Operation": 31600000.0,
        "Total Expenses": 1041300000.0,
        "Diluted Average Shares": 137300000.0,
        "Basic Average Shares": 136800000.0,
        "Diluted EPS": 0.23,
        "Basic EPS": 0.23,
        "Diluted NI Availto Com Stockholders": 31600000.0,
        "Net Income Common Stockholders": 31600000.0,
        "Net Income": 31600000.0,
        "Minority Interests": 0.0,
        "Net Income Including Noncontrolling Interests": 31600000.0,
        "Net Income Continuous Operations": 31600000.0,
        "Tax Provision": 10800000.0,
        "Pretax Income": 42400000.0,
        "Other Income Expense": 7400000.0,
        "Other Non Operating Income Expenses": -2800000.0,
        "Special Income Charges": 10200000.0,
        "Gain On Sale Of Ppe": 10200000.0,
        "Write Off": NaN,
        "Impairment Of Capital Assets": NaN,
        "Restructuring And Mergern Acquisition": NaN,
        "Gain On Sale Of Security": NaN,
        "Net Non Operating Interest Income Expense": -20600000.0,
        "Interest Expense Non Operating": 21600000.0,
        "Interest Income Non Operating": 1000000.0,
        "Operating Income": 55600000.0,
        "Operating Expense": 130800000.0,
        "Depreciation Amortization Depletion Income Statement": 4900000.0,
        "Depreciation And Amortization In Income Statement": 4900000.0,
        "Amortization": 4900000.0,
        "Amortization Of Intangibles Income Statement": 4900000.0,
        "Selling General And Administration": 125900000.0,
        "General And Administrative Expense": 125900000.0,
        "Other Gand A": 125900000.0,
        "Salaries And Wages": NaN,
        "Gross Profit": 186400000.0,
        "Cost Of Revenue": 910500000.0,
        "Total Revenue": 1096900000.0,
        "Operating Revenue": 1096900000.0
    },
    "2024-06-30": {
        "Tax Effect Of Unusual Items": -33390000.0,
        "Tax Rate For Calcs": 0.05,
        "Normalized EBITDA": 88500000.0,
        "Total Unusual Items": -667800000.0,
        "Total Unusual Items Excluding Goodwill": -667800000.0,
        "Net Income From Continuing Operation Net Minority Interest": -602200000.0,
        "Reconciled Depreciation": 32600000.0,
        "Reconciled Cost Of Revenue": 914200000.0,
        "EBITDA": -579300000.0,
        "EBIT": -611900000.0,
        "Net Interest Income": -20000000.0,
        "Interest Expense": 22400000.0,
        "Interest Income": 2400000.0,
        "Normalized Income": 32210000.0,
        "Net Income From Continuing And Discontinued Operation": -602200000.0,
        "Total Expenses": 1077900000.0,
        "Diluted Average Shares": 137300000.0,
        "Basic Average Shares": 137300000.0,
        "Diluted EPS": -4.39,
        "Basic EPS": -4.39,
        "Diluted NI Availto Com Stockholders": -602200000.0,
        "Net Income Common Stockholders": -602200000.0,
        "Net Income": -602200000.0,
        "Minority Interests": -100000.0,
        "Net Income Including Noncontrolling Interests": -602100000.0,
        "Net Income Continuous Operations": -602100000.0,
        "Tax Provision": -32200000.0,
        "Pretax Income": -634300000.0,
        "Other Income Expense": -665000000.0,
        "Other Non Operating Income Expenses": 2800000.0,
        "Special Income Charges": -670400000.0,
        "Gain On Sale Of Ppe": 6800000.0,
        "Write Off": NaN,
        "Impairment Of Capital Assets": 675600000.0,
        "Restructuring And Mergern Acquisition": 1600000.0,
        "Gain On Sale Of Security": 2600000.0,
        "Net Non Operating Interest Income Expense": -20000000.0,
        "Interest Expense Non Operating": 22400000.0,
        "Interest Income Non Operating": 2400000.0,
        "Operating Income": 50700000.0,
        "Operating Expense": 135800000.0,
        "Depreciation Amortization Depletion Income Statement": 4700000.0,
        "Depreciation And Amortization In Income Statement": 4700000.0,
        "Amortization": 4700000.0,
        "Amortization Of Intangibles Income Statement": 4700000.0,
        "Selling General And Administration": 131100000.0,
        "General And Administrative Expense": 131100000.0,
        "Other Gand A": 131500000.0,
        "Salaries And Wages": -400000.0,
        "Gross Profit": 186500000.0,
        "Cost Of Revenue": 942100000.0,
        "Total Revenue": 1128600000.0,
        "Operating Revenue": 1128600000.0
    }
}