{
    "2023-03-31": {
        "Tax Effect Of Unusual Items": NaN,
        "Tax Rate For Calcs": NaN,
        "Normalized EBITDA": NaN,
        "Total Unusual Items": NaN,
        "Total Unusual Items Excluding Goodwill": NaN,
        "Net Income From Continuing Operation Net Minority Interest": NaN,
        "Reconciled Depreciation": 5181000.0,
        "Reconciled Cost Of Revenue": NaN,
        "EBITDA": NaN,
        "EBIT": NaN,
        "Net Interest Income": NaN,
        "Interest Expense": NaN,
        "Interest Income": 6755000.0,
        "Normalized Income": NaN,
        "Net Income From Continuing And Discontinued Operation": NaN,
        "Total Expenses": NaN,
        "Diluted Average Shares": 165248536.0,
        "Basic Average Shares": 165248536.0,
        "Diluted EPS": -0.68,
        "Basic EPS": -0.68,
        "Diluted NI Availto Com Stockholders": NaN,
        "Net Income Common Stockholders": NaN,
        "Net Income": NaN,
        "Net Income Including Noncontrolling Interests": NaN,
        "Net Income Continuous Operations": NaN,
        "Tax Provision": NaN,
        "Pretax Income": NaN,
        "Other Income Expense": NaN,
        "Other Non Operating Income Expenses": NaN,
        "Gain On Sale Of Security": NaN,
        "Net Non Operating Interest Income Expense": NaN,
        "Interest Expense Non Operating": NaN,
        "Interest Income Non Operating": 6755000.0,
        "Operating Income": NaN,
        "Operating Expense": NaN,
        "Other Operating Expenses": -710000.0,
        "Research And Development": NaN,
        "Selling General And Administration": NaN,
        "Selling And Marketing Expense": NaN,
        "General And Administrative Expense": NaN,
        "Other Gand A": NaN,
        "Gross Profit": NaN,
        "Cost Of Revenue": NaN,
        "Total Revenue": NaN,
        "Operating Revenue": NaN
    },
    "2022-06-30": {
        "Tax Effect Of Unusual Items": -26360000.0,
        "Tax Rate For Calcs": 0.4,
        "Normalized EBITDA": -125528000.0,
        "Total Unusual Items": -65900000.0,
        "Total Unusual Items Excluding Goodwill": -65900000.0,
        "Net Income From Continuing Operation Net Minority Interest": -193228000.0,
        "Reconciled Depreciation": 4106000.0,
        "Reconciled Cost Of Revenue": 16939000.0,
        "EBITDA": -191428000.0,
        "EBIT": -191428000.0,
        "Net Interest Income": -1643000.0,
        "Interest Expense": 1643000.0,
        "Normalized Income": -153688000.0,
        "Net Income From Continuing And Discontinued Operation": -193228000.0,
        "Total Expenses": 131256000.0,
        "Diluted Average Shares": 154888908.0,
        "Basic Average Shares": 154888908.0,
        "Diluted EPS": -1.24,
        "Basic EPS": -1.24,
        "Diluted NI Availto Com Stockholders": -193228000.0,
        "Net Income Common Stockholders": -193228000.0,
        "Net Income": -193228000.0,
        "Net Income Including Noncontrolling Interests": -193228000.0,
        "Net Income Continuous Operations": -193228000.0,
        "Tax Provision": 157000.0,
        "Pretax Income": -193071000.0,
        "Other Income Expense": -72143000.0,
        "Other Non Operating Income Expenses": -6243000.0,
        "Gain On Sale Of Security": -65900000.0,
        "Net Non Operating Interest Income Expense": -1643000.0,
        "Interest Expense Non Operating": 1643000.0,
        "Operating Income": -119285000.0,
        "Operating Expense": 114317000.0,
        "Research And Development": 68827000.0,
        "Selling General And Administration": 45490000.0,
        "Selling And Marketing Expense": 27440000.0,
        "General And Administrative Expense": 18050000.0,
        "Other Gand A": 18050000.0,
        "Gross Profit": -4968000.0,
        "Cost Of Revenue": 16939000.0,
        "Total Revenue": 11971000.0,
        "Operating Revenue": 11937000.0
    },
    "2022-03-31": {
        "Diluted EPS": -0.27,
        "Total Revenue": 42,
        "Gross Profit": 42,
        "Operating Income": -75,
        "EBIT": -71,
        "Net Income": -41
    },
    "2021-12-31": {
        "Diluted EPS": -0.74,
        "Total Revenue": 15,
        "Gross Profit": 15,
        "Operating Income": -141,
        "EBIT": -141,
        "Net Income": -106
    },
    "2021-09-30": {
        "Diluted EPS": -0.86,
        "Total Revenue": 17,
        "Gross Profit": 17,
        "Operating Income": -89,
        "EBIT": -89,
        "Net Income": -125
    },
    "2021-06-30": {
        "Diluted EPS": -0.66,
        "Total Revenue": 22,
        "Gross Profit": 22,
        "Operating Income": -90,
        "EBIT": -90,
        "Net Income": -92
    },
    "2021-03-31": {
        "Diluted EPS": -0.6,
        "Total Revenue": 14,
        "Gross Profit": 14,
        "Operating Income": -81,
        "EBIT": -77,
        "Net Income": -81
    },
    "2020-12-31": {
        "Diluted EPS": -0.38,
        "Total Revenue": 42,
        "Gross Profit": 42,
        "Operating Income": -58,
        "EBIT": -58,
        "Net Income": -58
    },
    "2020-09-30": {
        "Diluted EPS": -0.5,
        "Total Revenue": 13,
        "Gross Profit": 13,
        "Operating Income": -67,
        "EBIT": -67,
        "Net Income": -67
    },
    "2020-06-30": {
        "Diluted EPS": -1.25,
        "Total Revenue": 13,
        "Gross Profit": 13,
        "Operating Income": -55,
        "EBIT": -55,
        "Net Income": -135
    },
    "2020-03-31": {
        "Diluted EPS": -0.44,
        "Total Revenue": 14,
        "Gross Profit": 14,
        "Operating Income": -44,
        "EBIT": -44,
        "Net Income": -44
    },
    "2019-12-31": {
        "Diluted EPS": -0.65,
        "Total Revenue": 20,
        "Gross Profit": 20,
        "Operating Income": -62,
        "EBIT": -62,
        "Net Income": -64
    },
    "2019-09-30": {
        "Diluted EPS": -0.28,
        "Total Revenue": 21,
        "Gross Profit": 21,
        "Operating Income": -28,
        "EBIT": -28,
        "Net Income": -28
    },
    "2019-06-30": {
        "Diluted EPS": -0.28,
        "Total Revenue": 11,
        "Gross Profit": 11,
        "Operating Income": -28,
        "EBIT": -28,
        "Net Income": -29
    },
    "2019-03-31": {
        "Diluted EPS": -0.12,
        "Total Revenue": 13,
        "Gross Profit": 13,
        "Operating Income": -12,
        "EBIT": -12,
        "Net Income": -12
    },
    "2018-12-31": {
        "Diluted EPS": 0.0,
        "Total Revenue": NaN,
        "Gross Profit": NaN,
        "Operating Income": NaN,
        "EBIT": NaN,
        "Net Income": NaN
    },
    "2023-06-30": {
        "Tax Effect Of Unusual Items": -22048740.0,
        "Tax Rate For Calcs": 0.21,
        "Normalized EBITDA": -88659000.0,
        "Total Unusual Items": -104994000.0,
        "Total Unusual Items Excluding Goodwill": -104994000.0,
        "Net Income From Continuing Operation Net Minority Interest": -199128000.0,
        "Reconciled Depreciation": NaN,
        "Reconciled Cost Of Revenue": 32672000.0,
        "EBITDA": -193653000.0,
        "EBIT": -193653000.0,
        "Net Interest Income": 13580000.0,
        "Interest Expense": 5185000.0,
        "Interest Income": NaN,
        "Normalized Income": -116182740.0,
        "Net Income From Continuing And Discontinued Operation": -199128000.0,
        "Total Expenses": 176293000.0,
        "Diluted Average Shares": NaN,
        "Basic Average Shares": NaN,
        "Diluted EPS": NaN,
        "Basic EPS": NaN,
        "Diluted NI Availto Com Stockholders": -199128000.0,
        "Net Income Common Stockholders": -199128000.0,
        "Net Income": -199128000.0,
        "Net Income Including Noncontrolling Interests": -199128000.0,
        "Net Income Continuous Operations": -199128000.0,
        "Tax Provision": 290000.0,
        "Pretax Income": -198838000.0,
        "Other Income Expense": -109455000.0,
        "Other Non Operating Income Expenses": -4461000.0,
        "Gain On Sale Of Security": -104994000.0,
        "Net Non Operating Interest Income Expense": 13580000.0,
        "Interest Expense Non Operating": 5185000.0,
        "Interest Income Non Operating": NaN,
        "Operating Income": -102963000.0,
        "Operating Expense": 143621000.0,
        "Other Operating Expenses": NaN,
        "Research And Development": 95791000.0,
        "Selling General And Administration": 49182000.0,
        "Selling And Marketing Expense": 21429000.0,
        "General And Administrative Expense": 27753000.0,
        "Other Gand A": 27753000.0,
        "Gross Profit": 40658000.0,
        "Cost Of Revenue": 32672000.0,
        "Total Revenue": 73330000.0,
        "Operating Revenue": 73267000.0
    },
    "2023-09-30": {
        "Tax Effect Of Unusual Items": 46876.326106,
        "Tax Rate For Calcs": 0.004608,
        "Normalized EBITDA": -61820000.0,
        "Total Unusual Items": 10172000.0,
        "Total Unusual Items Excluding Goodwill": 10172000.0,
        "Net Income From Continuing Operation Net Minority Interest": -62207000.0,
        "Reconciled Depreciation": 5171000.0,
        "Reconciled Cost Of Revenue": 43479000.0,
        "EBITDA": -51648000.0,
        "EBIT": -56819000.0,
        "Net Interest Income": 12744000.0,
        "Interest Expense": 5676000.0,
        "Interest Income": 18420000.0,
        "Normalized Income": -72332123.673894,
        "Net Income From Continuing And Discontinued Operation": -62207000.0,
        "Total Expenses": 188360000.0,
        "Diluted Average Shares": NaN,
        "Basic Average Shares": NaN,
        "Diluted EPS": NaN,
        "Basic EPS": NaN,
        "Diluted NI Availto Com Stockholders": -62207000.0,
        "Net Income Common Stockholders": -62207000.0,
        "Net Income": -62207000.0,
        "Net Income Including Noncontrolling Interests": -62207000.0,
        "Net Income Continuous Operations": -62207000.0,
        "Tax Provision": -288000.0,
        "Pretax Income": -62495000.0,
        "Other Income Expense": 17108000.0,
        "Other Non Operating Income Expenses": 6936000.0,
        "Gain On Sale Of Security": 10172000.0,
        "Net Non Operating Interest Income Expense": 12744000.0,
        "Interest Expense Non Operating": 5676000.0,
        "Interest Income Non Operating": 18420000.0,
        "Operating Income": -92347000.0,
        "Operating Expense": 144881000.0,
        "Other Operating Expenses": -176000.0,
        "Research And Development": 95855000.0,
        "Selling General And Administration": 49202000.0,
        "Selling And Marketing Expense": 21098000.0,
        "General And Administrative Expense": 28104000.0,
        "Other Gand A": 28104000.0,
        "Gross Profit": 52534000.0,
        "Cost Of Revenue": 43479000.0,
        "Total Revenue": 96013000.0,
        "Operating Revenue": 95994000.0
    },
    "2022-12-31": {
        "Tax Effect Of Unusual Items": NaN,
        "Tax Rate For Calcs": NaN,
        "Normalized EBITDA": NaN,
        "Total Unusual Items": NaN,
        "Total Unusual Items Excluding Goodwill": NaN,
        "Net Income From Continuing Operation Net Minority Interest": NaN,
        "Reconciled Depreciation": 5249000.0,
        "Reconciled Cost Of Revenue": NaN,
        "EBITDA": NaN,
        "EBIT": NaN,
        "Net Interest Income": NaN,
        "Interest Expense": NaN,
        "Interest Income": 4889000.0,
        "Normalized Income": NaN,
        "Net Income From Continuing And Discontinued Operation": NaN,
        "Total Expenses": NaN,
        "Diluted Average Shares": NaN,
        "Basic Average Shares": NaN,
        "Diluted EPS": NaN,
        "Basic EPS": NaN,
        "Diluted NI Availto Com Stockholders": NaN,
        "Net Income Common Stockholders": NaN,
        "Net Income": NaN,
        "Net Income Including Noncontrolling Interests": NaN,
        "Net Income Continuous Operations": NaN,
        "Tax Provision": NaN,
        "Pretax Income": NaN,
        "Other Income Expense": NaN,
        "Other Non Operating Income Expenses": NaN,
        "Gain On Sale Of Security": NaN,
        "Net Non Operating Interest Income Expense": NaN,
        "Interest Expense Non Operating": NaN,
        "Interest Income Non Operating": 4889000.0,
        "Operating Income": NaN,
        "Operating Expense": NaN,
        "Other Operating Expenses": -1368000.0,
        "Research And Development": NaN,
        "Selling General And Administration": NaN,
        "Selling And Marketing Expense": NaN,
        "General And Administrative Expense": NaN,
        "Other Gand A": NaN,
        "Gross Profit": NaN,
        "Cost Of Revenue": NaN,
        "Total Revenue": NaN,
        "Operating Revenue": NaN
    },
    "2022-09-30": {
        "Tax Effect Of Unusual Items": 12852000.0,
        "Tax Rate For Calcs": 0.21,
        "Normalized EBITDA": -137646000.0,
        "Total Unusual Items": 61200000.0,
        "Total Unusual Items Excluding Goodwill": 61200000.0,
        "Net Income From Continuing Operation Net Minority Interest": -84956000.0,
        "Reconciled Depreciation": 5110000.0,
        "Reconciled Cost Of Revenue": 25460000.0,
        "EBITDA": -76446000.0,
        "EBIT": -81556000.0,
        "Net Interest Income": 45000.0,
        "Interest Expense": 3248000.0,
        "Interest Income": NaN,
        "Normalized Income": -133304000.0,
        "Net Income From Continuing And Discontinued Operation": -84956000.0,
        "Total Expenses": 171006000.0,
        "Diluted Average Shares": NaN,
        "Basic Average Shares": NaN,
        "Diluted EPS": NaN,
        "Basic EPS": NaN,
        "Diluted NI Availto Com Stockholders": -84956000.0,
        "Net Income Common Stockholders": -84956000.0,
        "Net Income": -84956000.0,
        "Net Income Including Noncontrolling Interests": -84956000.0,
        "Net Income Continuous Operations": -84956000.0,
        "Tax Provision": 152000.0,
        "Pretax Income": -84804000.0,
        "Other Income Expense": 58796000.0,
        "Other Non Operating Income Expenses": -2404000.0,
        "Gain On Sale Of Security": 61200000.0,
        "Net Non Operating Interest Income Expense": 45000.0,
        "Interest Expense Non Operating": 3248000.0,
        "Interest Income Non Operating": NaN,
        "Operating Income": -143645000.0,
        "Operating Expense": 145546000.0,
        "Other Operating Expenses": NaN,
        "Research And Development": 104517000.0,
        "Selling General And Administration": 42095000.0,
        "Selling And Marketing Expense": 18852000.0,
        "General And Administrative Expense": 23243000.0,
        "Other Gand A": 23243000.0,
        "Gross Profit": 1901000.0,
        "Cost Of Revenue": 25460000.0,
        "Total Revenue": 27361000.0,
        "Operating Revenue": 27299000.0
    },
    "2023-12-31": {
        "Tax Effect Of Unusual Items": -139419.189167,
        "Tax Rate For Calcs": 0.013582,
        "Normalized EBITDA": -125376000.0,
        "Total Unusual Items": -10265000.0,
        "Total Unusual Items Excluding Goodwill": -10265000.0,
        "Net Income From Continuing Operation Net Minority Interest": -144818000.0,
        "Reconciled Depreciation": 5351000.0,
        "Reconciled Cost Of Revenue": 32450000.0,
        "EBITDA": -135641000.0,
        "EBIT": -140992000.0,
        "Net Interest Income": 11482000.0,
        "Interest Expense": 5820000.0,
        "Interest Income": 17302000.0,
        "Normalized Income": -134692419.189167,
        "Net Income From Continuing And Discontinued Operation": -144818000.0,
        "Total Expenses": 199314000.0,
        "Diluted Average Shares": 181827658.0,
        "Basic Average Shares": 181827658.0,
        "Diluted EPS": -0.8,
        "Basic EPS": -0.8,
        "Diluted NI Availto Com Stockholders": -144818000.0,
        "Net Income Common Stockholders": -144818000.0,
        "Net Income": -144818000.0,
        "Net Income Including Noncontrolling Interests": -144818000.0,
        "Net Income Continuous Operations": -144818000.0,
        "Tax Provision": -1994000.0,
        "Pretax Income": -146812000.0,
        "Other Income Expense": -38444000.0,
        "Other Non Operating Income Expenses": -28179000.0,
        "Gain On Sale Of Security": -10265000.0,
        "Net Non Operating Interest Income Expense": 11482000.0,
        "Interest Expense Non Operating": 5820000.0,
        "Interest Income Non Operating": 17302000.0,
        "Operating Income": -119850000.0,
        "Operating Expense": 166864000.0,
        "Other Operating Expenses": -1203000.0,
        "Research And Development": 105683000.0,
        "Selling General And Administration": 62384000.0,
        "Selling And Marketing Expense": 33677000.0,
        "General And Administrative Expense": 28707000.0,
        "Other Gand A": 28707000.0,
        "Gross Profit": 47014000.0,
        "Cost Of Revenue": 32450000.0,
        "Total Revenue": 79464000.0,
        "Operating Revenue": 79423000.0
    },
    "2024-03-31": {
        "Tax Effect Of Unusual Items": 10396050.0,
        "Tax Rate For Calcs": 0.21,
        "Normalized EBITDA": -98096000.0,
        "Total Unusual Items": 49505000.0,
        "Total Unusual Items Excluding Goodwill": 49505000.0,
        "Net Income From Continuing Operation Net Minority Interest": -59793000.0,
        "Reconciled Depreciation": 5722000.0,
        "Reconciled Cost Of Revenue": 54739000.0,
        "EBITDA": -48591000.0,
        "EBIT": -54313000.0,
        "Net Interest Income": 8395000.0,
        "Interest Expense": 5475000.0,
        "Interest Income": 13870000.0,
        "Normalized Income": -98901950.0,
        "Net Income From Continuing And Discontinued Operation": -59793000.0,
        "Total Expenses": 211239000.0,
        "Diluted Average Shares": 182005214.0,
        "Basic Average Shares": 182005214.0,
        "Diluted EPS": -0.32,
        "Basic EPS": -0.32,
        "Diluted NI Availto Com Stockholders": -59793000.0,
        "Net Income Common Stockholders": -59793000.0,
        "Net Income": -59793000.0,
        "Net Income Including Noncontrolling Interests": -59793000.0,
        "Net Income Continuous Operations": -59793000.0,
        "Tax Provision": 5000.0,
        "Pretax Income": -59788000.0,
        "Other Income Expense": 49065000.0,
        "Other Non Operating Income Expenses": -440000.0,
        "Gain On Sale Of Security": 49505000.0,
        "Net Non Operating Interest Income Expense": 8395000.0,
        "Interest Expense Non Operating": 5475000.0,
        "Interest Income Non Operating": 13870000.0,
        "Operating Income": -117248000.0,
        "Operating Expense": 156500000.0,
        "Other Operating Expenses": -616000.0,
        "Research And Development": 100964000.0,
        "Selling General And Administration": 56152000.0,
        "Selling And Marketing Expense": 24223000.0,
        "General And Administrative Expense": 31929000.0,
        "Other Gand A": 31929000.0,
        "Gross Profit": 39252000.0,
        "Cost Of Revenue": 54739000.0,
        "Total Revenue": 93991000.0,
        "Operating Revenue": 90662000.0
    },
    "2024-06-30": {
        "Tax Effect Of Unusual Items": 2394000.0,
        "Tax Rate For Calcs": 0.21,
        "Normalized EBITDA": -18517000.0,
        "Total Unusual Items": 11400000.0,
        "Total Unusual Items Excluding Goodwill": 11400000.0,
        "Net Income From Continuing Operation Net Minority Interest": -18196000.0,
        "Reconciled Depreciation": 5369000.0,
        "Reconciled Cost Of Revenue": 50451000.0,
        "EBITDA": -7117000.0,
        "EBIT": -12486000.0,
        "Net Interest Income": 11565000.0,
        "Interest Expense": 5484000.0,
        "Interest Income": 17049000.0,
        "Normalized Income": -27202000.0,
        "Net Income From Continuing And Discontinued Operation": -18196000.0,
        "Total Expenses": 228073000.0,
        "Diluted Average Shares": NaN,
        "Basic Average Shares": NaN,
        "Diluted EPS": NaN,
        "Basic EPS": NaN,
        "Diluted NI Availto Com Stockholders": -18196000.0,
        "Net Income Common Stockholders": -18196000.0,
        "Net Income": -18196000.0,
        "Net Income Including Noncontrolling Interests": -18196000.0,
        "Net Income Continuous Operations": -18196000.0,
        "Tax Provision": 226000.0,
        "Pretax Income": -17970000.0,
        "Other Income Expense": 12015000.0,
        "Other Non Operating Income Expenses": 615000.0,
        "Gain On Sale Of Security": 11400000.0,
        "Net Non Operating Interest Income Expense": 11565000.0,
        "Interest Expense Non Operating": 5484000.0,
        "Interest Income Non Operating": 17049000.0,
        "Operating Income": -41550000.0,
        "Operating Expense": 177622000.0,
        "Other Operating Expenses": -420000.0,
        "Research And Development": 112626000.0,
        "Selling General And Administration": 65416000.0,
        "Selling And Marketing Expense": 30063000.0,
        "General And Administrative Expense": 35353000.0,
        "Other Gand A": 35353000.0,
        "Gross Profit": 136072000.0,
        "Cost Of Revenue": 50451000.0,
        "Total Revenue": 186523000.0,
        "Operating Revenue": 184100000.0
    }
}