{
    "2022-06-30": {
        "Diluted EPS": 0.0,
        "Total Revenue": NaN,
        "Gross Profit": NaN,
        "Operating Income": NaN,
        "Net Income": NaN
    },
    "2020-09-30": {
        "Diluted EPS": 0.8,
        "Total Revenue": 209,
        "Gross Profit": 195,
        "Operating Income": 13,
        "EBIT": 13,
        "Net Income": 12
    },
    "2019-12-31": {
        "Diluted EPS": 0.3,
        "Total Revenue": 227,
        "Gross Profit": 214,
        "Operating Income": 9,
        "EBIT": 9,
        "Net Income": 5
    },
    "2019-09-30": {
        "Diluted EPS": 0.8,
        "Total Revenue": 185,
        "Gross Profit": 172,
        "Operating Income": 16,
        "EBIT": 16,
        "Net Income": 11
    },
    "2019-06-30": {
        "Diluted EPS": 0.7,
        "Total Revenue": 170,
        "Gross Profit": 152,
        "Operating Income": 12,
        "EBIT": 12,
        "Net Income": 9
    },
    "2019-03-31": {
        "Diluted EPS": -1.0,
        "Total Revenue": 110,
        "Gross Profit": 87,
        "Operating Income": -19,
        "EBIT": -19,
        "Net Income": -13
    },
    "2018-12-31": {
        "Diluted EPS": 0.1,
        "Total Revenue": 124,
        "Gross Profit": 105,
        "Operating Income": -1,
        "EBIT": -1,
        "Net Income": 1
    },
    "2018-09-30": {
        "Diluted EPS": 0.5,
        "Total Revenue": 134,
        "Gross Profit": 117,
        "Operating Income": 11,
        "EBIT": 11,
        "Net Income": 7
    },
    "2018-06-30": {
        "Diluted EPS": -0.1,
        "Total Revenue": 123,
        "Gross Profit": 104,
        "Operating Income": 10,
        "EBIT": 10,
        "Net Income": -1
    },
    "2018-03-31": {
        "Diluted EPS": -1.5,
        "Total Revenue": 82,
        "Gross Profit": 63,
        "Operating Income": -32,
        "EBIT": -32,
        "Net Income": -21
    },
    "2017-12-31": {
        "Diluted EPS": -1.7,
        "Total Revenue": 106,
        "Gross Profit": 87,
        "Operating Income": -25,
        "EBIT": -25,
        "Net Income": -22
    },
    "2017-09-30": {
        "Diluted EPS": -1.7,
        "Total Revenue": 95,
        "Gross Profit": 74,
        "Operating Income": -29,
        "EBIT": -29,
        "Net Income": -23
    },
    "2017-06-30": {
        "Diluted EPS": -6.4,
        "Total Revenue": 93,
        "Gross Profit": 74,
        "Operating Income": -83,
        "EBIT": -83,
        "Net Income": -87
    },
    "2017-03-31": {
        "Diluted EPS": -2.1,
        "Total Revenue": 68,
        "Gross Profit": 54,
        "Operating Income": -46,
        "EBIT": -46,
        "Net Income": -28
    },
    "2016-12-31": {
        "Diluted EPS": -1.9,
        "Total Revenue": 105,
        "Gross Profit": 91,
        "Operating Income": -38,
        "EBIT": -38,
        "Net Income": -25
    },
    "2016-09-30": {
        "Diluted EPS": 1.3,
        "Total Revenue": 183,
        "Gross Profit": 168,
        "Operating Income": 27,
        "EBIT": 27,
        "Net Income": 17
    },
    "2016-06-30": {
        "Diluted EPS": 0.7,
        "Total Revenue": 158,
        "Gross Profit": 144,
        "Operating Income": 10,
        "EBIT": 10,
        "Net Income": 10
    },
    "2016-03-31": {
        "Diluted EPS": -0.8,
        "Total Revenue": 113,
        "Gross Profit": 99,
        "Operating Income": -14,
        "EBIT": -14,
        "Net Income": -11
    },
    "2015-12-31": {
        "Diluted EPS": 0.9,
        "Total Revenue": 173,
        "Gross Profit": 159,
        "Operating Income": 15,
        "EBIT": 15,
        "Net Income": 13
    },
    "2015-09-30": {
        "Diluted EPS": 1.2,
        "Total Revenue": 151,
        "Gross Profit": 136,
        "Operating Income": 21,
        "EBIT": 21,
        "Net Income": 16
    },
    "2015-06-30": {
        "Diluted EPS": 0.9,
        "Total Revenue": 158,
        "Gross Profit": 142,
        "Operating Income": 15,
        "EBIT": 15,
        "Net Income": 12
    },
    "2015-03-31": {
        "Diluted EPS": -0.4,
        "Total Revenue": 93,
        "Gross Profit": 79,
        "Operating Income": -7,
        "EBIT": -7,
        "Net Income": -5
    },
    "2014-12-31": {
        "Diluted EPS": 1.7,
        "Total Revenue": 172,
        "Gross Profit": 157,
        "Operating Income": 30,
        "EBIT": 57,
        "Net Income": 23
    },
    "2014-09-30": {
        "Diluted EPS": 1.9,
        "Total Revenue": 128,
        "Gross Profit": 115,
        "Operating Income": 32,
        "EBIT": 32,
        "Net Income": 26
    },
    "2014-06-30": {
        "Diluted EPS": 1.2,
        "Total Revenue": 117,
        "Gross Profit": 106,
        "Operating Income": 17,
        "EBIT": 17,
        "Net Income": 15
    },
    "2014-03-31": {
        "Diluted EPS": 0.2,
        "Total Revenue": 79,
        "Gross Profit": 66,
        "Operating Income": 2,
        "EBIT": 2,
        "Net Income": 2
    },
    "2013-12-31": {
        "Diluted EPS": 2.1,
        "Total Revenue": 126,
        "Gross Profit": 126,
        "Operating Income": 126,
        "EBIT": 126,
        "Net Income": 25
    },
    "2013-09-30": {
        "Diluted EPS": 1.8,
        "Total Revenue": 97,
        "Gross Profit": 97,
        "Operating Income": 97,
        "EBIT": 97,
        "Net Income": 22
    },
    "2013-06-30": {
        "Diluted EPS": 0.5,
        "Total Revenue": 72,
        "Gross Profit": 72,
        "Operating Income": 72,
        "EBIT": 72,
        "Net Income": 6
    },
    "2013-03-31": {
        "Diluted EPS": -0.8,
        "Total Revenue": 40,
        "Gross Profit": 40,
        "Operating Income": 40,
        "EBIT": 40,
        "Net Income": -10
    },
    "2012-12-31": {
        "Diluted EPS": 0.0,
        "Total Revenue": NaN,
        "Gross Profit": NaN,
        "Operating Income": NaN,
        "EBIT": NaN,
        "Net Income": NaN
    }
}