{
    "2023-05-31": {
        "Diluted EPS": 3.01,
        "Total Revenue": NaN,
        "Gross Profit": NaN,
        "Operating Income": NaN,
        "EBIT": NaN,
        "Net Income": 858
    },
    "2023-02-28": {
        "Diluted EPS": 2.06,
        "Total Revenue": NaN,
        "Gross Profit": 956,
        "Operating Income": 830,
        "EBIT": 849,
        "Net Income": 590
    },
    "2022-11-30": {
        "Diluted EPS": 4.51,
        "Total Revenue": NaN,
        "Gross Profit": NaN,
        "Operating Income": NaN,
        "EBIT": NaN,
        "Net Income": NaN
    },
    "2022-08-31": {
        "Diluted EPS": 5.03,
        "Total Revenue": NaN,
        "Gross Profit": NaN,
        "Operating Income": NaN,
        "EBIT": NaN,
        "Net Income": NaN
    },
    "2022-05-31": {
        "Diluted EPS": 4.49,
        "Total Revenue": NaN,
        "Gross Profit": NaN,
        "Operating Income": NaN,
        "EBIT": NaN,
        "Net Income": NaN
    },
    "2022-02-28": {
        "Diluted EPS": 1.69,
        "Total Revenue": NaN,
        "Gross Profit": NaN,
        "Operating Income": NaN,
        "EBIT": NaN,
        "Net Income": 498
    },
    "2021-11-30": {
        "Diluted EPS": 3.9,
        "Total Revenue": NaN,
        "Gross Profit": NaN,
        "Operating Income": NaN,
        "EBIT": NaN,
        "Net Income": NaN
    },
    "2021-08-31": {
        "Diluted EPS": 4.52,
        "Total Revenue": NaN,
        "Gross Profit": NaN,
        "Operating Income": NaN,
        "EBIT": NaN,
        "Net Income": NaN
    },
    "2021-05-31": {
        "Diluted EPS": 2.65,
        "Total Revenue": NaN,
        "Gross Profit": NaN,
        "Operating Income": NaN,
        "EBIT": NaN,
        "Net Income": 820
    },
    "2021-02-28": {
        "Diluted EPS": 3.2,
        "Total Revenue": NaN,
        "Gross Profit": 974,
        "Operating Income": 863,
        "EBIT": 883,
        "Net Income": 989
    },
    "2020-11-30": {
        "Diluted EPS": 2.81,
        "Total Revenue": NaN,
        "Gross Profit": NaN,
        "Operating Income": NaN,
        "EBIT": NaN,
        "Net Income": 873
    },
    "2020-08-31": {
        "Diluted EPS": 2.12,
        "Total Revenue": NaN,
        "Gross Profit": 974,
        "Operating Income": 888,
        "EBIT": 908,
        "Net Income": 659
    },
    "2020-05-31": {
        "Diluted EPS": 1.65,
        "Total Revenue": NaN,
        "Gross Profit": 741,
        "Operating Income": 663,
        "EBIT": 680,
        "Net Income": 511
    },
    "2020-02-29": {
        "Diluted EPS": 1.27,
        "Total Revenue": NaN,
        "Gross Profit": 516,
        "Operating Income": 434,
        "EBIT": 447,
        "Net Income": 394
    },
    "2019-11-30": {
        "Diluted EPS": 2.11,
        "Total Revenue": NaN,
        "Gross Profit": 983,
        "Operating Income": 910,
        "EBIT": 932,
        "Net Income": 668
    },
    "2019-08-31": {
        "Diluted EPS": 1.59,
        "Total Revenue": NaN,
        "Gross Profit": 741,
        "Operating Income": 648,
        "EBIT": 665,
        "Net Income": 509
    },
    "2019-05-31": {
        "Diluted EPS": 1.3,
        "Total Revenue": NaN,
        "Gross Profit": 676,
        "Operating Income": 600,
        "EBIT": 616,
        "Net Income": 418
    },
    "2019-02-28": {
        "Diluted EPS": 0.74,
        "Total Revenue": NaN,
        "Gross Profit": 402,
        "Operating Income": 323,
        "EBIT": 334,
        "Net Income": 238
    },
    "2018-11-30": {
        "Diluted EPS": 2.6,
        "Total Revenue": NaN,
        "Gross Profit": 882,
        "Operating Income": 774,
        "EBIT": 793,
        "Net Income": 789
    },
    "2018-08-31": {
        "Diluted EPS": 1.37,
        "Total Revenue": NaN,
        "Gross Profit": 679,
        "Operating Income": 571,
        "EBIT": 590,
        "Net Income": 449
    },
    "2018-05-31": {
        "Diluted EPS": 0.94,
        "Total Revenue": NaN,
        "Gross Profit": 490,
        "Operating Income": 381,
        "EBIT": 391,
        "Net Income": 308
    },
    "2018-02-28": {
        "Diluted EPS": 0.53,
        "Total Revenue": NaN,
        "Gross Profit": 283,
        "Operating Income": 111,
        "EBIT": 130,
        "Net Income": 135
    },
    "2017-11-30": {
        "Diluted EPS": 1.29,
        "Total Revenue": NaN,
        "Gross Profit": 528,
        "Operating Income": 442,
        "EBIT": 466,
        "Net Income": 307
    },
    "2017-08-31": {
        "Diluted EPS": 1.04,
        "Total Revenue": NaN,
        "Gross Profit": 448,
        "Operating Income": 375,
        "EBIT": 395,
        "Net Income": 247
    },
    "2017-05-31": {
        "Diluted EPS": 0.89,
        "Total Revenue": NaN,
        "Gross Profit": 400,
        "Operating Income": 333,
        "EBIT": 353,
        "Net Income": 212
    },
    "2017-02-28": {
        "Diluted EPS": 0.16,
        "Total Revenue": NaN,
        "Gross Profit": 249,
        "Operating Income": 188,
        "EBIT": 203,
        "Net Income": 38
    },
    "2016-11-30": {
        "Diluted EPS": 1.27,
        "Total Revenue": NaN,
        "Gross Profit": 505,
        "Operating Income": 437,
        "EBIT": 454,
        "Net Income": 310
    },
    "2016-08-31": {
        "Diluted EPS": 1.01,
        "Total Revenue": NaN,
        "Gross Profit": 385,
        "Operating Income": 324,
        "EBIT": 341,
        "Net Income": 234
    },
    "2016-05-31": {
        "Diluted EPS": 0.95,
        "Total Revenue": NaN,
        "Gross Profit": 378,
        "Operating Income": 322,
        "EBIT": 338,
        "Net Income": 216
    },
    "2016-02-29": {
        "Diluted EPS": 0.63,
        "Total Revenue": NaN,
        "Gross Profit": 227,
        "Operating Income": 179,
        "EBIT": 194,
        "Net Income": 143
    },
    "2015-11-30": {
        "Diluted EPS": 1.14,
        "Total Revenue": NaN,
        "Gross Profit": 445,
        "Operating Income": 379,
        "EBIT": 397,
        "Net Income": 279
    },
    "2015-08-31": {
        "Diluted EPS": 0.96,
        "Total Revenue": NaN,
        "Gross Profit": 349,
        "Operating Income": 292,
        "EBIT": 309,
        "Net Income": 221
    },
    "2015-05-31": {
        "Diluted EPS": 0.79,
        "Total Revenue": NaN,
        "Gross Profit": 322,
        "Operating Income": 271,
        "EBIT": 286,
        "Net Income": 181
    },
    "2015-02-28": {
        "Diluted EPS": 0.5,
        "Total Revenue": NaN,
        "Gross Profit": 187,
        "Operating Income": 143,
        "EBIT": 157,
        "Net Income": 114
    },
    "2014-11-30": {
        "Diluted EPS": 1.06,
        "Total Revenue": NaN,
        "Gross Profit": 420,
        "Operating Income": 362,
        "EBIT": 379,
        "Net Income": 242
    },
    "2014-08-31": {
        "Diluted EPS": 0.78,
        "Total Revenue": NaN,
        "Gross Profit": 286,
        "Operating Income": 243,
        "EBIT": 259,
        "Net Income": 176
    },
    "2014-05-31": {
        "Diluted EPS": 0.61,
        "Total Revenue": NaN,
        "Gross Profit": 228,
        "Operating Income": 190,
        "EBIT": 204,
        "Net Income": 136
    },
    "2014-02-28": {
        "Diluted EPS": 0.35,
        "Total Revenue": NaN,
        "Gross Profit": 165,
        "Operating Income": 127,
        "EBIT": 140,
        "Net Income": 77
    },
    "2013-11-30": {
        "Diluted EPS": 0.74,
        "Total Revenue": NaN,
        "Gross Profit": 313,
        "Operating Income": 270,
        "EBIT": 285,
        "Net Income": 162
    },
    "2013-08-31": {
        "Diluted EPS": 0.54,
        "Total Revenue": NaN,
        "Gross Profit": 228,
        "Operating Income": 190,
        "EBIT": 204,
        "Net Income": 119
    },
    "2013-05-31": {
        "Diluted EPS": 0.61,
        "Total Revenue": NaN,
        "Gross Profit": 195,
        "Operating Income": 161,
        "EBIT": 174,
        "Net Income": 136
    },
    "2013-02-28": {
        "Diluted EPS": 0.26,
        "Total Revenue": 990,
        "Gross Profit": 96,
        "Operating Income": 65,
        "EBIT": 77,
        "Net Income": 57
    },
    "2012-11-30": {
        "Diluted EPS": 0.57,
        "Total Revenue": NaN,
        "Gross Profit": 178,
        "Operating Income": 139,
        "EBIT": 152,
        "Net Income": 122
    },
    "2012-08-31": {
        "Diluted EPS": 0.4,
        "Total Revenue": NaN,
        "Gross Profit": 121,
        "Operating Income": 89,
        "EBIT": 102,
        "Net Income": 86
    },
    "2012-05-31": {
        "Diluted EPS": 2.06,
        "Total Revenue": 930,
        "Gross Profit": 98,
        "Operating Income": 68,
        "EBIT": 79,
        "Net Income": 446
    },
    "2012-02-29": {
        "Diluted EPS": 0.08,
        "Total Revenue": 725,
        "Gross Profit": 47,
        "Operating Income": 20,
        "EBIT": 33,
        "Net Income": 15
    },
    "2011-11-30": {
        "Diluted EPS": 0.16,
        "Total Revenue": 953,
        "Gross Profit": 63,
        "Operating Income": 35,
        "EBIT": 52,
        "Net Income": 30
    },
    "2011-08-31": {
        "Diluted EPS": 0.11,
        "Total Revenue": 820,
        "Gross Profit": 65,
        "Operating Income": 43,
        "EBIT": 51,
        "Net Income": 20
    },
    "2011-05-31": {
        "Diluted EPS": 0.07,
        "Total Revenue": 764,
        "Gross Profit": 45,
        "Operating Income": 24,
        "EBIT": 32,
        "Net Income": 14
    },
    "2011-02-28": {
        "Diluted EPS": 0.14,
        "Total Revenue": 558,
        "Gross Profit": 25,
        "Operating Income": 2,
        "EBIT": 10,
        "Net Income": 27
    },
    "2010-11-30": {
        "Diluted EPS": 0.18,
        "Total Revenue": 860,
        "Gross Profit": 51,
        "Operating Income": 26,
        "EBIT": 33,
        "Net Income": 31
    },
    "2010-08-31": {
        "Diluted EPS": 0.16,
        "Total Revenue": 825,
        "Gross Profit": 73,
        "Operating Income": 49,
        "EBIT": 55,
        "Net Income": 30
    },
    "2010-05-31": {
        "Diluted EPS": 0.21,
        "Total Revenue": 814,
        "Gross Profit": 77,
        "Operating Income": 55,
        "EBIT": 59,
        "Net Income": 40
    },
    "2010-02-28": {
        "Diluted EPS": -0.04,
        "Total Revenue": 574,
        "Gross Profit": 17,
        "Operating Income": -6,
        "EBIT": -3,
        "Net Income": -7
    },
    "2009-11-30": {
        "Diluted EPS": 0.26,
        "Total Revenue": 914,
        "Gross Profit": -197,
        "Operating Income": -230,
        "EBIT": -224,
        "Net Income": 36
    },
    "2009-08-31": {
        "Diluted EPS": -0.97,
        "Total Revenue": 721,
        "Gross Profit": -50,
        "Operating Income": -78,
        "EBIT": -73,
        "Net Income": -172
    },
    "2009-05-31": {
        "Diluted EPS": -0.76,
        "Total Revenue": 892,
        "Gross Profit": -18,
        "Operating Income": -48,
        "EBIT": -43,
        "Net Income": -125
    },
    "2009-02-28": {
        "Diluted EPS": -0.98,
        "Total Revenue": 593,
        "Gross Profit": -78,
        "Operating Income": -105,
        "EBIT": -99,
        "Net Income": -156
    }
}