{
    "2023-05-31": {
        "Tax Effect Of Unusual Items": NaN,
        "Tax Rate For Calcs": NaN,
        "Normalized EBITDA": NaN,
        "Total Unusual Items": NaN,
        "Total Unusual Items Excluding Goodwill": NaN,
        "Net Income From Continuing Operation Net Minority Interest": NaN,
        "Reconciled Depreciation": NaN,
        "Reconciled Cost Of Revenue": NaN,
        "EBITDA": NaN,
        "EBIT": NaN,
        "Normalized Income": NaN,
        "Net Income From Continuing And Discontinued Operation": NaN,
        "Total Expenses": NaN,
        "Diluted Average Shares": NaN,
        "Basic Average Shares": NaN,
        "Diluted EPS": NaN,
        "Basic EPS": NaN,
        "Diluted NI Availto Com Stockholders": NaN,
        "Average Dilution Earnings": 0.0,
        "Net Income Common Stockholders": NaN,
        "Otherunder Preferred Stock Dividend": NaN,
        "Net Income": NaN,
        "Minority Interests": NaN,
        "Net Income Including Noncontrolling Interests": NaN,
        "Net Income Continuous Operations": NaN,
        "Tax Provision": NaN,
        "Pretax Income": NaN,
        "Other Income Expense": NaN,
        "Other Non Operating Income Expenses": NaN,
        "Earnings From Equity Interest": NaN,
        "Gain On Sale Of Security": NaN,
        "Operating Income": NaN,
        "Operating Expense": NaN,
        "Selling General And Administration": NaN,
        "General And Administrative Expense": NaN,
        "Other Gand A": NaN,
        "Gross Profit": NaN,
        "Cost Of Revenue": NaN,
        "Total Revenue": NaN,
        "Operating Revenue": NaN
    },
    "2023-02-28": {
        "Tax Effect Of Unusual Items": NaN,
        "Tax Rate For Calcs": NaN,
        "Normalized EBITDA": NaN,
        "Total Unusual Items": NaN,
        "Total Unusual Items Excluding Goodwill": NaN,
        "Net Income From Continuing Operation Net Minority Interest": NaN,
        "Reconciled Depreciation": NaN,
        "Reconciled Cost Of Revenue": NaN,
        "EBITDA": NaN,
        "EBIT": NaN,
        "Normalized Income": NaN,
        "Net Income From Continuing And Discontinued Operation": NaN,
        "Total Expenses": NaN,
        "Diluted Average Shares": NaN,
        "Basic Average Shares": NaN,
        "Diluted EPS": NaN,
        "Basic EPS": NaN,
        "Diluted NI Availto Com Stockholders": NaN,
        "Average Dilution Earnings": -1038000.0,
        "Net Income Common Stockholders": NaN,
        "Otherunder Preferred Stock Dividend": NaN,
        "Net Income": NaN,
        "Minority Interests": NaN,
        "Net Income Including Noncontrolling Interests": NaN,
        "Net Income Continuous Operations": NaN,
        "Tax Provision": NaN,
        "Pretax Income": NaN,
        "Other Income Expense": NaN,
        "Other Non Operating Income Expenses": NaN,
        "Special Income Charges": -13659000.0,
        "Other Special Charges": 13659000.0,
        "Earnings From Equity Interest": NaN,
        "Gain On Sale Of Security": NaN,
        "Operating Income": NaN,
        "Operating Expense": NaN,
        "Selling General And Administration": NaN,
        "General And Administrative Expense": NaN,
        "Other Gand A": NaN,
        "Gross Profit": NaN,
        "Cost Of Revenue": NaN,
        "Total Revenue": NaN,
        "Operating Revenue": NaN
    },
    "2022-11-30": {
        "Tax Effect Of Unusual Items": NaN,
        "Tax Rate For Calcs": NaN,
        "Normalized EBITDA": NaN,
        "Total Unusual Items": NaN,
        "Total Unusual Items Excluding Goodwill": NaN,
        "Net Income From Continuing Operation Net Minority Interest": NaN,
        "Reconciled Depreciation": NaN,
        "Reconciled Cost Of Revenue": NaN,
        "EBITDA": NaN,
        "EBIT": NaN,
        "Normalized Income": NaN,
        "Net Income From Continuing And Discontinued Operation": NaN,
        "Total Expenses": NaN,
        "Diluted Average Shares": NaN,
        "Basic Average Shares": NaN,
        "Diluted EPS": NaN,
        "Basic EPS": NaN,
        "Diluted NI Availto Com Stockholders": NaN,
        "Average Dilution Earnings": NaN,
        "Net Income Common Stockholders": NaN,
        "Otherunder Preferred Stock Dividend": NaN,
        "Net Income": NaN,
        "Minority Interests": NaN,
        "Net Income Including Noncontrolling Interests": NaN,
        "Net Income Continuous Operations": NaN,
        "Tax Provision": NaN,
        "Pretax Income": NaN,
        "Other Income Expense": NaN,
        "Other Non Operating Income Expenses": NaN,
        "Special Income Charges": -20064000.0,
        "Other Special Charges": 20064000.0,
        "Earnings From Equity Interest": NaN,
        "Gain On Sale Of Security": NaN,
        "Operating Income": NaN,
        "Operating Expense": NaN,
        "Selling General And Administration": NaN,
        "General And Administrative Expense": NaN,
        "Other Gand A": NaN,
        "Gross Profit": NaN,
        "Cost Of Revenue": NaN,
        "Total Revenue": NaN,
        "Operating Revenue": NaN
    },
    "2022-08-31": {
        "Tax Effect Of Unusual Items": NaN,
        "Tax Rate For Calcs": NaN,
        "Normalized EBITDA": NaN,
        "Total Unusual Items": NaN,
        "Total Unusual Items Excluding Goodwill": NaN,
        "Net Income From Continuing Operation Net Minority Interest": NaN,
        "Reconciled Depreciation": NaN,
        "Reconciled Cost Of Revenue": NaN,
        "EBITDA": NaN,
        "EBIT": NaN,
        "Normalized Income": NaN,
        "Net Income From Continuing And Discontinued Operation": NaN,
        "Total Expenses": NaN,
        "Diluted Average Shares": NaN,
        "Basic Average Shares": NaN,
        "Diluted EPS": NaN,
        "Basic EPS": NaN,
        "Diluted NI Availto Com Stockholders": NaN,
        "Average Dilution Earnings": NaN,
        "Net Income Common Stockholders": NaN,
        "Otherunder Preferred Stock Dividend": NaN,
        "Net Income": NaN,
        "Minority Interests": NaN,
        "Net Income Including Noncontrolling Interests": NaN,
        "Net Income Continuous Operations": NaN,
        "Tax Provision": NaN,
        "Pretax Income": NaN,
        "Other Income Expense": NaN,
        "Other Non Operating Income Expenses": NaN,
        "Special Income Charges": -17248000.0,
        "Other Special Charges": 17248000.0,
        "Earnings From Equity Interest": NaN,
        "Gain On Sale Of Security": NaN,
        "Operating Income": NaN,
        "Operating Expense": NaN,
        "Selling General And Administration": NaN,
        "General And Administrative Expense": NaN,
        "Other Gand A": NaN,
        "Gross Profit": NaN,
        "Cost Of Revenue": NaN,
        "Total Revenue": NaN,
        "Operating Revenue": NaN
    },
    "2022-05-31": {
        "Tax Effect Of Unusual Items": -19205462.362822,
        "Tax Rate For Calcs": 0.246334,
        "Normalized EBITDA": 1946682000.0,
        "Total Unusual Items": -77965000.0,
        "Total Unusual Items Excluding Goodwill": -77965000.0,
        "Net Income From Continuing Operation Net Minority Interest": 1320756000.0,
        "Reconciled Depreciation": 19430000.0,
        "Reconciled Cost Of Revenue": 6384772000.0,
        "EBIT": 1868717000.0,
        "Normalized Income": 1379515537.637178,
        "Net Income From Continuing And Discontinued Operation": 1320756000.0,
        "Total Expenses": 6489979000.0,
        "Diluted Average Shares": 289895000.0,
        "Basic Average Shares": 289895000.0,
        "Diluted EPS": 4.49,
        "Basic EPS": 4.5,
        "Diluted NI Availto Com Stockholders": 1320756000.0,
        "Average Dilution Earnings": -1045000.0,
        "Net Income Common Stockholders": 1320756000.0,
        "Otherunder Preferred Stock Dividend": 17375000.0,
        "Net Income": 1320756000.0,
        "Minority Interests": -1802000.0,
        "Net Income Including Noncontrolling Interests": 1322558000.0,
        "Net Income Continuous Operations": 1322558000.0,
        "Tax Provision": 432276000.0,
        "Pretax Income": 1754834000.0,
        "Other Income Expense": -113883000.0,
        "Other Non Operating Income Expenses": -13829000.0,
        "Special Income Charges": -16549000.0,
        "Other Special Charges": 16549000.0,
        "Earnings From Equity Interest": -22089000.0,
        "Gain On Sale Of Security": -77965000.0,
        "Operating Income": 1868717000.0,
        "Operating Expense": 105207000.0,
        "Other Operating Expenses": NaN,
        "Selling General And Administration": 105207000.0,
        "General And Administrative Expense": 105207000.0,
        "Other Gand A": 105207000.0,
        "Gross Profit": 1973924000.0,
        "Cost Of Revenue": 6384772000.0,
        "Total Revenue": 8358696000.0,
        "Operating Revenue": 8358696000.0
    },
    "2022-02-28": {
        "Diluted EPS": 1.69,
        "Total Revenue": NaN,
        "Gross Profit": NaN,
        "Operating Income": NaN,
        "EBIT": NaN,
        "Net Income": 498
    },
    "2021-11-30": {
        "Diluted EPS": 3.9,
        "Total Revenue": NaN,
        "Gross Profit": NaN,
        "Operating Income": NaN,
        "EBIT": NaN,
        "Net Income": NaN
    },
    "2021-08-31": {
        "Diluted EPS": 4.52,
        "Total Revenue": NaN,
        "Gross Profit": NaN,
        "Operating Income": NaN,
        "EBIT": NaN,
        "Net Income": NaN
    },
    "2021-05-31": {
        "Diluted EPS": 2.65,
        "Total Revenue": NaN,
        "Gross Profit": NaN,
        "Operating Income": NaN,
        "EBIT": NaN,
        "Net Income": 820
    },
    "2021-02-28": {
        "Diluted EPS": 3.2,
        "Total Revenue": NaN,
        "Gross Profit": 974,
        "Operating Income": 863,
        "EBIT": 883,
        "Net Income": 989
    },
    "2020-11-30": {
        "Diluted EPS": 2.81,
        "Total Revenue": NaN,
        "Gross Profit": NaN,
        "Operating Income": NaN,
        "EBIT": NaN,
        "Net Income": 873
    },
    "2020-08-31": {
        "Diluted EPS": 2.12,
        "Total Revenue": NaN,
        "Gross Profit": 974,
        "Operating Income": 888,
        "EBIT": 908,
        "Net Income": 659
    },
    "2020-05-31": {
        "Diluted EPS": 1.65,
        "Total Revenue": NaN,
        "Gross Profit": 741,
        "Operating Income": 663,
        "EBIT": 680,
        "Net Income": 511
    },
    "2020-02-29": {
        "Diluted EPS": 1.27,
        "Total Revenue": NaN,
        "Gross Profit": 516,
        "Operating Income": 434,
        "EBIT": 447,
        "Net Income": 394
    },
    "2019-11-30": {
        "Diluted EPS": 2.11,
        "Total Revenue": NaN,
        "Gross Profit": 983,
        "Operating Income": 910,
        "EBIT": 932,
        "Net Income": 668
    },
    "2019-08-31": {
        "Diluted EPS": 1.59,
        "Total Revenue": NaN,
        "Gross Profit": 741,
        "Operating Income": 648,
        "EBIT": 665,
        "Net Income": 509
    },
    "2019-05-31": {
        "Diluted EPS": 1.3,
        "Total Revenue": NaN,
        "Gross Profit": 676,
        "Operating Income": 600,
        "EBIT": 616,
        "Net Income": 418
    },
    "2019-02-28": {
        "Diluted EPS": 0.74,
        "Total Revenue": NaN,
        "Gross Profit": 402,
        "Operating Income": 323,
        "EBIT": 334,
        "Net Income": 238
    },
    "2018-11-30": {
        "Diluted EPS": 2.6,
        "Total Revenue": NaN,
        "Gross Profit": 882,
        "Operating Income": 774,
        "EBIT": 793,
        "Net Income": 789
    },
    "2018-08-31": {
        "Diluted EPS": 1.37,
        "Total Revenue": NaN,
        "Gross Profit": 679,
        "Operating Income": 571,
        "EBIT": 590,
        "Net Income": 449
    },
    "2018-05-31": {
        "Diluted EPS": 0.94,
        "Total Revenue": NaN,
        "Gross Profit": 490,
        "Operating Income": 381,
        "EBIT": 391,
        "Net Income": 308
    },
    "2018-02-28": {
        "Diluted EPS": 0.53,
        "Total Revenue": NaN,
        "Gross Profit": 283,
        "Operating Income": 111,
        "EBIT": 130,
        "Net Income": 135
    },
    "2017-11-30": {
        "Diluted EPS": 1.29,
        "Total Revenue": NaN,
        "Gross Profit": 528,
        "Operating Income": 442,
        "EBIT": 466,
        "Net Income": 307
    },
    "2017-08-31": {
        "Diluted EPS": 1.04,
        "Total Revenue": NaN,
        "Gross Profit": 448,
        "Operating Income": 375,
        "EBIT": 395,
        "Net Income": 247
    },
    "2017-05-31": {
        "Diluted EPS": 0.89,
        "Total Revenue": NaN,
        "Gross Profit": 400,
        "Operating Income": 333,
        "EBIT": 353,
        "Net Income": 212
    },
    "2017-02-28": {
        "Diluted EPS": 0.16,
        "Total Revenue": NaN,
        "Gross Profit": 249,
        "Operating Income": 188,
        "EBIT": 203,
        "Net Income": 38
    },
    "2016-11-30": {
        "Diluted EPS": 1.27,
        "Total Revenue": NaN,
        "Gross Profit": 505,
        "Operating Income": 437,
        "EBIT": 454,
        "Net Income": 310
    },
    "2016-08-31": {
        "Diluted EPS": 1.01,
        "Total Revenue": NaN,
        "Gross Profit": 385,
        "Operating Income": 324,
        "EBIT": 341,
        "Net Income": 234
    },
    "2016-05-31": {
        "Diluted EPS": 0.95,
        "Total Revenue": NaN,
        "Gross Profit": 378,
        "Operating Income": 322,
        "EBIT": 338,
        "Net Income": 216
    },
    "2016-02-29": {
        "Diluted EPS": 0.63,
        "Total Revenue": NaN,
        "Gross Profit": 227,
        "Operating Income": 179,
        "EBIT": 194,
        "Net Income": 143
    },
    "2015-11-30": {
        "Diluted EPS": 1.14,
        "Total Revenue": NaN,
        "Gross Profit": 445,
        "Operating Income": 379,
        "EBIT": 397,
        "Net Income": 279
    },
    "2015-08-31": {
        "Diluted EPS": 0.96,
        "Total Revenue": NaN,
        "Gross Profit": 349,
        "Operating Income": 292,
        "EBIT": 309,
        "Net Income": 221
    },
    "2015-05-31": {
        "Diluted EPS": 0.79,
        "Total Revenue": NaN,
        "Gross Profit": 322,
        "Operating Income": 271,
        "EBIT": 286,
        "Net Income": 181
    },
    "2015-02-28": {
        "Diluted EPS": 0.5,
        "Total Revenue": NaN,
        "Gross Profit": 187,
        "Operating Income": 143,
        "EBIT": 157,
        "Net Income": 114
    },
    "2014-11-30": {
        "Diluted EPS": 1.06,
        "Total Revenue": NaN,
        "Gross Profit": 420,
        "Operating Income": 362,
        "EBIT": 379,
        "Net Income": 242
    },
    "2014-08-31": {
        "Diluted EPS": 0.78,
        "Total Revenue": NaN,
        "Gross Profit": 286,
        "Operating Income": 243,
        "EBIT": 259,
        "Net Income": 176
    },
    "2014-05-31": {
        "Diluted EPS": 0.61,
        "Total Revenue": NaN,
        "Gross Profit": 228,
        "Operating Income": 190,
        "EBIT": 204,
        "Net Income": 136
    },
    "2014-02-28": {
        "Diluted EPS": 0.35,
        "Total Revenue": NaN,
        "Gross Profit": 165,
        "Operating Income": 127,
        "EBIT": 140,
        "Net Income": 77
    },
    "2013-11-30": {
        "Diluted EPS": 0.74,
        "Total Revenue": NaN,
        "Gross Profit": 313,
        "Operating Income": 270,
        "EBIT": 285,
        "Net Income": 162
    },
    "2013-08-31": {
        "Diluted EPS": 0.54,
        "Total Revenue": NaN,
        "Gross Profit": 228,
        "Operating Income": 190,
        "EBIT": 204,
        "Net Income": 119
    },
    "2013-05-31": {
        "Diluted EPS": 0.61,
        "Total Revenue": NaN,
        "Gross Profit": 195,
        "Operating Income": 161,
        "EBIT": 174,
        "Net Income": 136
    },
    "2013-02-28": {
        "Diluted EPS": 0.26,
        "Total Revenue": 990,
        "Gross Profit": 96,
        "Operating Income": 65,
        "EBIT": 77,
        "Net Income": 57
    },
    "2012-11-30": {
        "Diluted EPS": 0.57,
        "Total Revenue": NaN,
        "Gross Profit": 178,
        "Operating Income": 139,
        "EBIT": 152,
        "Net Income": 122
    },
    "2012-08-31": {
        "Diluted EPS": 0.4,
        "Total Revenue": NaN,
        "Gross Profit": 121,
        "Operating Income": 89,
        "EBIT": 102,
        "Net Income": 86
    },
    "2012-05-31": {
        "Diluted EPS": 2.06,
        "Total Revenue": 930,
        "Gross Profit": 98,
        "Operating Income": 68,
        "EBIT": 79,
        "Net Income": 446
    },
    "2012-02-29": {
        "Diluted EPS": 0.08,
        "Total Revenue": 725,
        "Gross Profit": 47,
        "Operating Income": 20,
        "EBIT": 33,
        "Net Income": 15
    },
    "2011-11-30": {
        "Diluted EPS": 0.16,
        "Total Revenue": 953,
        "Gross Profit": 63,
        "Operating Income": 35,
        "EBIT": 52,
        "Net Income": 30
    },
    "2011-08-31": {
        "Diluted EPS": 0.11,
        "Total Revenue": 820,
        "Gross Profit": 65,
        "Operating Income": 43,
        "EBIT": 51,
        "Net Income": 20
    },
    "2011-05-31": {
        "Diluted EPS": 0.07,
        "Total Revenue": 764,
        "Gross Profit": 45,
        "Operating Income": 24,
        "EBIT": 32,
        "Net Income": 14
    },
    "2011-02-28": {
        "Diluted EPS": 0.14,
        "Total Revenue": 558,
        "Gross Profit": 25,
        "Operating Income": 2,
        "EBIT": 10,
        "Net Income": 27
    },
    "2010-11-30": {
        "Diluted EPS": 0.18,
        "Total Revenue": 860,
        "Gross Profit": 51,
        "Operating Income": 26,
        "EBIT": 33,
        "Net Income": 31
    },
    "2010-08-31": {
        "Diluted EPS": 0.16,
        "Total Revenue": 825,
        "Gross Profit": 73,
        "Operating Income": 49,
        "EBIT": 55,
        "Net Income": 30
    },
    "2010-05-31": {
        "Diluted EPS": 0.21,
        "Total Revenue": 814,
        "Gross Profit": 77,
        "Operating Income": 55,
        "EBIT": 59,
        "Net Income": 40
    },
    "2010-02-28": {
        "Diluted EPS": -0.04,
        "Total Revenue": 574,
        "Gross Profit": 17,
        "Operating Income": -6,
        "EBIT": -3,
        "Net Income": -7
    },
    "2009-11-30": {
        "Diluted EPS": 0.26,
        "Total Revenue": 914,
        "Gross Profit": -197,
        "Operating Income": -230,
        "EBIT": -224,
        "Net Income": 36
    },
    "2009-08-31": {
        "Diluted EPS": -0.97,
        "Total Revenue": 721,
        "Gross Profit": -50,
        "Operating Income": -78,
        "EBIT": -73,
        "Net Income": -172
    },
    "2009-05-31": {
        "Diluted EPS": -0.76,
        "Total Revenue": 892,
        "Gross Profit": -18,
        "Operating Income": -48,
        "EBIT": -43,
        "Net Income": -125
    },
    "2009-02-28": {
        "Diluted EPS": -0.98,
        "Total Revenue": 593,
        "Gross Profit": -78,
        "Operating Income": -105,
        "EBIT": -99,
        "Net Income": -156
    },
    "2023-08-31": {
        "Tax Effect Of Unusual Items": NaN,
        "Tax Rate For Calcs": NaN,
        "Normalized EBITDA": NaN,
        "Total Unusual Items": NaN,
        "Total Unusual Items Excluding Goodwill": NaN,
        "Net Income From Continuing Operation Net Minority Interest": NaN,
        "Reconciled Depreciation": NaN,
        "Reconciled Cost Of Revenue": NaN,
        "EBITDA": NaN,
        "EBIT": NaN,
        "Normalized Income": NaN,
        "Net Income From Continuing And Discontinued Operation": NaN,
        "Total Expenses": NaN,
        "Diluted Average Shares": NaN,
        "Basic Average Shares": NaN,
        "Diluted EPS": NaN,
        "Basic EPS": NaN,
        "Diluted NI Availto Com Stockholders": NaN,
        "Average Dilution Earnings": 0.0,
        "Net Income Common Stockholders": NaN,
        "Otherunder Preferred Stock Dividend": NaN,
        "Net Income": NaN,
        "Minority Interests": NaN,
        "Net Income Including Noncontrolling Interests": NaN,
        "Net Income Continuous Operations": NaN,
        "Tax Provision": NaN,
        "Pretax Income": NaN,
        "Other Income Expense": NaN,
        "Other Non Operating Income Expenses": NaN,
        "Earnings From Equity Interest": NaN,
        "Gain On Sale Of Security": NaN,
        "Operating Income": NaN,
        "Operating Expense": NaN,
        "Selling General And Administration": NaN,
        "General And Administrative Expense": NaN,
        "Other Gand A": NaN,
        "Gross Profit": NaN,
        "Cost Of Revenue": NaN,
        "Total Revenue": NaN,
        "Operating Revenue": NaN
    },
    "2023-11-30": {
        "Tax Effect Of Unusual Items": -8408164.57211,
        "Tax Rate For Calcs": 0.233612,
        "Normalized EBITDA": 1975539000.0,
        "Total Unusual Items": -35992000.0,
        "Total Unusual Items Excluding Goodwill": -35992000.0,
        "Net Income From Continuing Operation Net Minority Interest": 1361287000.0,
        "Reconciled Depreciation": 29018000.0,
        "Reconciled Cost Of Revenue": 8921318000.0,
        "EBITDA": 1939547000.0,
        "EBIT": 1910529000.0,
        "Normalized Income": 1388870835.42789,
        "Net Income From Continuing And Discontinued Operation": 1361287000.0,
        "Total Expenses": 9057654000.0,
        "Diluted Average Shares": 279438000.0,
        "Basic Average Shares": 279438000.0,
        "Diluted EPS": 4.82,
        "Basic EPS": 4.82,
        "Diluted NI Availto Com Stockholders": 1345971000.0,
        "Average Dilution Earnings": 0.0,
        "Net Income Common Stockholders": 1345971000.0,
        "Otherunder Preferred Stock Dividend": 15316000.0,
        "Net Income": 1361287000.0,
        "Minority Interests": -6002000.0,
        "Net Income Including Noncontrolling Interests": 1367289000.0,
        "Net Income Continuous Operations": 1367289000.0,
        "Tax Provision": 416780000.0,
        "Pretax Income": 1784069000.0,
        "Other Income Expense": -126460000.0,
        "Other Non Operating Income Expenses": -50789000.0,
        "Earnings From Equity Interest": -39679000.0,
        "Gain On Sale Of Security": -35992000.0,
        "Operating Income": 1910529000.0,
        "Operating Expense": 136336000.0,
        "Selling General And Administration": 136336000.0,
        "General And Administrative Expense": 136336000.0,
        "Other Gand A": 136336000.0,
        "Gross Profit": 2046865000.0,
        "Cost Of Revenue": 8921318000.0,
        "Total Revenue": 10968183000.0,
        "Operating Revenue": 10968183000.0
    },
    "2024-02-29": {
        "Tax Effect Of Unusual Items": -1166099.0,
        "Tax Rate For Calcs": 0.227,
        "Normalized EBITDA": 950170000.0,
        "Total Unusual Items": -5137000.0,
        "Total Unusual Items Excluding Goodwill": -5137000.0,
        "Net Income From Continuing Operation Net Minority Interest": 719334000.0,
        "Reconciled Depreciation": 27139000.0,
        "Reconciled Cost Of Revenue": 6237715000.0,
        "EBITDA": 945033000.0,
        "EBIT": 917894000.0,
        "Normalized Income": 723304901.0,
        "Net Income From Continuing And Discontinued Operation": 719334000.0,
        "Total Expenses": 6395036000.0,
        "Diluted Average Shares": 276946000.0,
        "Basic Average Shares": 276946000.0,
        "Diluted EPS": 2.57,
        "Basic EPS": 2.57,
        "Diluted NI Availto Com Stockholders": 712434000.0,
        "Average Dilution Earnings": 0.0,
        "Net Income Common Stockholders": 712434000.0,
        "Otherunder Preferred Stock Dividend": 6900000.0,
        "Net Income": 719334000.0,
        "Minority Interests": -587000.0,
        "Net Income Including Noncontrolling Interests": 719921000.0,
        "Net Income Continuous Operations": 719921000.0,
        "Tax Provision": 210865000.0,
        "Pretax Income": 930786000.0,
        "Other Income Expense": 12892000.0,
        "Other Non Operating Income Expenses": 48574000.0,
        "Earnings From Equity Interest": -30545000.0,
        "Gain On Sale Of Security": -5137000.0,
        "Operating Income": 917894000.0,
        "Operating Expense": 157321000.0,
        "Selling General And Administration": 157321000.0,
        "General And Administrative Expense": 157321000.0,
        "Other Gand A": 157321000.0,
        "Gross Profit": 1075215000.0,
        "Cost Of Revenue": 6237715000.0,
        "Total Revenue": 7312930000.0,
        "Operating Revenue": 7312930000.0
    },
    "2024-05-31": {
        "Tax Effect Of Unusual Items": -5141846.0,
        "Tax Rate For Calcs": 0.239,
        "Normalized EBITDA": 1288519000.0,
        "Total Unusual Items": -21514000.0,
        "Total Unusual Items Excluding Goodwill": -21514000.0,
        "Net Income From Continuing Operation Net Minority Interest": 954311000.0,
        "Reconciled Depreciation": 28607000.0,
        "Reconciled Cost Of Revenue": 7370212000.0,
        "EBITDA": 1267005000.0,
        "EBIT": 1238398000.0,
        "Normalized Income": 970683154.0,
        "Net Income From Continuing And Discontinued Operation": 954311000.0,
        "Total Expenses": 7527194000.0,
        "Diluted Average Shares": 273703000.0,
        "Basic Average Shares": 273703000.0,
        "Diluted EPS": 3.45,
        "Basic EPS": 3.45,
        "Diluted NI Availto Com Stockholders": 943611000.0,
        "Average Dilution Earnings": NaN,
        "Net Income Common Stockholders": 943611000.0,
        "Otherunder Preferred Stock Dividend": 10700000.0,
        "Net Income": 954311000.0,
        "Minority Interests": -6275000.0,
        "Net Income Including Noncontrolling Interests": 960586000.0,
        "Net Income Continuous Operations": 960586000.0,
        "Tax Provision": 300471000.0,
        "Pretax Income": 1261057000.0,
        "Other Income Expense": 22659000.0,
        "Other Non Operating Income Expenses": 48482000.0,
        "Earnings From Equity Interest": -4309000.0,
        "Gain On Sale Of Security": -21514000.0,
        "Operating Income": 1238398000.0,
        "Operating Expense": 156982000.0,
        "Selling General And Administration": 156982000.0,
        "General And Administrative Expense": 156982000.0,
        "Other Gand A": 156982000.0,
        "Gross Profit": 1395380000.0,
        "Cost Of Revenue": 7370212000.0,
        "Total Revenue": 8765592000.0,
        "Operating Revenue": 8765592000.0
    },
    "2024-08-31": {
        "Tax Effect Of Unusual Items": 8998290.0,
        "Tax Rate For Calcs": 0.23,
        "Normalized EBITDA": 1297824000.0,
        "Total Unusual Items": 39123000.0,
        "Total Unusual Items Excluding Goodwill": 39123000.0,
        "Net Income From Continuing Operation Net Minority Interest": 1162674000.0,
        "Reconciled Depreciation": 29373000.0,
        "Reconciled Cost Of Revenue": 7943796000.0,
        "EBITDA": 1336947000.0,
        "EBIT": 1307574000.0,
        "Normalized Income": 1132549290.0,
        "Net Income From Continuing And Discontinued Operation": 1162674000.0,
        "Total Expenses": 8108468000.0,
        "Diluted Average Shares": 270164000.0,
        "Basic Average Shares": 270164000.0,
        "Diluted EPS": 4.26,
        "Basic EPS": 4.26,
        "Diluted NI Availto Com Stockholders": 1151782000.0,
        "Average Dilution Earnings": NaN,
        "Net Income Common Stockholders": 1151782000.0,
        "Otherunder Preferred Stock Dividend": 10892000.0,
        "Net Income": 1162674000.0,
        "Minority Interests": -24600000.0,
        "Net Income Including Noncontrolling Interests": 1187274000.0,
        "Net Income Continuous Operations": 1187274000.0,
        "Tax Provision": 347859000.0,
        "Pretax Income": 1535133000.0,
        "Other Income Expense": 227559000.0,
        "Other Non Operating Income Expenses": 1815000.0,
        "Earnings From Equity Interest": 186621000.0,
        "Gain On Sale Of Security": 39123000.0,
        "Operating Income": 1307574000.0,
        "Operating Expense": 164672000.0,
        "Selling General And Administration": 164672000.0,
        "General And Administrative Expense": 164672000.0,
        "Other Gand A": 164672000.0,
        "Gross Profit": 1472246000.0,
        "Cost Of Revenue": 7943796000.0,
        "Total Revenue": 9416042000.0,
        "Operating Revenue": 9416042000.0
    },
    "2024-11-30": {
        "Tax Effect Of Unusual Items": 3120996.770768,
        "Tax Rate For Calcs": 0.245593,
        "Normalized EBITDA": 1403808000.0,
        "Total Unusual Items": 12708000.0,
        "Total Unusual Items Excluding Goodwill": 12708000.0,
        "Net Income From Continuing Operation Net Minority Interest": 1096214000.0,
        "Reconciled Depreciation": 30409000.0,
        "Reconciled Cost Of Revenue": 8390770000.0,
        "EBITDA": 1416516000.0,
        "EBIT": 1386107000.0,
        "Normalized Income": 1086626996.770768,
        "Net Income From Continuing And Discontinued Operation": 1096214000.0,
        "Total Expenses": 8560781000.0,
        "Diluted Average Shares": 267262000.0,
        "Basic Average Shares": 267262000.0,
        "Diluted EPS": 4.06,
        "Basic EPS": 4.06,
        "Diluted NI Availto Com Stockholders": 1085919000.0,
        "Average Dilution Earnings": NaN,
        "Net Income Common Stockholders": 1085919000.0,
        "Otherunder Preferred Stock Dividend": 10295000.0,
        "Net Income": 1096214000.0,
        "Minority Interests": -3660000.0,
        "Net Income Including Noncontrolling Interests": 1099874000.0,
        "Net Income Continuous Operations": 1099874000.0,
        "Tax Provision": 358058000.0,
        "Pretax Income": 1457932000.0,
        "Other Income Expense": 71825000.0,
        "Other Non Operating Income Expenses": 46785000.0,
        "Earnings From Equity Interest": 12332000.0,
        "Gain On Sale Of Security": 12708000.0,
        "Operating Income": 1386107000.0,
        "Operating Expense": 170011000.0,
        "Selling General And Administration": 170011000.0,
        "General And Administrative Expense": 170011000.0,
        "Other Gand A": 170011000.0,
        "Gross Profit": 1556118000.0,
        "Cost Of Revenue": 8390770000.0,
        "Total Revenue": 9946888000.0,
        "Operating Revenue": 9946888000.0
    }
}