{
    "2023-03-31": {
        "Tax Effect Of Unusual Items": 0.0,
        "Tax Rate For Calcs": 0.257,
        "Normalized EBITDA": -16265000.0,
        "Net Income From Continuing Operation Net Minority Interest": -31527000.0,
        "Reconciled Depreciation": 8922000.0,
        "Reconciled Cost Of Revenue": 141674000.0,
        "EBITDA": -16265000.0,
        "EBIT": -25187000.0,
        "Net Interest Income": -17247000.0,
        "Interest Expense": 17247000.0,
        "Normalized Income": -31527000.0,
        "Net Income From Continuing And Discontinued Operation": -31527000.0,
        "Total Expenses": 238031000.0,
        "Total Operating Income As Reported": -25187000.0,
        "Diluted Average Shares": 183729000.0,
        "Basic Average Shares": 183729000.0,
        "Diluted EPS": -0.17,
        "Basic EPS": -0.17,
        "Diluted NI Availto Com Stockholders": -31527000.0,
        "Net Income Common Stockholders": -31527000.0,
        "Net Income": -31527000.0,
        "Net Income Including Noncontrolling Interests": -31527000.0,
        "Net Income Continuous Operations": -31527000.0,
        "Tax Provision": -10907000.0,
        "Pretax Income": -42434000.0,
        "Net Non Operating Interest Income Expense": -17247000.0,
        "Interest Expense Non Operating": 17247000.0,
        "Operating Income": -25187000.0,
        "Operating Expense": 96357000.0,
        "Selling General And Administration": 96357000.0,
        "Gross Profit": 71170000.0,
        "Cost Of Revenue": 141674000.0,
        "Total Revenue": 212844000.0,
        "Operating Revenue": 212844000.0
    },
    "2022-12-31": {
        "Tax Effect Of Unusual Items": 0.0,
        "Tax Rate For Calcs": 0.25,
        "Normalized EBITDA": -18482000.0,
        "Net Income From Continuing Operation Net Minority Interest": -30259000.0,
        "Reconciled Depreciation": 8503000.0,
        "Reconciled Cost Of Revenue": 129808000.0,
        "EBITDA": -18482000.0,
        "EBIT": -26985000.0,
        "Net Interest Income": -13360000.0,
        "Interest Expense": 13360000.0,
        "Normalized Income": -30259000.0,
        "Net Income From Continuing And Discontinued Operation": -30259000.0,
        "Total Expenses": 222089000.0,
        "Total Operating Income As Reported": -26985000.0,
        "Diluted Average Shares": 183513000.0,
        "Basic Average Shares": 183513000.0,
        "Diluted EPS": -0.16,
        "Basic EPS": -0.16,
        "Diluted NI Availto Com Stockholders": -30259000.0,
        "Net Income Common Stockholders": -30259000.0,
        "Net Income": -30259000.0,
        "Net Income Including Noncontrolling Interests": -30259000.0,
        "Net Income Continuous Operations": -30259000.0,
        "Tax Provision": -10086000.0,
        "Pretax Income": -40345000.0,
        "Net Non Operating Interest Income Expense": -13360000.0,
        "Interest Expense Non Operating": 13360000.0,
        "Operating Income": -26985000.0,
        "Operating Expense": 92281000.0,
        "Selling General And Administration": 92281000.0,
        "Gross Profit": 65296000.0,
        "Cost Of Revenue": 129808000.0,
        "Total Revenue": 195104000.0,
        "Operating Revenue": 195104000.0
    },
    "2022-09-30": {
        "Tax Effect Of Unusual Items": NaN,
        "Tax Rate For Calcs": NaN,
        "Normalized EBITDA": NaN,
        "Total Unusual Items": 0.0,
        "Total Unusual Items Excluding Goodwill": 0.0,
        "Net Income From Continuing Operation Net Minority Interest": NaN,
        "Reconciled Depreciation": NaN,
        "Reconciled Cost Of Revenue": NaN,
        "EBITDA": NaN,
        "EBIT": NaN,
        "Net Interest Income": NaN,
        "Interest Expense": NaN,
        "Normalized Income": NaN,
        "Net Income From Continuing And Discontinued Operation": NaN,
        "Total Expenses": NaN,
        "Total Operating Income As Reported": NaN,
        "Diluted Average Shares": NaN,
        "Basic Average Shares": NaN,
        "Diluted EPS": NaN,
        "Basic EPS": NaN,
        "Diluted NI Availto Com Stockholders": NaN,
        "Net Income Common Stockholders": NaN,
        "Net Income": NaN,
        "Net Income Including Noncontrolling Interests": NaN,
        "Net Income Continuous Operations": NaN,
        "Tax Provision": NaN,
        "Pretax Income": NaN,
        "Other Income Expense": 10000.0,
        "Other Non Operating Income Expenses": 10000.0,
        "Special Income Charges": 0.0,
        "Net Non Operating Interest Income Expense": NaN,
        "Interest Expense Non Operating": NaN,
        "Operating Income": NaN,
        "Operating Expense": NaN,
        "Selling General And Administration": NaN,
        "Gross Profit": NaN,
        "Cost Of Revenue": NaN,
        "Total Revenue": NaN,
        "Operating Revenue": NaN
    },
    "2022-06-30": {
        "Tax Effect Of Unusual Items": 0.0,
        "Tax Rate For Calcs": 0.257,
        "Normalized EBITDA": 179344000.0,
        "Total Unusual Items": 0.0,
        "Total Unusual Items Excluding Goodwill": 0.0,
        "Net Income From Continuing Operation Net Minority Interest": 122986000.0,
        "Reconciled Depreciation": 7063000.0,
        "Reconciled Cost Of Revenue": 370026000.0,
        "EBITDA": 179344000.0,
        "EBIT": 172281000.0,
        "Net Interest Income": -6847000.0,
        "Interest Expense": 6847000.0,
        "Normalized Income": 122986000.0,
        "Net Income From Continuing And Discontinued Operation": 122986000.0,
        "Total Expenses": 501495000.0,
        "Total Operating Income As Reported": 172138000.0,
        "Diluted Average Shares": 184721000.0,
        "Basic Average Shares": 182937000.0,
        "Diluted EPS": 0.67,
        "Basic EPS": 0.67,
        "Diluted NI Availto Com Stockholders": 122986000.0,
        "Net Income Common Stockholders": 122986000.0,
        "Net Income": 122986000.0,
        "Net Income Including Noncontrolling Interests": 122986000.0,
        "Net Income Continuous Operations": 122986000.0,
        "Tax Provision": 42448000.0,
        "Pretax Income": 165434000.0,
        "Other Income Expense": 143000.0,
        "Other Non Operating Income Expenses": 143000.0,
        "Special Income Charges": 0.0,
        "Net Non Operating Interest Income Expense": -6847000.0,
        "Interest Expense Non Operating": 6847000.0,
        "Operating Income": 172138000.0,
        "Operating Expense": 131469000.0,
        "Selling General And Administration": 131469000.0,
        "Gross Profit": 303607000.0,
        "Cost Of Revenue": 370026000.0,
        "Total Revenue": 673633000.0,
        "Operating Revenue": 673633000.0
    },
    "2023-06-30": {
        "Tax Effect Of Unusual Items": 0.0,
        "Tax Rate For Calcs": 0.261,
        "Normalized EBITDA": 123951000.0,
        "Net Income From Continuing Operation Net Minority Interest": 72547000.0,
        "Reconciled Depreciation": 8144000.0,
        "Reconciled Cost Of Revenue": 359295000.0,
        "EBITDA": 123951000.0,
        "EBIT": 115807000.0,
        "Net Interest Income": -17675000.0,
        "Interest Expense": 17675000.0,
        "Normalized Income": 72547000.0,
        "Net Income From Continuing And Discontinued Operation": 72547000.0,
        "Total Expenses": 495084000.0,
        "Total Operating Income As Reported": 115807000.0,
        "Diluted Average Shares": 184760000.0,
        "Basic Average Shares": 183932000.0,
        "Diluted EPS": 0.39,
        "Basic EPS": 0.39,
        "Diluted NI Availto Com Stockholders": 72547000.0,
        "Net Income Common Stockholders": 72547000.0,
        "Net Income": 72547000.0,
        "Net Income Including Noncontrolling Interests": 72547000.0,
        "Net Income Continuous Operations": 72547000.0,
        "Tax Provision": 25585000.0,
        "Pretax Income": 98132000.0,
        "Net Non Operating Interest Income Expense": -17675000.0,
        "Interest Expense Non Operating": 17675000.0,
        "Operating Income": 115807000.0,
        "Operating Expense": 135789000.0,
        "Selling General And Administration": 135789000.0,
        "Gross Profit": 251596000.0,
        "Cost Of Revenue": 359295000.0,
        "Total Revenue": 610891000.0,
        "Operating Revenue": 610891000.0
    },
    "2022-03-31": {
        "Diluted EPS": -0.04,
        "Total Revenue": 228,
        "Gross Profit": 86,
        "Operating Income": -4,
        "EBIT": 3,
        "Net Income": -7
    },
    "2021-12-31": {
        "Diluted EPS": -0.08,
        "Total Revenue": 185,
        "Gross Profit": 67,
        "Operating Income": -12,
        "EBIT": -3,
        "Net Income": -14
    },
    "2021-09-30": {
        "Diluted EPS": 0.26,
        "Total Revenue": 409,
        "Gross Profit": 188,
        "Operating Income": 67,
        "EBIT": 75,
        "Net Income": 45
    },
    "2021-06-30": {
        "Diluted EPS": 0.61,
        "Total Revenue": 597,
        "Gross Profit": 284,
        "Operating Income": 166,
        "EBIT": 173,
        "Net Income": 119
    },
    "2021-03-31": {
        "Diluted EPS": -0.03,
        "Total Revenue": 192,
        "Gross Profit": 72,
        "Operating Income": 1,
        "EBIT": 8,
        "Net Income": -6
    },
    "2020-12-31": {
        "Diluted EPS": -0.17,
        "Total Revenue": 145,
        "Gross Profit": 52,
        "Operating Income": -26,
        "EBIT": -19,
        "Net Income": -30
    },
    "2020-09-30": {
        "Diluted EPS": 0.27,
        "Total Revenue": 381,
        "Gross Profit": 167,
        "Operating Income": 68,
        "EBIT": 77,
        "Net Income": 42
    },
    "2020-06-30": {
        "Diluted EPS": 0.46,
        "Total Revenue": 480,
        "Gross Profit": 211,
        "Operating Income": 112,
        "EBIT": 119,
        "Net Income": 72
    },
    "2020-03-31": {
        "Diluted EPS": -0.19,
        "Total Revenue": 126,
        "Gross Profit": 40,
        "Operating Income": -16,
        "EBIT": -8,
        "Net Income": -30
    },
    "2019-12-31": {
        "Diluted EPS": -0.17,
        "Total Revenue": 123,
        "Gross Profit": 41,
        "Operating Income": -19,
        "EBIT": -11,
        "Net Income": -26
    },
    "2019-09-30": {
        "Diluted EPS": 0.0,
        "Total Revenue": NaN,
        "Gross Profit": NaN,
        "Operating Income": NaN,
        "EBIT": NaN,
        "Net Income": NaN
    },
    "2018-09-30": {
        "Diluted EPS": 0.0,
        "Total Revenue": NaN,
        "Gross Profit": NaN,
        "Operating Income": NaN,
        "EBIT": NaN,
        "Net Income": NaN
    },
    "2023-09-30": {
        "Tax Effect Of Unusual Items": 0.0,
        "Tax Rate For Calcs": 0.229428,
        "Normalized EBITDA": 47117000.0,
        "Net Income From Continuing Operation Net Minority Interest": 16481000.0,
        "Reconciled Depreciation": 8573000.0,
        "Reconciled Cost Of Revenue": 272209000.0,
        "EBITDA": 47117000.0,
        "EBIT": 38544000.0,
        "Net Interest Income": -17156000.0,
        "Interest Expense": 17156000.0,
        "Normalized Income": 16481000.0,
        "Net Income From Continuing And Discontinued Operation": 16481000.0,
        "Total Expenses": 393826000.0,
        "Total Operating Income As Reported": 38544000.0,
        "Diluted Average Shares": 184782000.0,
        "Basic Average Shares": 184181000.0,
        "Diluted EPS": 0.09,
        "Basic EPS": 0.09,
        "Diluted NI Availto Com Stockholders": 16481000.0,
        "Net Income Common Stockholders": 16481000.0,
        "Net Income": 16481000.0,
        "Net Income Including Noncontrolling Interests": 16481000.0,
        "Net Income Continuous Operations": 16481000.0,
        "Tax Provision": 4907000.0,
        "Pretax Income": 21388000.0,
        "Net Non Operating Interest Income Expense": -17156000.0,
        "Interest Expense Non Operating": 17156000.0,
        "Operating Income": 38544000.0,
        "Operating Expense": 121617000.0,
        "Selling General And Administration": 121617000.0,
        "Gross Profit": 160161000.0,
        "Cost Of Revenue": 272209000.0,
        "Total Revenue": 432370000.0,
        "Operating Revenue": 432370000.0
    },
    "2023-12-31": {
        "Tax Effect Of Unusual Items": 0.0,
        "Tax Rate For Calcs": 0.261,
        "Normalized EBITDA": -28140000.0,
        "Net Income From Continuing Operation Net Minority Interest": -39553000.0,
        "Reconciled Depreciation": 8330000.0,
        "Reconciled Cost Of Revenue": 123552000.0,
        "EBITDA": -28140000.0,
        "EBIT": -36470000.0,
        "Net Interest Income": -17071000.0,
        "Interest Expense": 17071000.0,
        "Normalized Income": -39553000.0,
        "Net Income From Continuing And Discontinued Operation": -39553000.0,
        "Total Expenses": 210430000.0,
        "Total Operating Income As Reported": -36470000.0,
        "Diluted Average Shares": 184383000.0,
        "Basic Average Shares": 184383000.0,
        "Diluted EPS": -0.21,
        "Basic EPS": -0.21,
        "Diluted NI Availto Com Stockholders": -39553000.0,
        "Net Income Common Stockholders": -39553000.0,
        "Net Income": -39553000.0,
        "Net Income Including Noncontrolling Interests": -39553000.0,
        "Net Income Continuous Operations": -39553000.0,
        "Tax Provision": -13988000.0,
        "Pretax Income": -53541000.0,
        "Net Non Operating Interest Income Expense": -17071000.0,
        "Interest Expense Non Operating": 17071000.0,
        "Operating Income": -36470000.0,
        "Operating Expense": 86878000.0,
        "Selling General And Administration": 86878000.0,
        "Gross Profit": 50408000.0,
        "Cost Of Revenue": 123552000.0,
        "Total Revenue": 173960000.0,
        "Operating Revenue": 173960000.0
    },
    "2024-03-31": {
        "Tax Effect Of Unusual Items": 0.0,
        "Tax Rate For Calcs": 0.29,
        "Normalized EBITDA": -22685000.0,
        "Net Income From Continuing Operation Net Minority Interest": -34553000.0,
        "Reconciled Depreciation": 7843000.0,
        "Reconciled Cost Of Revenue": 134336000.0,
        "EBITDA": -22685000.0,
        "EBIT": -30528000.0,
        "Net Interest Income": -18153000.0,
        "Interest Expense": 18153000.0,
        "Normalized Income": -34553000.0,
        "Net Income From Continuing And Discontinued Operation": -34553000.0,
        "Total Expenses": 219192000.0,
        "Total Operating Income As Reported": -30528000.0,
        "Diluted Average Shares": 184625000.0,
        "Basic Average Shares": 184625000.0,
        "Diluted EPS": -0.19,
        "Basic EPS": -0.19,
        "Diluted NI Availto Com Stockholders": -34553000.0,
        "Net Income Common Stockholders": -34553000.0,
        "Net Income": -34553000.0,
        "Net Income Including Noncontrolling Interests": -34553000.0,
        "Net Income Continuous Operations": -34553000.0,
        "Tax Provision": -14128000.0,
        "Pretax Income": -48681000.0,
        "Net Non Operating Interest Income Expense": -18153000.0,
        "Interest Expense Non Operating": 18153000.0,
        "Operating Income": -30528000.0,
        "Operating Expense": 84856000.0,
        "Selling General And Administration": 84856000.0,
        "Gross Profit": 54328000.0,
        "Cost Of Revenue": 134336000.0,
        "Total Revenue": 188664000.0,
        "Operating Revenue": 188664000.0
    },
    "2024-06-30": {
        "Tax Effect Of Unusual Items": 0.0,
        "Tax Rate For Calcs": 0.237481,
        "Normalized EBITDA": 105942000.0,
        "Net Income From Continuing Operation Net Minority Interest": 60650000.0,
        "Reconciled Depreciation": 8247000.0,
        "Reconciled Cost Of Revenue": 340798000.0,
        "EBITDA": 105942000.0,
        "EBIT": 97695000.0,
        "Net Interest Income": -18156000.0,
        "Interest Expense": 18156000.0,
        "Normalized Income": 60650000.0,
        "Net Income From Continuing And Discontinued Operation": 60650000.0,
        "Total Expenses": 471943000.0,
        "Total Operating Income As Reported": 97695000.0,
        "Diluted Average Shares": 184861000.0,
        "Basic Average Shares": 184834000.0,
        "Diluted EPS": 0.33,
        "Basic EPS": 0.33,
        "Diluted NI Availto Com Stockholders": 60650000.0,
        "Net Income Common Stockholders": 60650000.0,
        "Net Income": 60650000.0,
        "Net Income Including Noncontrolling Interests": 60650000.0,
        "Net Income Continuous Operations": 60650000.0,
        "Tax Provision": 18889000.0,
        "Pretax Income": 79539000.0,
        "Net Non Operating Interest Income Expense": -18156000.0,
        "Interest Expense Non Operating": 18156000.0,
        "Operating Income": 97695000.0,
        "Operating Expense": 131145000.0,
        "Selling General And Administration": 131145000.0,
        "Gross Profit": 228840000.0,
        "Cost Of Revenue": 340798000.0,
        "Total Revenue": 569638000.0,
        "Operating Revenue": 569638000.0
    }
}