{
    "2023-03-31": {
        "Tax Effect Of Unusual Items": NaN,
        "Tax Rate For Calcs": NaN,
        "Normalized EBITDA": NaN,
        "Total Unusual Items": NaN,
        "Total Unusual Items Excluding Goodwill": NaN,
        "Net Income From Continuing Operation Net Minority Interest": NaN,
        "Reconciled Depreciation": NaN,
        "Reconciled Cost Of Revenue": NaN,
        "EBITDA": NaN,
        "EBIT": NaN,
        "Net Interest Income": NaN,
        "Interest Expense": NaN,
        "Interest Income": 97931.0,
        "Normalized Income": NaN,
        "Net Income From Continuing And Discontinued Operation": NaN,
        "Total Expenses": NaN,
        "Total Operating Income As Reported": NaN,
        "Diluted Average Shares": 220777661.0,
        "Basic Average Shares": 220777661.0,
        "Diluted EPS": -0.07,
        "Basic EPS": -0.07,
        "Diluted NI Availto Com Stockholders": NaN,
        "Net Income Common Stockholders": NaN,
        "Net Income": NaN,
        "Net Income Including Noncontrolling Interests": NaN,
        "Net Income Continuous Operations": NaN,
        "Pretax Income": NaN,
        "Other Income Expense": NaN,
        "Special Income Charges": NaN,
        "Restructuring And Mergern Acquisition": NaN,
        "Gain On Sale Of Security": NaN,
        "Net Non Operating Interest Income Expense": NaN,
        "Total Other Finance Cost": 435212.0,
        "Interest Expense Non Operating": NaN,
        "Interest Income Non Operating": 97931.0,
        "Operating Income": NaN,
        "Operating Expense": NaN,
        "Selling General And Administration": NaN,
        "Selling And Marketing Expense": NaN,
        "General And Administrative Expense": NaN,
        "Other Gand A": NaN,
        "Gross Profit": NaN,
        "Cost Of Revenue": NaN,
        "Total Revenue": NaN,
        "Operating Revenue": NaN
    },
    "2022-12-31": {
        "Tax Effect Of Unusual Items": NaN,
        "Tax Rate For Calcs": NaN,
        "Normalized EBITDA": NaN,
        "Total Unusual Items": NaN,
        "Total Unusual Items Excluding Goodwill": NaN,
        "Net Income From Continuing Operation Net Minority Interest": NaN,
        "Reconciled Depreciation": NaN,
        "Reconciled Cost Of Revenue": NaN,
        "EBITDA": NaN,
        "EBIT": NaN,
        "Net Interest Income": NaN,
        "Interest Expense": NaN,
        "Interest Income": NaN,
        "Normalized Income": NaN,
        "Net Income From Continuing And Discontinued Operation": NaN,
        "Total Expenses": NaN,
        "Total Operating Income As Reported": NaN,
        "Diluted Average Shares": NaN,
        "Basic Average Shares": NaN,
        "Diluted EPS": NaN,
        "Basic EPS": NaN,
        "Diluted NI Availto Com Stockholders": NaN,
        "Net Income Common Stockholders": NaN,
        "Net Income": NaN,
        "Net Income Including Noncontrolling Interests": NaN,
        "Net Income Continuous Operations": NaN,
        "Pretax Income": NaN,
        "Other Income Expense": NaN,
        "Special Income Charges": 0.0,
        "Restructuring And Mergern Acquisition": 0.0,
        "Gain On Sale Of Security": NaN,
        "Net Non Operating Interest Income Expense": NaN,
        "Total Other Finance Cost": 2487146.0,
        "Interest Expense Non Operating": NaN,
        "Interest Income Non Operating": NaN,
        "Operating Income": NaN,
        "Operating Expense": NaN,
        "Selling General And Administration": NaN,
        "Selling And Marketing Expense": NaN,
        "General And Administrative Expense": NaN,
        "Other Gand A": NaN,
        "Gross Profit": NaN,
        "Cost Of Revenue": NaN,
        "Total Revenue": NaN,
        "Operating Revenue": NaN
    },
    "2022-09-30": {
        "Tax Effect Of Unusual Items": NaN,
        "Tax Rate For Calcs": NaN,
        "Normalized EBITDA": NaN,
        "Total Unusual Items": NaN,
        "Total Unusual Items Excluding Goodwill": NaN,
        "Net Income From Continuing Operation Net Minority Interest": NaN,
        "Reconciled Depreciation": NaN,
        "Reconciled Cost Of Revenue": NaN,
        "EBITDA": NaN,
        "EBIT": NaN,
        "Net Interest Income": NaN,
        "Interest Expense": NaN,
        "Interest Income": NaN,
        "Normalized Income": NaN,
        "Net Income From Continuing And Discontinued Operation": NaN,
        "Total Expenses": NaN,
        "Total Operating Income As Reported": NaN,
        "Diluted Average Shares": NaN,
        "Basic Average Shares": NaN,
        "Diluted EPS": NaN,
        "Basic EPS": NaN,
        "Diluted NI Availto Com Stockholders": NaN,
        "Net Income Common Stockholders": NaN,
        "Net Income": NaN,
        "Net Income Including Noncontrolling Interests": NaN,
        "Net Income Continuous Operations": NaN,
        "Pretax Income": NaN,
        "Other Income Expense": NaN,
        "Special Income Charges": 0.0,
        "Restructuring And Mergern Acquisition": 0.0,
        "Gain On Sale Of Security": NaN,
        "Net Non Operating Interest Income Expense": NaN,
        "Total Other Finance Cost": -21186.0,
        "Interest Expense Non Operating": NaN,
        "Interest Income Non Operating": NaN,
        "Operating Income": NaN,
        "Operating Expense": NaN,
        "Selling General And Administration": NaN,
        "Selling And Marketing Expense": NaN,
        "General And Administrative Expense": NaN,
        "Other Gand A": NaN,
        "Gross Profit": NaN,
        "Cost Of Revenue": NaN,
        "Total Revenue": NaN,
        "Operating Revenue": NaN
    },
    "2022-06-30": {
        "Tax Effect Of Unusual Items": 24274355.2,
        "Tax Rate For Calcs": 0.4,
        "Normalized EBITDA": -19112068.0,
        "Total Unusual Items": 60685888.0,
        "Total Unusual Items Excluding Goodwill": 60685888.0,
        "Net Income From Continuing Operation Net Minority Interest": 37510822.0,
        "Reconciled Depreciation": 2739172.0,
        "Reconciled Cost Of Revenue": 32972183.0,
        "EBITDA": 41573820.0,
        "EBIT": 38834648.0,
        "Net Interest Income": -1298624.0,
        "Interest Expense": 1323826.0,
        "Interest Income": NaN,
        "Normalized Income": 1099289.2,
        "Net Income From Continuing And Discontinued Operation": 37510822.0,
        "Total Expenses": 51397458.0,
        "Total Operating Income As Reported": -21876442.0,
        "Diluted Average Shares": 196666543.0,
        "Basic Average Shares": 190002774.0,
        "Diluted EPS": 0.19,
        "Basic EPS": 0.2,
        "Diluted NI Availto Com Stockholders": 37510822.0,
        "Net Income Common Stockholders": 37510822.0,
        "Net Income": 37510822.0,
        "Net Income Including Noncontrolling Interests": 37510822.0,
        "Net Income Continuous Operations": 37510822.0,
        "Pretax Income": 37510822.0,
        "Other Income Expense": 60685888.0,
        "Special Income Charges": 2130583.0,
        "Restructuring And Mergern Acquisition": -2130583.0,
        "Gain On Sale Of Security": 58555305.0,
        "Net Non Operating Interest Income Expense": -1298624.0,
        "Total Other Finance Cost": -25202.0,
        "Interest Expense Non Operating": 1323826.0,
        "Interest Income Non Operating": NaN,
        "Operating Income": -21876442.0,
        "Operating Expense": 18425275.0,
        "Selling General And Administration": 18425275.0,
        "Selling And Marketing Expense": 6722480.0,
        "General And Administrative Expense": 11702795.0,
        "Other Gand A": 11702795.0,
        "Gross Profit": -3451167.0,
        "Cost Of Revenue": 32972183.0,
        "Total Revenue": 29521016.0,
        "Operating Revenue": 29521016.0
    },
    "2023-06-30": {
        "Tax Effect Of Unusual Items": NaN,
        "Tax Rate For Calcs": NaN,
        "Normalized EBITDA": NaN,
        "Total Unusual Items": NaN,
        "Total Unusual Items Excluding Goodwill": NaN,
        "Net Income From Continuing Operation Net Minority Interest": NaN,
        "Reconciled Depreciation": NaN,
        "Reconciled Cost Of Revenue": NaN,
        "EBITDA": NaN,
        "EBIT": NaN,
        "Net Interest Income": NaN,
        "Interest Expense": NaN,
        "Interest Income": 236634.0,
        "Normalized Income": NaN,
        "Net Income From Continuing And Discontinued Operation": NaN,
        "Total Expenses": NaN,
        "Total Operating Income As Reported": NaN,
        "Diluted Average Shares": 224068437.0,
        "Basic Average Shares": 224068437.0,
        "Diluted EPS": -0.05,
        "Basic EPS": -0.05,
        "Diluted NI Availto Com Stockholders": NaN,
        "Net Income Common Stockholders": NaN,
        "Net Income": NaN,
        "Net Income Including Noncontrolling Interests": NaN,
        "Net Income Continuous Operations": NaN,
        "Pretax Income": NaN,
        "Other Income Expense": NaN,
        "Special Income Charges": 0.0,
        "Restructuring And Mergern Acquisition": 0.0,
        "Gain On Sale Of Security": NaN,
        "Net Non Operating Interest Income Expense": NaN,
        "Total Other Finance Cost": 327914.0,
        "Interest Expense Non Operating": NaN,
        "Interest Income Non Operating": 236634.0,
        "Operating Income": NaN,
        "Operating Expense": NaN,
        "Selling General And Administration": NaN,
        "Selling And Marketing Expense": NaN,
        "General And Administrative Expense": NaN,
        "Other Gand A": NaN,
        "Gross Profit": NaN,
        "Cost Of Revenue": NaN,
        "Total Revenue": NaN,
        "Operating Revenue": NaN
    },
    "2022-03-31": {
        "Diluted EPS": 0.01,
        "Total Revenue": 23,
        "Gross Profit": -1,
        "Operating Income": -17,
        "EBIT": -15,
        "Net Income": 2
    },
    "2021-12-31": {
        "Diluted EPS": 0.41,
        "Total Revenue": 23,
        "Gross Profit": 2,
        "Operating Income": -15,
        "EBIT": -13,
        "Net Income": 28
    },
    "2021-09-30": {
        "Diluted EPS": 0.6,
        "Total Revenue": 12,
        "Gross Profit": -1,
        "Operating Income": -16,
        "EBIT": -15,
        "Net Income": 123
    },
    "2021-06-30": {
        "Diluted EPS": -1.13,
        "Total Revenue": 17,
        "Gross Profit": 1,
        "Operating Income": -76,
        "EBIT": -75,
        "Net Income": -178
    },
    "2021-03-31": {
        "Diluted EPS": -0.15,
        "Total Revenue": 6,
        "Gross Profit": -2,
        "Operating Income": -12,
        "EBIT": -11,
        "Net Income": -16
    },
    "2020-12-31": {
        "Diluted EPS": -0.47,
        "Total Revenue": 14,
        "Gross Profit": 4,
        "Operating Income": -32,
        "EBIT": -31,
        "Net Income": -52
    },
    "2020-09-30": {
        "Diluted EPS": -0.35,
        "Total Revenue": 3,
        "Gross Profit": -1,
        "Operating Income": -36,
        "EBIT": -36,
        "Net Income": -39
    },
    "2020-06-30": {
        "Diluted EPS": -0.01,
        "Total Revenue": 6,
        "Gross Profit": 1,
        "Operating Income": -1,
        "EBIT": 0,
        "Net Income": -1
    },
    "2020-03-31": {
        "Diluted EPS": -0.05,
        "Total Revenue": 1,
        "Gross Profit": -1,
        "Operating Income": -3,
        "EBIT": -3,
        "Net Income": -6
    },
    "2019-12-31": {
        "Diluted EPS": 0.0,
        "Total Revenue": NaN,
        "Gross Profit": NaN,
        "Operating Income": NaN,
        "EBIT": NaN,
        "Net Income": NaN
    },
    "2023-09-30": {
        "Tax Effect Of Unusual Items": 0.0,
        "Tax Rate For Calcs": 0.0,
        "Normalized EBITDA": -7922985.0,
        "Total Unusual Items": 674227.0,
        "Total Unusual Items Excluding Goodwill": 674227.0,
        "Net Income From Continuing Operation Net Minority Interest": -19852573.0,
        "Reconciled Depreciation": 7240088.0,
        "Reconciled Cost Of Revenue": 74982572.0,
        "EBITDA": -7248758.0,
        "EBIT": -14488846.0,
        "Net Interest Income": -7728320.0,
        "Interest Expense": 5363727.0,
        "Interest Income": 235136.0,
        "Normalized Income": -20526800.0,
        "Net Income From Continuing And Discontinued Operation": -19852573.0,
        "Total Expenses": 93146094.0,
        "Total Operating Income As Reported": -12798480.0,
        "Diluted Average Shares": 226134423.0,
        "Basic Average Shares": 226134423.0,
        "Diluted EPS": -0.09,
        "Basic EPS": -0.09,
        "Diluted NI Availto Com Stockholders": -19852573.0,
        "Net Income Common Stockholders": -19852573.0,
        "Net Income": -19852573.0,
        "Net Income Including Noncontrolling Interests": -19852573.0,
        "Net Income Continuous Operations": -19852573.0,
        "Pretax Income": -19852573.0,
        "Other Income Expense": 674227.0,
        "Special Income Charges": 0.0,
        "Restructuring And Mergern Acquisition": 0.0,
        "Gain On Sale Of Security": 674227.0,
        "Net Non Operating Interest Income Expense": -7728320.0,
        "Total Other Finance Cost": 2599729.0,
        "Interest Expense Non Operating": 5363727.0,
        "Interest Income Non Operating": 235136.0,
        "Operating Income": -12798480.0,
        "Operating Expense": 18163522.0,
        "Selling General And Administration": 18163522.0,
        "Selling And Marketing Expense": 5176768.0,
        "General And Administrative Expense": 12986754.0,
        "Other Gand A": 12986754.0,
        "Gross Profit": 5365042.0,
        "Cost Of Revenue": 74982572.0,
        "Total Revenue": 80347614.0,
        "Operating Revenue": 80347614.0
    },
    "2023-12-31": {
        "Tax Effect Of Unusual Items": 0.0,
        "Tax Rate For Calcs": 0.0,
        "Normalized EBITDA": -19839313.0,
        "Total Unusual Items": -24590577.0,
        "Total Unusual Items Excluding Goodwill": -24590577.0,
        "Net Income From Continuing Operation Net Minority Interest": -56542533.0,
        "Reconciled Depreciation": 8359468.0,
        "Reconciled Cost Of Revenue": 69479799.0,
        "EBITDA": -44429890.0,
        "EBIT": -52789358.0,
        "Net Interest Income": -6742686.0,
        "Interest Expense": 3753175.0,
        "Interest Income": NaN,
        "Normalized Income": -31951956.0,
        "Net Income From Continuing And Discontinued Operation": -56542533.0,
        "Total Expenses": 85638009.0,
        "Total Operating Income As Reported": -62633880.0,
        "Diluted Average Shares": NaN,
        "Basic Average Shares": NaN,
        "Diluted EPS": NaN,
        "Basic EPS": NaN,
        "Diluted NI Availto Com Stockholders": -56542533.0,
        "Net Income Common Stockholders": -56542533.0,
        "Net Income": -56542533.0,
        "Net Income Including Noncontrolling Interests": -56542533.0,
        "Net Income Continuous Operations": -56542533.0,
        "Pretax Income": -56542533.0,
        "Other Income Expense": -24590577.0,
        "Special Income Charges": NaN,
        "Restructuring And Mergern Acquisition": NaN,
        "Gain On Sale Of Security": 12834033.0,
        "Net Non Operating Interest Income Expense": -6742686.0,
        "Total Other Finance Cost": NaN,
        "Interest Expense Non Operating": 3753175.0,
        "Interest Income Non Operating": NaN,
        "Operating Income": -25209270.0,
        "Operating Expense": 16158210.0,
        "Selling General And Administration": 16158210.0,
        "Selling And Marketing Expense": 3146991.0,
        "General And Administrative Expense": 13011219.0,
        "Other Gand A": 13011219.0,
        "Gross Profit": -9051060.0,
        "Cost Of Revenue": 69479799.0,
        "Total Revenue": 60428739.0,
        "Operating Revenue": 60428739.0
    },
    "2024-03-31": {
        "Tax Effect Of Unusual Items": 0.0,
        "Tax Rate For Calcs": 0.0,
        "Normalized EBITDA": -17671068.0,
        "Total Unusual Items": 14942515.0,
        "Total Unusual Items Excluding Goodwill": 14942515.0,
        "Net Income From Continuing Operation Net Minority Interest": -21697240.0,
        "Reconciled Depreciation": 8087314.0,
        "Reconciled Cost Of Revenue": 66624576.0,
        "EBITDA": -2728553.0,
        "EBIT": -10815867.0,
        "Net Interest Income": -10617741.0,
        "Interest Expense": 10881373.0,
        "Interest Income": 525800.0,
        "Normalized Income": -36639755.0,
        "Net Income From Continuing And Discontinued Operation": -21697240.0,
        "Total Expenses": 81502903.0,
        "Total Operating Income As Reported": -26022014.0,
        "Diluted Average Shares": 226201847.0,
        "Basic Average Shares": 226201847.0,
        "Diluted EPS": -0.1,
        "Basic EPS": -0.1,
        "Diluted NI Availto Com Stockholders": -21697240.0,
        "Net Income Common Stockholders": -21697240.0,
        "Net Income": -21697240.0,
        "Net Income Including Noncontrolling Interests": -21697240.0,
        "Net Income Continuous Operations": -21697240.0,
        "Pretax Income": -21697240.0,
        "Other Income Expense": 14942515.0,
        "Special Income Charges": NaN,
        "Restructuring And Mergern Acquisition": NaN,
        "Gain On Sale Of Security": 14942515.0,
        "Net Non Operating Interest Income Expense": -10617741.0,
        "Total Other Finance Cost": 262168.0,
        "Interest Expense Non Operating": 10881373.0,
        "Interest Income Non Operating": 525800.0,
        "Operating Income": -26022014.0,
        "Operating Expense": 14878327.0,
        "Selling General And Administration": 14878327.0,
        "Selling And Marketing Expense": 3760994.0,
        "General And Administrative Expense": 11117333.0,
        "Other Gand A": 11117333.0,
        "Gross Profit": -11143687.0,
        "Cost Of Revenue": 66624576.0,
        "Total Revenue": 55480889.0,
        "Operating Revenue": 55480889.0
    },
    "2024-06-30": {
        "Tax Effect Of Unusual Items": 0.0,
        "Tax Rate For Calcs": 0.0,
        "Normalized EBITDA": -22090758.0,
        "Total Unusual Items": 23459079.0,
        "Total Unusual Items Excluding Goodwill": 23459079.0,
        "Net Income From Continuing Operation Net Minority Interest": -19265435.0,
        "Reconciled Depreciation": 9108162.0,
        "Reconciled Cost Of Revenue": 45489617.0,
        "EBITDA": 1368321.0,
        "EBIT": -7739841.0,
        "Net Interest Income": -12292088.0,
        "Interest Expense": 11525594.0,
        "Interest Income": 116857.0,
        "Normalized Income": -42724514.0,
        "Net Income From Continuing And Discontinued Operation": -19265435.0,
        "Total Expenses": 60708453.0,
        "Total Operating Income As Reported": -31815435.0,
        "Diluted Average Shares": 226217541.0,
        "Basic Average Shares": 226217541.0,
        "Diluted EPS": -0.09,
        "Basic EPS": -0.09,
        "Diluted NI Availto Com Stockholders": -19265435.0,
        "Net Income Common Stockholders": -19265435.0,
        "Net Income": -19265435.0,
        "Net Income Including Noncontrolling Interests": -19265435.0,
        "Net Income Continuous Operations": -19265435.0,
        "Pretax Income": -19265435.0,
        "Other Income Expense": 23459079.0,
        "Special Income Charges": -1383009.0,
        "Restructuring And Mergern Acquisition": 1383009.0,
        "Gain On Sale Of Security": 24842088.0,
        "Net Non Operating Interest Income Expense": -12292088.0,
        "Total Other Finance Cost": 883351.0,
        "Interest Expense Non Operating": 11525594.0,
        "Interest Income Non Operating": 116857.0,
        "Operating Income": -30432426.0,
        "Operating Expense": 15218836.0,
        "Selling General And Administration": 15218836.0,
        "Selling And Marketing Expense": 4274676.0,
        "General And Administrative Expense": 10944160.0,
        "Other Gand A": 10944160.0,
        "Gross Profit": -15213590.0,
        "Cost Of Revenue": 45489617.0,
        "Total Revenue": 30276027.0,
        "Operating Revenue": 30276027.0
    },
    "2024-09-30": {
        "Tax Effect Of Unusual Items": 0.0,
        "Tax Rate For Calcs": 0.0,
        "Normalized EBITDA": -20567383.0,
        "Total Unusual Items": 8504241.0,
        "Total Unusual Items Excluding Goodwill": 8504241.0,
        "Net Income From Continuing Operation Net Minority Interest": -33945985.0,
        "Reconciled Depreciation": 9044054.0,
        "Reconciled Cost Of Revenue": 46580060.0,
        "EBITDA": -12063142.0,
        "EBIT": -21107196.0,
        "Net Interest Income": -13024254.0,
        "Interest Expense": 12838789.0,
        "Interest Income": 81765.0,
        "Normalized Income": -42450226.0,
        "Net Income From Continuing And Discontinued Operation": -33945985.0,
        "Total Expenses": 60052576.0,
        "Total Operating Income As Reported": -30206232.0,
        "Diluted Average Shares": 226217541.0,
        "Basic Average Shares": 226217541.0,
        "Diluted EPS": -0.15,
        "Basic EPS": -0.15,
        "Diluted NI Availto Com Stockholders": -33945985.0,
        "Net Income Common Stockholders": -33945985.0,
        "Net Income": -33945985.0,
        "Net Income Including Noncontrolling Interests": -33945985.0,
        "Net Income Continuous Operations": -33945985.0,
        "Pretax Income": -33945985.0,
        "Other Income Expense": 8504241.0,
        "Special Income Charges": -780260.0,
        "Restructuring And Mergern Acquisition": 780260.0,
        "Gain On Sale Of Security": 9284501.0,
        "Net Non Operating Interest Income Expense": -13024254.0,
        "Total Other Finance Cost": 267230.0,
        "Interest Expense Non Operating": 12838789.0,
        "Interest Income Non Operating": 81765.0,
        "Operating Income": -29425972.0,
        "Operating Expense": 13472516.0,
        "Selling General And Administration": 13472516.0,
        "Selling And Marketing Expense": 3777272.0,
        "General And Administrative Expense": 9695244.0,
        "Other Gand A": 9695244.0,
        "Gross Profit": -15953456.0,
        "Cost Of Revenue": 46580060.0,
        "Total Revenue": 30626604.0,
        "Operating Revenue": 30626604.0
    }
}