{
    "2023-02-28": {
        "Tax Effect Of Unusual Items": NaN,
        "Tax Rate For Calcs": NaN,
        "Normalized EBITDA": NaN,
        "Total Unusual Items": NaN,
        "Total Unusual Items Excluding Goodwill": NaN,
        "Net Income From Continuing Operation Net Minority Interest": NaN,
        "Reconciled Depreciation": NaN,
        "Reconciled Cost Of Revenue": NaN,
        "EBITDA": NaN,
        "EBIT": NaN,
        "Net Interest Income": NaN,
        "Interest Expense": NaN,
        "Interest Income": 22000.0,
        "Normalized Income": NaN,
        "Net Income From Continuing And Discontinued Operation": NaN,
        "Total Expenses": NaN,
        "Total Operating Income As Reported": NaN,
        "Diluted Average Shares": NaN,
        "Basic Average Shares": NaN,
        "Diluted EPS": NaN,
        "Basic EPS": NaN,
        "Diluted NI Availto Com Stockholders": NaN,
        "Net Income Common Stockholders": NaN,
        "Net Income": NaN,
        "Net Income Including Noncontrolling Interests": NaN,
        "Net Income Discontinuous Operations": NaN,
        "Net Income Continuous Operations": NaN,
        "Tax Provision": NaN,
        "Pretax Income": NaN,
        "Other Income Expense": NaN,
        "Other Non Operating Income Expenses": NaN,
        "Special Income Charges": NaN,
        "Gain On Sale Of Business": NaN,
        "Impairment Of Capital Assets": 0.0,
        "Restructuring And Mergern Acquisition": NaN,
        "Gain On Sale Of Security": NaN,
        "Net Non Operating Interest Income Expense": NaN,
        "Interest Expense Non Operating": NaN,
        "Interest Income Non Operating": 22000.0,
        "Operating Income": NaN,
        "Operating Expense": NaN,
        "Research And Development": NaN,
        "Selling General And Administration": NaN,
        "Gross Profit": NaN,
        "Cost Of Revenue": NaN,
        "Total Revenue": NaN,
        "Operating Revenue": NaN
    },
    "2022-11-30": {
        "Tax Effect Of Unusual Items": NaN,
        "Tax Rate For Calcs": NaN,
        "Normalized EBITDA": NaN,
        "Total Unusual Items": NaN,
        "Total Unusual Items Excluding Goodwill": NaN,
        "Net Income From Continuing Operation Net Minority Interest": NaN,
        "Reconciled Depreciation": NaN,
        "Reconciled Cost Of Revenue": NaN,
        "EBITDA": NaN,
        "EBIT": NaN,
        "Net Interest Income": NaN,
        "Interest Expense": NaN,
        "Interest Income": 16000.0,
        "Normalized Income": NaN,
        "Net Income From Continuing And Discontinued Operation": NaN,
        "Total Expenses": NaN,
        "Total Operating Income As Reported": NaN,
        "Diluted Average Shares": NaN,
        "Basic Average Shares": NaN,
        "Diluted EPS": NaN,
        "Basic EPS": NaN,
        "Diluted NI Availto Com Stockholders": NaN,
        "Net Income Common Stockholders": NaN,
        "Net Income": NaN,
        "Net Income Including Noncontrolling Interests": NaN,
        "Net Income Discontinuous Operations": NaN,
        "Net Income Continuous Operations": NaN,
        "Tax Provision": NaN,
        "Pretax Income": NaN,
        "Other Income Expense": NaN,
        "Other Non Operating Income Expenses": NaN,
        "Special Income Charges": NaN,
        "Gain On Sale Of Business": NaN,
        "Impairment Of Capital Assets": 1300000.0,
        "Restructuring And Mergern Acquisition": NaN,
        "Gain On Sale Of Security": NaN,
        "Net Non Operating Interest Income Expense": NaN,
        "Interest Expense Non Operating": NaN,
        "Interest Income Non Operating": 16000.0,
        "Operating Income": NaN,
        "Operating Expense": NaN,
        "Research And Development": NaN,
        "Selling General And Administration": NaN,
        "Gross Profit": NaN,
        "Cost Of Revenue": NaN,
        "Total Revenue": NaN,
        "Operating Revenue": NaN
    },
    "2022-08-31": {
        "Tax Effect Of Unusual Items": -219870.0,
        "Tax Rate For Calcs": 0.21,
        "Normalized EBITDA": -2266000.0,
        "Total Unusual Items": -1047000.0,
        "Total Unusual Items Excluding Goodwill": -1047000.0,
        "Net Income From Continuing Operation Net Minority Interest": -11351000.0,
        "Reconciled Depreciation": 4356000.0,
        "Reconciled Cost Of Revenue": 37103000.0,
        "EBITDA": -3313000.0,
        "EBIT": -7669000.0,
        "Net Interest Income": -3663000.0,
        "Interest Expense": 3678000.0,
        "Interest Income": 15000.0,
        "Normalized Income": -10523870.0,
        "Net Income From Continuing And Discontinued Operation": -11351000.0,
        "Total Expenses": 49812000.0,
        "Total Operating Income As Reported": -7504000.0,
        "Diluted Average Shares": 29577000.0,
        "Basic Average Shares": 29577000.0,
        "Diluted EPS": -0.38,
        "Basic EPS": -0.38,
        "Diluted NI Availto Com Stockholders": -11351000.0,
        "Net Income Common Stockholders": -11351000.0,
        "Net Income": -11351000.0,
        "Net Income Including Noncontrolling Interests": -11351000.0,
        "Net Income Discontinuous Operations": 0.0,
        "Net Income Continuous Operations": -11351000.0,
        "Tax Provision": 4000.0,
        "Pretax Income": -11347000.0,
        "Other Income Expense": -1227000.0,
        "Other Non Operating Income Expenses": -180000.0,
        "Special Income Charges": -1047000.0,
        "Gain On Sale Of Business": NaN,
        "Impairment Of Capital Assets": NaN,
        "Restructuring And Mergern Acquisition": 1047000.0,
        "Net Non Operating Interest Income Expense": -3663000.0,
        "Interest Expense Non Operating": 3678000.0,
        "Interest Income Non Operating": 15000.0,
        "Operating Income": -6457000.0,
        "Operating Expense": 12709000.0,
        "Research And Development": 2048000.0,
        "Selling General And Administration": 10661000.0,
        "Gross Profit": 6252000.0,
        "Cost Of Revenue": 37103000.0,
        "Total Revenue": 43355000.0,
        "Operating Revenue": 43355000.0
    },
    "2022-05-31": {
        "Tax Effect Of Unusual Items": -422853.076923,
        "Tax Rate For Calcs": 0.014231,
        "Normalized EBITDA": -3301000.0,
        "Total Unusual Items": -29714000.0,
        "Total Unusual Items Excluding Goodwill": -29714000.0,
        "Net Income From Continuing Operation Net Minority Interest": -35882000.0,
        "Reconciled Depreciation": 3300000.0,
        "Reconciled Cost Of Revenue": 36119000.0,
        "EBIT": -33015000.0,
        "Net Interest Income": -3370000.0,
        "Interest Expense": 3385000.0,
        "Interest Income": 15000.0,
        "Normalized Income": -6590853.076923,
        "Net Income From Continuing And Discontinued Operation": -36471000.0,
        "Total Expenses": 53598000.0,
        "Total Operating Income As Reported": -35685000.0,
        "Diluted Average Shares": 29487000.0,
        "Basic Average Shares": 29487000.0,
        "Diluted EPS": -1.24,
        "Basic EPS": -1.235761,
        "Diluted NI Availto Com Stockholders": -36471000.0,
        "Net Income Common Stockholders": -36471000.0,
        "Net Income": -36471000.0,
        "Net Income Including Noncontrolling Interests": -36471000.0,
        "Net Income Discontinuous Operations": -589000.0,
        "Net Income Continuous Operations": -35882000.0,
        "Tax Provision": -518000.0,
        "Pretax Income": -36400000.0,
        "Other Income Expense": -27059000.0,
        "Other Non Operating Income Expenses": 2655000.0,
        "Special Income Charges": -29714000.0,
        "Gain On Sale Of Business": NaN,
        "Impairment Of Capital Assets": 28735000.0,
        "Restructuring And Mergern Acquisition": 979000.0,
        "Net Non Operating Interest Income Expense": -3370000.0,
        "Interest Expense Non Operating": 3385000.0,
        "Interest Income Non Operating": 15000.0,
        "Operating Income": -5971000.0,
        "Operating Expense": 17479000.0,
        "Research And Development": 2056000.0,
        "Selling General And Administration": 15423000.0,
        "Gross Profit": 11508000.0,
        "Cost Of Revenue": 36119000.0,
        "Total Revenue": 47627000.0,
        "Operating Revenue": 47627000.0
    },
    "2022-02-28": {
        "Diluted EPS": -0.45,
        "Total Revenue": 37,
        "Gross Profit": 13,
        "Operating Income": -9,
        "EBIT": 27,
        "Net Income": -13
    },
    "2021-11-30": {
        "Diluted EPS": -1.3,
        "Total Revenue": 43,
        "Gross Profit": 15,
        "Operating Income": 4,
        "EBIT": 10,
        "Net Income": -38
    },
    "2021-08-31": {
        "Diluted EPS": -0.32,
        "Total Revenue": 42,
        "Gross Profit": 10,
        "Operating Income": -3,
        "EBIT": 2,
        "Net Income": -9
    },
    "2021-05-31": {
        "Diluted EPS": -0.1,
        "Total Revenue": -140,
        "Gross Profit": -1,
        "Operating Income": 11,
        "EBIT": 16,
        "Net Income": -3
    },
    "2021-02-28": {
        "Diluted EPS": -0.19,
        "Total Revenue": 45,
        "Gross Profit": 14,
        "Operating Income": 2,
        "EBIT": 7,
        "Net Income": -5
    },
    "2020-11-30": {
        "Diluted EPS": -0.45,
        "Total Revenue": 131,
        "Gross Profit": 21,
        "Operating Income": -1,
        "EBIT": 3,
        "Net Income": -13
    },
    "2020-08-31": {
        "Diluted EPS": -0.38,
        "Total Revenue": 136,
        "Gross Profit": 16,
        "Operating Income": -12,
        "EBIT": -7,
        "Net Income": -11
    },
    "2020-05-31": {
        "Diluted EPS": -0.53,
        "Total Revenue": -274,
        "Gross Profit": -12,
        "Operating Income": 0,
        "EBIT": 18,
        "Net Income": -15
    },
    "2020-02-29": {
        "Diluted EPS": -0.39,
        "Total Revenue": 153,
        "Gross Profit": 20,
        "Operating Income": -15,
        "EBIT": -10,
        "Net Income": -12
    },
    "2019-11-30": {
        "Diluted EPS": -0.23,
        "Total Revenue": 143,
        "Gross Profit": 16,
        "Operating Income": -6,
        "EBIT": -2,
        "Net Income": -7
    },
    "2019-08-31": {
        "Diluted EPS": -0.16,
        "Total Revenue": 139,
        "Gross Profit": 15,
        "Operating Income": -4,
        "EBIT": 0,
        "Net Income": -5
    },
    "2019-05-31": {
        "Diluted EPS": -0.02,
        "Total Revenue": 153,
        "Gross Profit": 26,
        "Operating Income": 2,
        "EBIT": 7,
        "Net Income": 0
    },
    "2019-02-28": {
        "Diluted EPS": 0.04,
        "Total Revenue": 156,
        "Gross Profit": 22,
        "Operating Income": 3,
        "EBIT": 7,
        "Net Income": 1
    },
    "2018-11-30": {
        "Diluted EPS": -0.02,
        "Total Revenue": 125,
        "Gross Profit": 17,
        "Operating Income": 0,
        "EBIT": 3,
        "Net Income": -1
    },
    "2018-08-31": {
        "Diluted EPS": 0.01,
        "Total Revenue": 125,
        "Gross Profit": 16,
        "Operating Income": 0,
        "EBIT": 3,
        "Net Income": 0
    },
    "2018-05-31": {
        "Diluted EPS": 0.22,
        "Total Revenue": 141,
        "Gross Profit": 25,
        "Operating Income": 8,
        "EBIT": 11,
        "Net Income": 6
    },
    "2018-02-28": {
        "Diluted EPS": 0.57,
        "Total Revenue": 145,
        "Gross Profit": 20,
        "Operating Income": 3,
        "EBIT": 7,
        "Net Income": 16
    },
    "2017-11-30": {
        "Diluted EPS": 0.02,
        "Total Revenue": 122,
        "Gross Profit": 15,
        "Operating Income": -1,
        "EBIT": 2,
        "Net Income": 0
    },
    "2017-08-31": {
        "Diluted EPS": 0.08,
        "Total Revenue": 116,
        "Gross Profit": 19,
        "Operating Income": 3,
        "EBIT": 6,
        "Net Income": 2
    },
    "2017-05-31": {
        "Diluted EPS": 0.08,
        "Total Revenue": 65,
        "Gross Profit": 16,
        "Operating Income": 2,
        "EBIT": 4,
        "Net Income": 2
    },
    "2017-02-28": {
        "Diluted EPS": 0.13,
        "Total Revenue": 137,
        "Gross Profit": 23,
        "Operating Income": 4,
        "EBIT": 7,
        "Net Income": 4
    },
    "2016-11-30": {
        "Diluted EPS": 0.05,
        "Total Revenue": 136,
        "Gross Profit": 19,
        "Operating Income": 3,
        "EBIT": 6,
        "Net Income": 1
    },
    "2016-08-31": {
        "Diluted EPS": 0.12,
        "Total Revenue": 132,
        "Gross Profit": 21,
        "Operating Income": 5,
        "EBIT": 8,
        "Net Income": 3
    },
    "2016-05-31": {
        "Diluted EPS": 0.17,
        "Total Revenue": 71,
        "Gross Profit": 19,
        "Operating Income": 6,
        "EBIT": 9,
        "Net Income": 5
    },
    "2016-02-29": {
        "Diluted EPS": -0.78,
        "Total Revenue": 130,
        "Gross Profit": 13,
        "Operating Income": -34,
        "EBIT": -31,
        "Net Income": -21
    },
    "2015-11-30": {
        "Diluted EPS": 0.07,
        "Total Revenue": 140,
        "Gross Profit": 17,
        "Operating Income": 3,
        "EBIT": 5,
        "Net Income": 2
    },
    "2015-08-31": {
        "Diluted EPS": 0.11,
        "Total Revenue": 135,
        "Gross Profit": 18,
        "Operating Income": 4,
        "EBIT": 6,
        "Net Income": 3
    },
    "2015-05-31": {
        "Diluted EPS": 0.15,
        "Total Revenue": 134,
        "Gross Profit": 19,
        "Operating Income": 6,
        "EBIT": 8,
        "Net Income": 4
    },
    "2015-02-28": {
        "Diluted EPS": 0.14,
        "Total Revenue": 139,
        "Gross Profit": 17,
        "Operating Income": 5,
        "EBIT": 7,
        "Net Income": 4
    },
    "2014-11-30": {
        "Diluted EPS": 0.12,
        "Total Revenue": 133,
        "Gross Profit": 16,
        "Operating Income": 4,
        "EBIT": 6,
        "Net Income": 3
    },
    "2014-08-31": {
        "Diluted EPS": 0.09,
        "Total Revenue": 134,
        "Gross Profit": 14,
        "Operating Income": 4,
        "EBIT": 5,
        "Net Income": 2
    },
    "2014-05-31": {
        "Diluted EPS": 0.16,
        "Total Revenue": 121,
        "Gross Profit": 16,
        "Operating Income": 5,
        "EBIT": 7,
        "Net Income": 5
    },
    "2014-02-28": {
        "Diluted EPS": 0.24,
        "Total Revenue": 126,
        "Gross Profit": 20,
        "Operating Income": 10,
        "EBIT": 11,
        "Net Income": 6
    },
    "2013-11-30": {
        "Diluted EPS": 0.13,
        "Total Revenue": 120,
        "Gross Profit": 14,
        "Operating Income": 3,
        "EBIT": 5,
        "Net Income": 3
    },
    "2013-08-31": {
        "Diluted EPS": 0.18,
        "Total Revenue": 109,
        "Gross Profit": 13,
        "Operating Income": 2,
        "EBIT": 4,
        "Net Income": 5
    },
    "2013-05-31": {
        "Diluted EPS": 0.16,
        "Total Revenue": 107,
        "Gross Profit": 13,
        "Operating Income": 4,
        "EBIT": 6,
        "Net Income": 5
    },
    "2013-02-28": {
        "Diluted EPS": 0.18,
        "Total Revenue": 118,
        "Gross Profit": 18,
        "Operating Income": 7,
        "EBIT": 9,
        "Net Income": 5
    },
    "2012-11-30": {
        "Diluted EPS": 0.34,
        "Total Revenue": 115,
        "Gross Profit": 18,
        "Operating Income": 11,
        "EBIT": 13,
        "Net Income": 9
    },
    "2012-08-31": {
        "Diluted EPS": 0.17,
        "Total Revenue": 102,
        "Gross Profit": 14,
        "Operating Income": 3,
        "EBIT": 5,
        "Net Income": 4
    },
    "2012-05-31": {
        "Diluted EPS": 0.11,
        "Total Revenue": 83,
        "Gross Profit": 15,
        "Operating Income": 3,
        "EBIT": 5,
        "Net Income": 3
    },
    "2012-02-29": {
        "Diluted EPS": 0.18,
        "Total Revenue": 80,
        "Gross Profit": 13,
        "Operating Income": 4,
        "EBIT": 5,
        "Net Income": 5
    },
    "2011-11-30": {
        "Diluted EPS": 0.13,
        "Total Revenue": 82,
        "Gross Profit": 13,
        "Operating Income": 4,
        "EBIT": 6,
        "Net Income": 3
    },
    "2011-08-31": {
        "Diluted EPS": 0.07,
        "Total Revenue": 73,
        "Gross Profit": 11,
        "Operating Income": 3,
        "EBIT": 4,
        "Net Income": 2
    },
    "2011-05-31": {
        "Diluted EPS": -0.11,
        "Total Revenue": 68,
        "Gross Profit": 11,
        "Operating Income": -3,
        "EBIT": -2,
        "Net Income": -3
    },
    "2011-02-28": {
        "Diluted EPS": 0.09,
        "Total Revenue": 74,
        "Gross Profit": 12,
        "Operating Income": 4,
        "EBIT": 5,
        "Net Income": 2
    },
    "2010-11-30": {
        "Diluted EPS": 0.08,
        "Total Revenue": 70,
        "Gross Profit": 12,
        "Operating Income": 4,
        "EBIT": 5,
        "Net Income": 2
    },
    "2010-08-31": {
        "Diluted EPS": 0.09,
        "Total Revenue": 65,
        "Gross Profit": 12,
        "Operating Income": 4,
        "EBIT": 5,
        "Net Income": 2
    },
    "2010-05-31": {
        "Diluted EPS": -0.06,
        "Total Revenue": 58,
        "Gross Profit": 9,
        "Operating Income": 0,
        "EBIT": 1,
        "Net Income": -1
    },
    "2010-02-28": {
        "Diluted EPS": 0.07,
        "Total Revenue": 58,
        "Gross Profit": 8,
        "Operating Income": 3,
        "EBIT": 4,
        "Net Income": 2
    },
    "2009-11-30": {
        "Diluted EPS": 0.06,
        "Total Revenue": 61,
        "Gross Profit": 7,
        "Operating Income": 2,
        "EBIT": 3,
        "Net Income": 2
    },
    "2009-08-31": {
        "Diluted EPS": 0.08,
        "Total Revenue": 61,
        "Gross Profit": 9,
        "Operating Income": 3,
        "EBIT": 4,
        "Net Income": 2
    },
    "2009-05-31": {
        "Diluted EPS": 0.06,
        "Total Revenue": 52,
        "Gross Profit": 9,
        "Operating Income": 3,
        "EBIT": 4,
        "Net Income": 2
    },
    "2009-02-28": {
        "Diluted EPS": 0.06,
        "Total Revenue": 54,
        "Gross Profit": 8,
        "Operating Income": 3,
        "EBIT": 3,
        "Net Income": 2
    },
    "2023-05-31": {
        "Tax Effect Of Unusual Items": NaN,
        "Tax Rate For Calcs": NaN,
        "Normalized EBITDA": NaN,
        "Total Unusual Items": NaN,
        "Total Unusual Items Excluding Goodwill": NaN,
        "Net Income From Continuing Operation Net Minority Interest": NaN,
        "Reconciled Depreciation": NaN,
        "Reconciled Cost Of Revenue": NaN,
        "EBITDA": NaN,
        "EBIT": NaN,
        "Net Interest Income": NaN,
        "Interest Expense": NaN,
        "Interest Income": 15000.0,
        "Normalized Income": NaN,
        "Net Income From Continuing And Discontinued Operation": NaN,
        "Total Expenses": NaN,
        "Total Operating Income As Reported": NaN,
        "Diluted Average Shares": 30361345.0,
        "Basic Average Shares": 30361345.0,
        "Diluted EPS": -1.19,
        "Basic EPS": -1.19,
        "Diluted NI Availto Com Stockholders": NaN,
        "Net Income Common Stockholders": NaN,
        "Net Income": NaN,
        "Net Income Including Noncontrolling Interests": NaN,
        "Net Income Discontinuous Operations": NaN,
        "Net Income Continuous Operations": NaN,
        "Tax Provision": NaN,
        "Pretax Income": NaN,
        "Other Income Expense": NaN,
        "Other Non Operating Income Expenses": NaN,
        "Special Income Charges": NaN,
        "Gain On Sale Of Business": 0.0,
        "Impairment Of Capital Assets": NaN,
        "Restructuring And Mergern Acquisition": NaN,
        "Gain On Sale Of Security": NaN,
        "Net Non Operating Interest Income Expense": NaN,
        "Interest Expense Non Operating": NaN,
        "Interest Income Non Operating": 15000.0,
        "Operating Income": NaN,
        "Operating Expense": NaN,
        "Research And Development": NaN,
        "Selling General And Administration": NaN,
        "Gross Profit": NaN,
        "Cost Of Revenue": NaN,
        "Total Revenue": NaN,
        "Operating Revenue": NaN
    },
    "2024-02-29": {
        "Tax Effect Of Unusual Items": 289274.7,
        "Tax Rate For Calcs": 0.0143,
        "Normalized EBITDA": 1295000.0,
        "Total Unusual Items": 20229000.0,
        "Total Unusual Items Excluding Goodwill": 20229000.0,
        "Net Income From Continuing Operation Net Minority Interest": 14785000.0,
        "Reconciled Depreciation": 2233000.0,
        "Reconciled Cost Of Revenue": 23810000.0,
        "EBITDA": 21524000.0,
        "EBIT": 19291000.0,
        "Net Interest Income": -4289000.0,
        "Interest Expense": 4289000.0,
        "Interest Income": NaN,
        "Normalized Income": -5154725.3,
        "Net Income From Continuing And Discontinued Operation": 15632000.0,
        "Total Expenses": 35828000.0,
        "Total Operating Income As Reported": -895000.0,
        "Diluted Average Shares": 36609000.0,
        "Basic Average Shares": 30488000.0,
        "Diluted EPS": 0.42,
        "Basic EPS": 0.51,
        "Diluted NI Availto Com Stockholders": 15632000.0,
        "Net Income Common Stockholders": 15632000.0,
        "Net Income": 15632000.0,
        "Net Income Including Noncontrolling Interests": 15632000.0,
        "Net Income Discontinuous Operations": 847000.0,
        "Net Income Continuous Operations": 14785000.0,
        "Tax Provision": 217000.0,
        "Pretax Income": 15002000.0,
        "Other Income Expense": 19415000.0,
        "Other Non Operating Income Expenses": -814000.0,
        "Special Income Charges": -771000.0,
        "Gain On Sale Of Business": 0.0,
        "Impairment Of Capital Assets": NaN,
        "Restructuring And Mergern Acquisition": 771000.0,
        "Gain On Sale Of Security": 21000000.0,
        "Net Non Operating Interest Income Expense": -4289000.0,
        "Interest Expense Non Operating": 4289000.0,
        "Interest Income Non Operating": NaN,
        "Operating Income": -124000.0,
        "Operating Expense": 12018000.0,
        "Research And Development": 2170000.0,
        "Selling General And Administration": 9848000.0,
        "Gross Profit": 11894000.0,
        "Cost Of Revenue": 23810000.0,
        "Total Revenue": 35704000.0,
        "Operating Revenue": 35704000.0
    },
    "2023-11-30": {
        "Tax Effect Of Unusual Items": 4314030.0,
        "Tax Rate For Calcs": 0.21,
        "Normalized EBITDA": -87000.0,
        "Total Unusual Items": 20543000.0,
        "Total Unusual Items Excluding Goodwill": 20543000.0,
        "Net Income From Continuing Operation Net Minority Interest": 14242000.0,
        "Reconciled Depreciation": 2206000.0,
        "Reconciled Cost Of Revenue": 20193000.0,
        "EBITDA": 20456000.0,
        "EBIT": 18250000.0,
        "Net Interest Income": -4073000.0,
        "Interest Expense": 4073000.0,
        "Interest Income": NaN,
        "Normalized Income": -1986970.0,
        "Net Income From Continuing And Discontinued Operation": 14218000.0,
        "Total Expenses": 31476000.0,
        "Total Operating Income As Reported": -1483000.0,
        "Diluted Average Shares": 36419000.0,
        "Basic Average Shares": 30458000.0,
        "Diluted EPS": 0.39,
        "Basic EPS": 0.47,
        "Diluted NI Availto Com Stockholders": 14218000.0,
        "Net Income Common Stockholders": 14218000.0,
        "Net Income": 14218000.0,
        "Net Income Including Noncontrolling Interests": 14218000.0,
        "Net Income Discontinuous Operations": -24000.0,
        "Net Income Continuous Operations": 14242000.0,
        "Tax Provision": -65000.0,
        "Pretax Income": 14177000.0,
        "Other Income Expense": 19576000.0,
        "Other Non Operating Income Expenses": -967000.0,
        "Special Income Charges": -157000.0,
        "Gain On Sale Of Business": 0.0,
        "Impairment Of Capital Assets": NaN,
        "Restructuring And Mergern Acquisition": 157000.0,
        "Gain On Sale Of Security": 20700000.0,
        "Net Non Operating Interest Income Expense": -4073000.0,
        "Interest Expense Non Operating": 4073000.0,
        "Interest Income Non Operating": NaN,
        "Operating Income": -1326000.0,
        "Operating Expense": 11283000.0,
        "Research And Development": 2098000.0,
        "Selling General And Administration": 9185000.0,
        "Gross Profit": 9957000.0,
        "Cost Of Revenue": 20193000.0,
        "Total Revenue": 30150000.0,
        "Operating Revenue": 30150000.0
    },
    "2023-08-31": {
        "Tax Effect Of Unusual Items": 44100.0,
        "Tax Rate For Calcs": 0.21,
        "Normalized EBITDA": -6626000.0,
        "Total Unusual Items": 210000.0,
        "Total Unusual Items Excluding Goodwill": 210000.0,
        "Net Income From Continuing Operation Net Minority Interest": -12610000.0,
        "Reconciled Depreciation": 2168000.0,
        "Reconciled Cost Of Revenue": 21794000.0,
        "EBITDA": -6416000.0,
        "EBIT": -8584000.0,
        "Net Interest Income": -3938000.0,
        "Interest Expense": 3938000.0,
        "Interest Income": NaN,
        "Normalized Income": -12775900.0,
        "Net Income From Continuing And Discontinued Operation": -10754000.0,
        "Total Expenses": 33146000.0,
        "Total Operating Income As Reported": -8614000.0,
        "Diluted Average Shares": 30403392.0,
        "Basic Average Shares": 30403392.0,
        "Diluted EPS": -0.35,
        "Basic EPS": -0.35,
        "Diluted NI Availto Com Stockholders": -10754000.0,
        "Net Income Common Stockholders": -10754000.0,
        "Net Income": -10754000.0,
        "Net Income Including Noncontrolling Interests": -10754000.0,
        "Net Income Discontinuous Operations": 1856000.0,
        "Net Income Continuous Operations": -12610000.0,
        "Tax Provision": 88000.0,
        "Pretax Income": -12522000.0,
        "Other Income Expense": 40000.0,
        "Other Non Operating Income Expenses": -170000.0,
        "Special Income Charges": 10000.0,
        "Gain On Sale Of Business": 0.0,
        "Impairment Of Capital Assets": NaN,
        "Restructuring And Mergern Acquisition": -10000.0,
        "Gain On Sale Of Security": 200000.0,
        "Net Non Operating Interest Income Expense": -3938000.0,
        "Interest Expense Non Operating": 3938000.0,
        "Interest Income Non Operating": NaN,
        "Operating Income": -8624000.0,
        "Operating Expense": 11352000.0,
        "Research And Development": 2146000.0,
        "Selling General And Administration": 9206000.0,
        "Gross Profit": 2728000.0,
        "Cost Of Revenue": 21794000.0,
        "Total Revenue": 24522000.0,
        "Operating Revenue": 24522000.0
    },
    "2024-05-31": {
        "Tax Effect Of Unusual Items": -25040.739185,
        "Tax Rate For Calcs": 0.00798,
        "Normalized EBITDA": 4037000.0,
        "Total Unusual Items": -3138000.0,
        "Total Unusual Items Excluding Goodwill": -3138000.0,
        "Net Income From Continuing Operation Net Minority Interest": -7086000.0,
        "Reconciled Depreciation": 2252000.0,
        "Reconciled Cost Of Revenue": 20614000.0,
        "EBITDA": 899000.0,
        "EBIT": -1353000.0,
        "Net Interest Income": -5790000.0,
        "Interest Expense": 5790000.0,
        "Interest Income": NaN,
        "Normalized Income": -3973040.739185,
        "Net Income From Continuing And Discontinued Operation": -7083000.0,
        "Total Expenses": 34999000.0,
        "Total Operating Income As Reported": 2149000.0,
        "Diluted Average Shares": NaN,
        "Basic Average Shares": NaN,
        "Diluted EPS": NaN,
        "Basic EPS": NaN,
        "Diluted NI Availto Com Stockholders": -7083000.0,
        "Net Income Common Stockholders": -7083000.0,
        "Net Income": -7083000.0,
        "Net Income Including Noncontrolling Interests": -7083000.0,
        "Net Income Discontinuous Operations": 3000.0,
        "Net Income Continuous Operations": -7086000.0,
        "Tax Provision": -57000.0,
        "Pretax Income": -7143000.0,
        "Other Income Expense": -4240000.0,
        "Other Non Operating Income Expenses": -1102000.0,
        "Special Income Charges": -738000.0,
        "Gain On Sale Of Business": 0.0,
        "Impairment Of Capital Assets": NaN,
        "Restructuring And Mergern Acquisition": 738000.0,
        "Gain On Sale Of Security": -2400000.0,
        "Net Non Operating Interest Income Expense": -5790000.0,
        "Interest Expense Non Operating": 5790000.0,
        "Interest Income Non Operating": NaN,
        "Operating Income": 2887000.0,
        "Operating Expense": 14385000.0,
        "Research And Development": 2161000.0,
        "Selling General And Administration": 12224000.0,
        "Gross Profit": 17272000.0,
        "Cost Of Revenue": 20614000.0,
        "Total Revenue": 37886000.0,
        "Operating Revenue": 37886000.0
    },
    "2024-08-31": {
        "Tax Effect Of Unusual Items": 834.0,
        "Tax Rate For Calcs": 0.002,
        "Normalized EBITDA": -9311000.0,
        "Total Unusual Items": 417000.0,
        "Total Unusual Items Excluding Goodwill": 417000.0,
        "Net Income From Continuing Operation Net Minority Interest": -16230000.0,
        "Reconciled Depreciation": 1993000.0,
        "Reconciled Cost Of Revenue": 19318000.0,
        "EBITDA": -8894000.0,
        "EBIT": -10887000.0,
        "Net Interest Income": -5368000.0,
        "Interest Expense": 5368000.0,
        "Interest Income": NaN,
        "Normalized Income": -16646166.0,
        "Net Income From Continuing And Discontinued Operation": -16230000.0,
        "Total Expenses": 35806000.0,
        "Total Operating Income As Reported": -11584000.0,
        "Diluted Average Shares": 30855742.0,
        "Basic Average Shares": 30855742.0,
        "Diluted EPS": -0.53,
        "Basic EPS": -0.53,
        "Diluted NI Availto Com Stockholders": -16230000.0,
        "Net Income Common Stockholders": -16230000.0,
        "Net Income": -16230000.0,
        "Net Income Including Noncontrolling Interests": -16230000.0,
        "Net Income Discontinuous Operations": 0.0,
        "Net Income Continuous Operations": -16230000.0,
        "Tax Provision": -25000.0,
        "Pretax Income": -16255000.0,
        "Other Income Expense": 214000.0,
        "Other Non Operating Income Expenses": -203000.0,
        "Special Income Charges": -483000.0,
        "Gain On Sale Of Business": NaN,
        "Impairment Of Capital Assets": NaN,
        "Restructuring And Mergern Acquisition": 483000.0,
        "Gain On Sale Of Security": 900000.0,
        "Net Non Operating Interest Income Expense": -5368000.0,
        "Interest Expense Non Operating": 5368000.0,
        "Interest Income Non Operating": NaN,
        "Operating Income": -11101000.0,
        "Operating Expense": 16488000.0,
        "Research And Development": 2186000.0,
        "Selling General And Administration": 14302000.0,
        "Gross Profit": 5387000.0,
        "Cost Of Revenue": 19318000.0,
        "Total Revenue": 24705000.0,
        "Operating Revenue": 24705000.0
    }
}