{
    "2023-03-31": {
        "Tax Effect Of Unusual Items": 0.0,
        "Tax Rate For Calcs": 0.0,
        "Normalized EBITDA": -4756000.0,
        "Total Unusual Items": 267000.0,
        "Total Unusual Items Excluding Goodwill": 267000.0,
        "Net Income From Continuing Operation Net Minority Interest": -5397000.0,
        "Reconciled Depreciation": 195000.0,
        "Reconciled Cost Of Revenue": 1346000.0,
        "EBITDA": -4489000.0,
        "EBIT": -4684000.0,
        "Net Interest Income": -713000.0,
        "Interest Expense": 713000.0,
        "Normalized Income": -5664000.0,
        "Net Income From Continuing And Discontinued Operation": -5397000.0,
        "Total Expenses": 16197000.0,
        "Total Operating Income As Reported": -4948000.0,
        "Diluted Average Shares": 1935229.0,
        "Basic Average Shares": 1935229.0,
        "Diluted EPS": -2.79,
        "Basic EPS": -2.79,
        "Diluted NI Availto Com Stockholders": -5397000.0,
        "Net Income Common Stockholders": -5397000.0,
        "Net Income": -5397000.0,
        "Net Income Including Noncontrolling Interests": -5397000.0,
        "Net Income Continuous Operations": -5397000.0,
        "Pretax Income": -5397000.0,
        "Other Income Expense": 264000.0,
        "Other Non Operating Income Expenses": -3000.0,
        "Gain On Sale Of Security": 267000.0,
        "Net Non Operating Interest Income Expense": -713000.0,
        "Interest Expense Non Operating": 713000.0,
        "Operating Income": -4948000.0,
        "Operating Expense": 14851000.0,
        "Research And Development": 3280000.0,
        "Selling General And Administration": 11571000.0,
        "Selling And Marketing Expense": 4911000.0,
        "General And Administrative Expense": 6660000.0,
        "Other Gand A": 6660000.0,
        "Gross Profit": 9903000.0,
        "Cost Of Revenue": 1346000.0,
        "Total Revenue": 11249000.0,
        "Operating Revenue": 11249000.0
    },
    "2022-12-31": {
        "Tax Effect Of Unusual Items": 0.0,
        "Tax Rate For Calcs": 0.0,
        "Normalized EBITDA": -5461000.0,
        "Total Unusual Items": 559000.0,
        "Total Unusual Items Excluding Goodwill": 559000.0,
        "Net Income From Continuing Operation Net Minority Interest": -5767000.0,
        "Reconciled Depreciation": 173000.0,
        "Reconciled Cost Of Revenue": 1449000.0,
        "EBITDA": -4902000.0,
        "EBIT": -5075000.0,
        "Net Interest Income": -692000.0,
        "Interest Expense": 692000.0,
        "Normalized Income": -6326000.0,
        "Net Income From Continuing And Discontinued Operation": -5767000.0,
        "Total Expenses": 17771000.0,
        "Total Operating Income As Reported": -5659000.0,
        "Diluted Average Shares": 1727300.0,
        "Basic Average Shares": 1727300.0,
        "Diluted EPS": -3.4,
        "Basic EPS": -3.4,
        "Diluted NI Availto Com Stockholders": -5767000.0,
        "Net Income Common Stockholders": -5767000.0,
        "Net Income": -5767000.0,
        "Net Income Including Noncontrolling Interests": -5767000.0,
        "Net Income Continuous Operations": -5767000.0,
        "Pretax Income": -5767000.0,
        "Other Income Expense": 584000.0,
        "Other Non Operating Income Expenses": 25000.0,
        "Gain On Sale Of Security": 559000.0,
        "Net Non Operating Interest Income Expense": -692000.0,
        "Interest Expense Non Operating": 692000.0,
        "Operating Income": -5659000.0,
        "Operating Expense": 16322000.0,
        "Research And Development": 4061000.0,
        "Selling General And Administration": 12261000.0,
        "Selling And Marketing Expense": 5551000.0,
        "General And Administrative Expense": 6710000.0,
        "Other Gand A": 6710000.0,
        "Gross Profit": 10663000.0,
        "Cost Of Revenue": 1449000.0,
        "Total Revenue": 12112000.0,
        "Operating Revenue": 12112000.0
    },
    "2022-09-30": {
        "Tax Effect Of Unusual Items": 4675440.0,
        "Tax Rate For Calcs": 0.21,
        "Normalized EBITDA": -6105000.0,
        "Total Unusual Items": 22264000.0,
        "Total Unusual Items Excluding Goodwill": 22264000.0,
        "Net Income From Continuing Operation Net Minority Interest": 15454000.0,
        "Reconciled Depreciation": 127000.0,
        "Reconciled Cost Of Revenue": 1515000.0,
        "EBITDA": 16159000.0,
        "EBIT": 16159000.0,
        "Net Interest Income": -705000.0,
        "Interest Expense": 705000.0,
        "Normalized Income": -2134560.0,
        "Net Income From Continuing And Discontinued Operation": 15454000.0,
        "Total Expenses": 17813000.0,
        "Total Operating Income As Reported": -6032000.0,
        "Diluted Average Shares": 2160750.0,
        "Basic Average Shares": 1779000.0,
        "Diluted EPS": 5.6,
        "Basic EPS": 8.6,
        "Diluted NI Availto Com Stockholders": 15454000.0,
        "Net Income Common Stockholders": 15454000.0,
        "Net Income": 15454000.0,
        "Net Income Including Noncontrolling Interests": 15454000.0,
        "Net Income Continuous Operations": 15454000.0,
        "Pretax Income": 15454000.0,
        "Other Income Expense": 22191000.0,
        "Other Non Operating Income Expenses": -73000.0,
        "Gain On Sale Of Security": 22264000.0,
        "Net Non Operating Interest Income Expense": -705000.0,
        "Interest Expense Non Operating": 705000.0,
        "Operating Income": -6032000.0,
        "Operating Expense": 16298000.0,
        "Research And Development": 3406000.0,
        "Selling General And Administration": 12892000.0,
        "Selling And Marketing Expense": 6403000.0,
        "General And Administrative Expense": 6489000.0,
        "Other Gand A": 6489000.0,
        "Gross Profit": 10266000.0,
        "Cost Of Revenue": 1515000.0,
        "Total Revenue": 11781000.0,
        "Operating Revenue": 11781000.0
    },
    "2022-06-30": {
        "Tax Effect Of Unusual Items": 0.0,
        "Tax Rate For Calcs": 0.0,
        "Normalized EBITDA": -8824000.0,
        "Total Unusual Items": 24397000.0,
        "Total Unusual Items Excluding Goodwill": 24397000.0,
        "Net Income From Continuing Operation Net Minority Interest": 14759000.0,
        "Reconciled Depreciation": 97000.0,
        "Reconciled Cost Of Revenue": 1441000.0,
        "EBITDA": 15573000.0,
        "EBIT": 15476000.0,
        "Net Interest Income": -717000.0,
        "Interest Expense": 717000.0,
        "Normalized Income": -9638000.0,
        "Net Income From Continuing And Discontinued Operation": 14759000.0,
        "Total Expenses": 20919000.0,
        "Total Operating Income As Reported": -8869000.0,
        "Diluted Average Shares": 42041000.0,
        "Basic Average Shares": 37415000.0,
        "Diluted EPS": 0.37,
        "Basic EPS": 0.39,
        "Diluted NI Availto Com Stockholders": 14759000.0,
        "Net Income Common Stockholders": 14759000.0,
        "Net Income": 14759000.0,
        "Net Income Including Noncontrolling Interests": 14759000.0,
        "Net Income Continuous Operations": 14759000.0,
        "Pretax Income": 14759000.0,
        "Other Income Expense": 24345000.0,
        "Other Non Operating Income Expenses": -52000.0,
        "Gain On Sale Of Security": 24397000.0,
        "Net Non Operating Interest Income Expense": -717000.0,
        "Interest Expense Non Operating": 717000.0,
        "Operating Income": -8869000.0,
        "Operating Expense": 19478000.0,
        "Research And Development": 4056000.0,
        "Selling General And Administration": 15422000.0,
        "Selling And Marketing Expense": 8112000.0,
        "General And Administrative Expense": 7310000.0,
        "Other Gand A": 7310000.0,
        "Gross Profit": 10609000.0,
        "Cost Of Revenue": 1441000.0,
        "Total Revenue": 12050000.0,
        "Operating Revenue": 12050000.0
    },
    "2022-03-31": {
        "Diluted EPS": -0.52,
        "Total Revenue": 11,
        "Gross Profit": 10,
        "Operating Income": -7,
        "EBIT": -7,
        "Net Income": -19
    },
    "2021-12-31": {
        "Diluted EPS": -0.21,
        "Total Revenue": 12,
        "Gross Profit": 11,
        "Operating Income": -4,
        "EBIT": -4,
        "Net Income": -5
    },
    "2021-09-30": {
        "Diluted EPS": -0.18,
        "Total Revenue": 11,
        "Gross Profit": 10,
        "Operating Income": -4,
        "EBIT": -4,
        "Net Income": -4
    },
    "2021-06-30": {
        "Diluted EPS": -0.05,
        "Total Revenue": 11,
        "Gross Profit": 9,
        "Operating Income": -1,
        "EBIT": -1,
        "Net Income": -1
    },
    "2021-03-31": {
        "Diluted EPS": -0.04,
        "Total Revenue": 9,
        "Gross Profit": 8,
        "Operating Income": -1,
        "EBIT": -1,
        "Net Income": -1
    },
    "2020-12-31": {
        "Diluted EPS": -0.02,
        "Total Revenue": NaN,
        "Gross Profit": NaN,
        "Operating Income": 0,
        "EBIT": 0,
        "Net Income": -1
    },
    "2020-09-30": {
        "Diluted EPS": -0.02,
        "Total Revenue": NaN,
        "Gross Profit": NaN,
        "Operating Income": 0,
        "EBIT": 0,
        "Net Income": 0
    },
    "2020-06-30": {
        "Diluted EPS": -0.03,
        "Total Revenue": NaN,
        "Gross Profit": NaN,
        "Operating Income": 0,
        "EBIT": 0,
        "Net Income": 0
    },
    "2020-03-31": {
        "Diluted EPS": -0.04,
        "Total Revenue": NaN,
        "Gross Profit": NaN,
        "Operating Income": 0,
        "EBIT": 0,
        "Net Income": 0
    },
    "2019-12-31": {
        "Diluted EPS": 0.0,
        "Total Revenue": NaN,
        "Gross Profit": NaN,
        "Operating Income": NaN,
        "EBIT": NaN,
        "Net Income": NaN
    },
    "2019-09-30": {
        "Diluted EPS": 0.0,
        "Total Revenue": NaN,
        "Gross Profit": NaN,
        "Operating Income": 0,
        "EBIT": 0,
        "Net Income": 0
    },
    "2023-06-30": {
        "Tax Effect Of Unusual Items": 0.0,
        "Tax Rate For Calcs": 0.0,
        "Normalized EBITDA": -500000.0,
        "Total Unusual Items": 14000.0,
        "Total Unusual Items Excluding Goodwill": 14000.0,
        "Net Income From Continuing Operation Net Minority Interest": -1436000.0,
        "Reconciled Depreciation": 226000.0,
        "Reconciled Cost Of Revenue": 1238000.0,
        "EBITDA": -486000.0,
        "EBIT": -712000.0,
        "Net Interest Income": -724000.0,
        "Interest Expense": 724000.0,
        "Normalized Income": -1450000.0,
        "Net Income From Continuing And Discontinued Operation": -1436000.0,
        "Total Expenses": 11426000.0,
        "Total Operating Income As Reported": -751000.0,
        "Diluted Average Shares": 1975450.0,
        "Basic Average Shares": 1975450.0,
        "Diluted EPS": -0.8,
        "Basic EPS": -0.8,
        "Diluted NI Availto Com Stockholders": -1436000.0,
        "Net Income Common Stockholders": -1436000.0,
        "Net Income": -1436000.0,
        "Net Income Including Noncontrolling Interests": -1436000.0,
        "Net Income Continuous Operations": -1436000.0,
        "Pretax Income": -1436000.0,
        "Other Income Expense": 39000.0,
        "Other Non Operating Income Expenses": 25000.0,
        "Gain On Sale Of Security": 14000.0,
        "Net Non Operating Interest Income Expense": -724000.0,
        "Interest Expense Non Operating": 724000.0,
        "Operating Income": -751000.0,
        "Operating Expense": 10188000.0,
        "Research And Development": 2320000.0,
        "Selling General And Administration": 7868000.0,
        "Selling And Marketing Expense": 2852000.0,
        "General And Administrative Expense": 5016000.0,
        "Other Gand A": 5016000.0,
        "Gross Profit": 9437000.0,
        "Cost Of Revenue": 1238000.0,
        "Total Revenue": 10675000.0,
        "Operating Revenue": 10554000.0
    },
    "2023-09-30": {
        "Tax Effect Of Unusual Items": 0.0,
        "Tax Rate For Calcs": 0.0,
        "Normalized EBITDA": -1228000.0,
        "Total Unusual Items": 14000.0,
        "Total Unusual Items Excluding Goodwill": 14000.0,
        "Net Income From Continuing Operation Net Minority Interest": -2210000.0,
        "Reconciled Depreciation": 276000.0,
        "Reconciled Cost Of Revenue": 1163000.0,
        "EBITDA": -1214000.0,
        "EBIT": -1490000.0,
        "Net Interest Income": -720000.0,
        "Interest Expense": 720000.0,
        "Normalized Income": -2224000.0,
        "Net Income From Continuing And Discontinued Operation": -2210000.0,
        "Total Expenses": 12058000.0,
        "Total Operating Income As Reported": -1475000.0,
        "Diluted Average Shares": 2011000.0,
        "Basic Average Shares": 2011000.0,
        "Diluted EPS": -1.1,
        "Basic EPS": -1.1,
        "Diluted NI Availto Com Stockholders": -2210000.0,
        "Net Income Common Stockholders": -2210000.0,
        "Net Income": -2210000.0,
        "Net Income Including Noncontrolling Interests": -2210000.0,
        "Net Income Continuous Operations": -2210000.0,
        "Pretax Income": -2210000.0,
        "Other Income Expense": -15000.0,
        "Other Non Operating Income Expenses": -29000.0,
        "Gain On Sale Of Security": 14000.0,
        "Net Non Operating Interest Income Expense": -720000.0,
        "Interest Expense Non Operating": 720000.0,
        "Operating Income": -1475000.0,
        "Operating Expense": 10895000.0,
        "Research And Development": 2533000.0,
        "Selling General And Administration": 8362000.0,
        "Selling And Marketing Expense": 2563000.0,
        "General And Administrative Expense": 5799000.0,
        "Other Gand A": 5799000.0,
        "Gross Profit": 9420000.0,
        "Cost Of Revenue": 1163000.0,
        "Total Revenue": 10583000.0,
        "Operating Revenue": 10583000.0
    },
    "2023-12-31": {
        "Tax Effect Of Unusual Items": 0.0,
        "Tax Rate For Calcs": 0.0,
        "Normalized EBITDA": 441000.0,
        "Total Unusual Items": 14000.0,
        "Total Unusual Items Excluding Goodwill": 14000.0,
        "Net Income From Continuing Operation Net Minority Interest": -455000.0,
        "Reconciled Depreciation": 289000.0,
        "Reconciled Cost Of Revenue": 1054000.0,
        "EBITDA": 455000.0,
        "EBIT": 166000.0,
        "Net Interest Income": -621000.0,
        "Interest Expense": 621000.0,
        "Normalized Income": -469000.0,
        "Net Income From Continuing And Discontinued Operation": -455000.0,
        "Total Expenses": 9622000.0,
        "Total Operating Income As Reported": 123000.0,
        "Diluted Average Shares": 2098999.0,
        "Basic Average Shares": 2098999.0,
        "Diluted EPS": -0.22,
        "Basic EPS": -0.22,
        "Diluted NI Availto Com Stockholders": -455000.0,
        "Net Income Common Stockholders": -455000.0,
        "Net Income": -455000.0,
        "Net Income Including Noncontrolling Interests": -455000.0,
        "Net Income Continuous Operations": -455000.0,
        "Pretax Income": -455000.0,
        "Other Income Expense": 43000.0,
        "Other Non Operating Income Expenses": 29000.0,
        "Gain On Sale Of Security": 14000.0,
        "Net Non Operating Interest Income Expense": -621000.0,
        "Interest Expense Non Operating": 621000.0,
        "Operating Income": 123000.0,
        "Operating Expense": 8568000.0,
        "Research And Development": 1715000.0,
        "Selling General And Administration": 6853000.0,
        "Selling And Marketing Expense": 2178000.0,
        "General And Administrative Expense": 4675000.0,
        "Other Gand A": 4675000.0,
        "Gross Profit": 8691000.0,
        "Cost Of Revenue": 1054000.0,
        "Total Revenue": 9745000.0,
        "Operating Revenue": 9745000.0
    },
    "2024-03-31": {
        "Tax Effect Of Unusual Items": 0.0,
        "Tax Rate For Calcs": 0.0,
        "Normalized EBITDA": -1451000.0,
        "Total Unusual Items": NaN,
        "Total Unusual Items Excluding Goodwill": NaN,
        "Net Income From Continuing Operation Net Minority Interest": -2387000.0,
        "Reconciled Depreciation": 329000.0,
        "Reconciled Cost Of Revenue": 976000.0,
        "EBITDA": -1451000.0,
        "EBIT": -1780000.0,
        "Net Interest Income": -607000.0,
        "Interest Expense": 607000.0,
        "Normalized Income": -2387000.0,
        "Net Income From Continuing And Discontinued Operation": -2387000.0,
        "Total Expenses": 10796000.0,
        "Total Operating Income As Reported": -1748000.0,
        "Diluted Average Shares": 2196161.0,
        "Basic Average Shares": 2196161.0,
        "Diluted EPS": -1.09,
        "Basic EPS": -1.09,
        "Diluted NI Availto Com Stockholders": -2387000.0,
        "Net Income Common Stockholders": -2387000.0,
        "Net Income": -2387000.0,
        "Net Income Including Noncontrolling Interests": -2387000.0,
        "Net Income Continuous Operations": -2387000.0,
        "Pretax Income": -2387000.0,
        "Other Income Expense": -32000.0,
        "Other Non Operating Income Expenses": -32000.0,
        "Gain On Sale Of Security": NaN,
        "Net Non Operating Interest Income Expense": -607000.0,
        "Interest Expense Non Operating": 607000.0,
        "Operating Income": -1748000.0,
        "Operating Expense": 9820000.0,
        "Research And Development": 2413000.0,
        "Selling General And Administration": 7407000.0,
        "Selling And Marketing Expense": 2620000.0,
        "General And Administrative Expense": 4787000.0,
        "Other Gand A": 4787000.0,
        "Gross Profit": 8072000.0,
        "Cost Of Revenue": 976000.0,
        "Total Revenue": 9048000.0,
        "Operating Revenue": 9048000.0
    }
}