{
    "2023-03-31": {
        "Tax Effect Of Unusual Items": 0.0,
        "Tax Rate For Calcs": 0.386186,
        "Normalized EBITDA": 3725000.0,
        "Net Income From Continuing Operation Net Minority Interest": 1022000.0,
        "Reconciled Depreciation": 2126000.0,
        "Reconciled Cost Of Revenue": 10618000.0,
        "EBITDA": 3725000.0,
        "EBIT": 1599000.0,
        "Net Interest Income": 59000.0,
        "Interest Income": 59000.0,
        "Normalized Income": 1022000.0,
        "Net Income From Continuing And Discontinued Operation": 1022000.0,
        "Total Expenses": 52142000.0,
        "Total Operating Income As Reported": 1599000.0,
        "Diluted Average Shares": 12770000.0,
        "Basic Average Shares": 12615000.0,
        "Diluted EPS": 0.08,
        "Basic EPS": 0.08,
        "Diluted NI Availto Com Stockholders": 1022000.0,
        "Net Income Common Stockholders": 1022000.0,
        "Net Income": 1022000.0,
        "Net Income Including Noncontrolling Interests": 1022000.0,
        "Net Income Continuous Operations": 1022000.0,
        "Tax Provision": 643000.0,
        "Pretax Income": 1665000.0,
        "Other Income Expense": 7000.0,
        "Other Non Operating Income Expenses": 7000.0,
        "Net Non Operating Interest Income Expense": 59000.0,
        "Total Other Finance Cost": -59000.0,
        "Interest Income Non Operating": 59000.0,
        "Operating Income": 1599000.0,
        "Operating Expense": 41524000.0,
        "Selling General And Administration": 41524000.0,
        "Selling And Marketing Expense": 23816000.0,
        "General And Administrative Expense": 17708000.0,
        "Other Gand A": 17708000.0,
        "Gross Profit": 43123000.0,
        "Cost Of Revenue": 10618000.0,
        "Total Revenue": 53741000.0,
        "Operating Revenue": 53741000.0
    },
    "2022-12-31": {
        "Tax Effect Of Unusual Items": 0.0,
        "Tax Rate For Calcs": 0.015814,
        "Normalized EBITDA": -264000.0,
        "Net Income From Continuing Operation Net Minority Interest": -1058000.0,
        "Reconciled Depreciation": 968000.0,
        "Reconciled Cost Of Revenue": 11758000.0,
        "EBITDA": -264000.0,
        "EBIT": -1232000.0,
        "Net Interest Income": 32000.0,
        "Interest Income": 32000.0,
        "Normalized Income": -1058000.0,
        "Net Income From Continuing And Discontinued Operation": -1058000.0,
        "Total Expenses": 54894000.0,
        "Total Operating Income As Reported": -1232000.0,
        "Diluted Average Shares": 12543000.0,
        "Basic Average Shares": 12543000.0,
        "Diluted EPS": -0.08,
        "Basic EPS": -0.08,
        "Diluted NI Availto Com Stockholders": -1058000.0,
        "Net Income Common Stockholders": -1058000.0,
        "Net Income": -1058000.0,
        "Net Income Including Noncontrolling Interests": -1058000.0,
        "Net Income Continuous Operations": -1058000.0,
        "Tax Provision": -17000.0,
        "Pretax Income": -1075000.0,
        "Other Income Expense": 125000.0,
        "Other Non Operating Income Expenses": 125000.0,
        "Net Non Operating Interest Income Expense": 32000.0,
        "Total Other Finance Cost": -32000.0,
        "Interest Income Non Operating": 32000.0,
        "Operating Income": -1232000.0,
        "Operating Expense": 43136000.0,
        "Selling General And Administration": 43136000.0,
        "Selling And Marketing Expense": 23556000.0,
        "General And Administrative Expense": 19580000.0,
        "Other Gand A": 19580000.0,
        "Gross Profit": 41904000.0,
        "Cost Of Revenue": 11758000.0,
        "Total Revenue": 53662000.0,
        "Operating Revenue": 53662000.0
    },
    "2022-09-30": {
        "Tax Effect Of Unusual Items": 0.0,
        "Tax Rate For Calcs": 0.284,
        "Normalized EBITDA": 1836000.0,
        "Total Unusual Items": NaN,
        "Total Unusual Items Excluding Goodwill": NaN,
        "Net Income From Continuing Operation Net Minority Interest": 610000.0,
        "Reconciled Depreciation": 984000.0,
        "Reconciled Cost Of Revenue": 9942000.0,
        "EBITDA": 1836000.0,
        "EBIT": 852000.0,
        "Net Interest Income": 0.0,
        "Interest Expense": 0.0,
        "Interest Income": NaN,
        "Normalized Income": 610000.0,
        "Net Income From Continuing And Discontinued Operation": 610000.0,
        "Total Expenses": 50484000.0,
        "Total Operating Income As Reported": 1290000.0,
        "Diluted Average Shares": 12495000.0,
        "Basic Average Shares": 12457000.0,
        "Diluted EPS": 0.05,
        "Basic EPS": 0.05,
        "Diluted NI Availto Com Stockholders": 610000.0,
        "Net Income Common Stockholders": 610000.0,
        "Net Income": 610000.0,
        "Net Income Including Noncontrolling Interests": 610000.0,
        "Net Income Continuous Operations": 610000.0,
        "Tax Provision": 242000.0,
        "Pretax Income": 852000.0,
        "Other Income Expense": -438000.0,
        "Other Non Operating Income Expenses": -438000.0,
        "Special Income Charges": NaN,
        "Write Off": NaN,
        "Net Non Operating Interest Income Expense": 0.0,
        "Total Other Finance Cost": NaN,
        "Interest Expense Non Operating": 0.0,
        "Interest Income Non Operating": NaN,
        "Operating Income": 1290000.0,
        "Operating Expense": 40542000.0,
        "Selling General And Administration": 40542000.0,
        "Selling And Marketing Expense": 23813000.0,
        "General And Administrative Expense": 16729000.0,
        "Other Gand A": 16729000.0,
        "Gross Profit": 41832000.0,
        "Cost Of Revenue": 9942000.0,
        "Total Revenue": 51774000.0,
        "Operating Revenue": 51774000.0
    },
    "2022-06-30": {
        "Tax Effect Of Unusual Items": -882000.0,
        "Tax Rate For Calcs": 0.4,
        "Normalized EBITDA": 1212000.0,
        "Total Unusual Items": -2205000.0,
        "Total Unusual Items Excluding Goodwill": -2205000.0,
        "Net Income From Continuing Operation Net Minority Interest": -1416000.0,
        "Reconciled Depreciation": 1376000.0,
        "Reconciled Cost Of Revenue": 9332000.0,
        "EBITDA": -993000.0,
        "EBIT": -993000.0,
        "Net Interest Income": 0.0,
        "Interest Expense": 0.0,
        "Interest Income": NaN,
        "Normalized Income": -93000.0,
        "Net Income From Continuing And Discontinued Operation": -1416000.0,
        "Total Expenses": 49447000.0,
        "Total Operating Income As Reported": 1496000.0,
        "Diluted Average Shares": 12340000.0,
        "Basic Average Shares": 11761000.0,
        "Diluted EPS": -0.11,
        "Basic EPS": -0.11,
        "Diluted NI Availto Com Stockholders": -1416000.0,
        "Net Income Common Stockholders": -1416000.0,
        "Net Income": -1416000.0,
        "Net Income Including Noncontrolling Interests": -1416000.0,
        "Net Income Continuous Operations": -1416000.0,
        "Tax Provision": 423000.0,
        "Pretax Income": -993000.0,
        "Other Income Expense": -2489000.0,
        "Other Non Operating Income Expenses": -284000.0,
        "Special Income Charges": -2205000.0,
        "Write Off": 2205000.0,
        "Net Non Operating Interest Income Expense": 0.0,
        "Total Other Finance Cost": NaN,
        "Interest Expense Non Operating": 0.0,
        "Interest Income Non Operating": NaN,
        "Operating Income": 1496000.0,
        "Operating Expense": 40115000.0,
        "Selling General And Administration": 40115000.0,
        "Selling And Marketing Expense": 24502000.0,
        "General And Administrative Expense": 15613000.0,
        "Other Gand A": 15613000.0,
        "Gross Profit": 41611000.0,
        "Cost Of Revenue": 9332000.0,
        "Total Revenue": 50943000.0,
        "Operating Revenue": 50943000.0
    },
    "2022-03-31": {
        "Diluted EPS": 0.09,
        "Total Revenue": 50,
        "Gross Profit": 40,
        "Operating Income": 2,
        "EBIT": 3,
        "Net Income": 1
    },
    "2021-12-31": {
        "Diluted EPS": 0.01,
        "Total Revenue": 52,
        "Gross Profit": 43,
        "Operating Income": 0,
        "EBIT": 1,
        "Net Income": 0
    },
    "2021-09-30": {
        "Diluted EPS": 0.25,
        "Total Revenue": 53,
        "Gross Profit": 44,
        "Operating Income": 5,
        "EBIT": 6,
        "Net Income": 3
    },
    "2021-06-30": {
        "Diluted EPS": 0.35,
        "Total Revenue": 55,
        "Gross Profit": 45,
        "Operating Income": 7,
        "EBIT": 8,
        "Net Income": 5
    },
    "2021-03-31": {
        "Diluted EPS": 0.12,
        "Total Revenue": 52,
        "Gross Profit": 43,
        "Operating Income": 2,
        "EBIT": 3,
        "Net Income": 2
    },
    "2020-12-31": {
        "Diluted EPS": 0.26,
        "Total Revenue": 59,
        "Gross Profit": 49,
        "Operating Income": 5,
        "EBIT": 7,
        "Net Income": 4
    },
    "2020-09-30": {
        "Diluted EPS": 0.17,
        "Total Revenue": 55,
        "Gross Profit": 45,
        "Operating Income": 3,
        "EBIT": 6,
        "Net Income": 2
    },
    "2020-06-30": {
        "Diluted EPS": 0.26,
        "Total Revenue": 59,
        "Gross Profit": 50,
        "Operating Income": 6,
        "EBIT": 8,
        "Net Income": 4
    },
    "2020-03-31": {
        "Diluted EPS": 0.11,
        "Total Revenue": 56,
        "Gross Profit": 47,
        "Operating Income": 3,
        "EBIT": 4,
        "Net Income": 2
    },
    "2019-12-31": {
        "Diluted EPS": 0.3,
        "Total Revenue": 61,
        "Gross Profit": 51,
        "Operating Income": 4,
        "EBIT": 5,
        "Net Income": 4
    },
    "2019-09-30": {
        "Diluted EPS": 0.12,
        "Total Revenue": 56,
        "Gross Profit": 47,
        "Operating Income": 3,
        "EBIT": 4,
        "Net Income": 2
    },
    "2019-06-30": {
        "Diluted EPS": 0.26,
        "Total Revenue": 56,
        "Gross Profit": 46,
        "Operating Income": 6,
        "EBIT": 6,
        "Net Income": 4
    },
    "2019-03-31": {
        "Diluted EPS": 0.12,
        "Total Revenue": 56,
        "Gross Profit": 47,
        "Operating Income": 2,
        "EBIT": 3,
        "Net Income": 2
    },
    "2018-12-31": {
        "Diluted EPS": 0.06,
        "Total Revenue": 58,
        "Gross Profit": 48,
        "Operating Income": 1,
        "EBIT": 1,
        "Net Income": 1
    },
    "2018-09-30": {
        "Diluted EPS": 0.06,
        "Total Revenue": 56,
        "Gross Profit": 46,
        "Operating Income": 1,
        "EBIT": 2,
        "Net Income": 1
    },
    "2018-06-30": {
        "Diluted EPS": 0.21,
        "Total Revenue": 54,
        "Gross Profit": 46,
        "Operating Income": 4,
        "EBIT": 5,
        "Net Income": 3
    },
    "2018-03-31": {
        "Diluted EPS": 0.12,
        "Total Revenue": 51,
        "Gross Profit": 42,
        "Operating Income": 2,
        "EBIT": 3,
        "Net Income": 2
    },
    "2017-12-31": {
        "Diluted EPS": 0.02,
        "Total Revenue": 49,
        "Gross Profit": 40,
        "Operating Income": 2,
        "EBIT": 3,
        "Net Income": 0
    },
    "2017-09-30": {
        "Diluted EPS": 0.06,
        "Total Revenue": 49,
        "Gross Profit": 40,
        "Operating Income": 1,
        "EBIT": 2,
        "Net Income": 1
    },
    "2017-06-30": {
        "Diluted EPS": 0.01,
        "Total Revenue": 51,
        "Gross Profit": 42,
        "Operating Income": 2,
        "EBIT": 2,
        "Net Income": 0
    },
    "2017-03-31": {
        "Diluted EPS": 0.0,
        "Total Revenue": 45,
        "Gross Profit": 37,
        "Operating Income": 0,
        "EBIT": 1,
        "Net Income": 0
    },
    "2016-12-31": {
        "Diluted EPS": 0.02,
        "Total Revenue": 49,
        "Gross Profit": 41,
        "Operating Income": 1,
        "EBIT": 1,
        "Net Income": 0
    },
    "2016-09-30": {
        "Diluted EPS": 0.08,
        "Total Revenue": 55,
        "Gross Profit": 46,
        "Operating Income": 2,
        "EBIT": 2,
        "Net Income": 1
    },
    "2016-06-30": {
        "Diluted EPS": 0.16,
        "Total Revenue": 53,
        "Gross Profit": 44,
        "Operating Income": 4,
        "EBIT": 5,
        "Net Income": 2
    },
    "2016-03-31": {
        "Diluted EPS": 0.07,
        "Total Revenue": 56,
        "Gross Profit": 46,
        "Operating Income": 4,
        "EBIT": 4,
        "Net Income": 1
    },
    "2015-12-31": {
        "Diluted EPS": 0.11,
        "Total Revenue": 52,
        "Gross Profit": 44,
        "Operating Income": 3,
        "EBIT": 4,
        "Net Income": 2
    },
    "2015-09-30": {
        "Diluted EPS": 0.08,
        "Total Revenue": 45,
        "Gross Profit": 38,
        "Operating Income": 3,
        "EBIT": 3,
        "Net Income": 1
    },
    "2015-06-30": {
        "Diluted EPS": 0.04,
        "Total Revenue": 45,
        "Gross Profit": 38,
        "Operating Income": 2,
        "EBIT": 2,
        "Net Income": 0
    },
    "2015-03-31": {
        "Diluted EPS": 0.04,
        "Total Revenue": 45,
        "Gross Profit": 38,
        "Operating Income": 1,
        "EBIT": 2,
        "Net Income": 1
    },
    "2014-12-31": {
        "Diluted EPS": 0.1,
        "Total Revenue": 48,
        "Gross Profit": 41,
        "Operating Income": 3,
        "EBIT": 4,
        "Net Income": 1
    },
    "2014-09-30": {
        "Diluted EPS": 0.32,
        "Total Revenue": 52,
        "Gross Profit": 46,
        "Operating Income": 8,
        "EBIT": 8,
        "Net Income": 5
    },
    "2014-06-30": {
        "Diluted EPS": 0.15,
        "Total Revenue": 56,
        "Gross Profit": 47,
        "Operating Income": 5,
        "EBIT": 5,
        "Net Income": 2
    },
    "2014-03-31": {
        "Diluted EPS": 0.14,
        "Total Revenue": 55,
        "Gross Profit": 47,
        "Operating Income": 4,
        "EBIT": 5,
        "Net Income": 2
    },
    "2013-12-31": {
        "Diluted EPS": 0.21,
        "Total Revenue": 52,
        "Gross Profit": 44,
        "Operating Income": 5,
        "EBIT": 6,
        "Net Income": 3
    },
    "2013-09-30": {
        "Diluted EPS": 0.21,
        "Total Revenue": 51,
        "Gross Profit": 44,
        "Operating Income": 5,
        "EBIT": 6,
        "Net Income": 3
    },
    "2013-06-30": {
        "Diluted EPS": 0.0,
        "Total Revenue": 52,
        "Gross Profit": 44,
        "Operating Income": 1,
        "EBIT": 1,
        "Net Income": 0
    },
    "2013-03-31": {
        "Diluted EPS": 0.21,
        "Total Revenue": 50,
        "Gross Profit": 44,
        "Operating Income": 4,
        "EBIT": 4,
        "Net Income": 3
    },
    "2012-12-31": {
        "Diluted EPS": 0.0,
        "Total Revenue": 53,
        "Gross Profit": 39,
        "Operating Income": 0,
        "EBIT": 1,
        "Net Income": 0
    },
    "2012-09-30": {
        "Diluted EPS": 0.21,
        "Total Revenue": 53,
        "Gross Profit": 45,
        "Operating Income": 7,
        "EBIT": 7,
        "Net Income": 4
    },
    "2012-06-30": {
        "Diluted EPS": 0.63,
        "Total Revenue": 45,
        "Gross Profit": 38,
        "Operating Income": 7,
        "EBIT": 8,
        "Net Income": 5
    },
    "2012-03-31": {
        "Diluted EPS": -0.35,
        "Total Revenue": 36,
        "Gross Profit": 31,
        "Operating Income": 6,
        "EBIT": 7,
        "Net Income": -5
    },
    "2011-12-31": {
        "Diluted EPS": 0.35,
        "Total Revenue": 25,
        "Gross Profit": 22,
        "Operating Income": 4,
        "EBIT": 4,
        "Net Income": 9
    },
    "2011-09-30": {
        "Diluted EPS": 0.14,
        "Total Revenue": 20,
        "Gross Profit": 17,
        "Operating Income": 3,
        "EBIT": 4,
        "Net Income": 4
    },
    "2011-06-30": {
        "Diluted EPS": -3.92,
        "Total Revenue": 15,
        "Gross Profit": 13,
        "Operating Income": 2,
        "EBIT": 2,
        "Net Income": -47
    },
    "2011-03-31": {
        "Diluted EPS": -0.91,
        "Total Revenue": 10,
        "Gross Profit": 8,
        "Operating Income": 1,
        "EBIT": -1,
        "Net Income": -10
    },
    "2010-12-31": {
        "Diluted EPS": 0.42,
        "Total Revenue": 7,
        "Gross Profit": 6,
        "Operating Income": 1,
        "EBIT": 2,
        "Net Income": 5
    },
    "2010-09-30": {
        "Diluted EPS": 0.07,
        "Total Revenue": 6,
        "Gross Profit": 5,
        "Operating Income": 0,
        "EBIT": 0,
        "Net Income": 1
    },
    "2010-06-30": {
        "Diluted EPS": -0.56,
        "Total Revenue": 4,
        "Gross Profit": 4,
        "Operating Income": 0,
        "EBIT": -1,
        "Net Income": -5
    },
    "2010-03-31": {
        "Diluted EPS": -0.98,
        "Total Revenue": 3,
        "Gross Profit": 2,
        "Operating Income": -1,
        "EBIT": -1,
        "Net Income": -8
    },
    "2009-12-31": {
        "Diluted EPS": -0.07,
        "Total Revenue": 2,
        "Gross Profit": 2,
        "Operating Income": -3,
        "EBIT": -2,
        "Net Income": -1
    },
    "2009-09-30": {
        "Diluted EPS": 0.14,
        "Total Revenue": 2,
        "Gross Profit": 2,
        "Operating Income": -3,
        "EBIT": -3,
        "Net Income": 1
    },
    "2009-06-30": {
        "Diluted EPS": -0.77,
        "Total Revenue": 2,
        "Gross Profit": 1,
        "Operating Income": -5,
        "EBIT": -5,
        "Net Income": -5
    },
    "2009-03-31": {
        "Diluted EPS": -0.84,
        "Total Revenue": 1,
        "Gross Profit": 1,
        "Operating Income": -2,
        "EBIT": -2,
        "Net Income": -3
    },
    "2023-06-30": {
        "Tax Effect Of Unusual Items": 0.0,
        "Tax Rate For Calcs": 0.230829,
        "Normalized EBITDA": 2603000.0,
        "Net Income From Continuing Operation Net Minority Interest": 1966000.0,
        "Reconciled Depreciation": -356000.0,
        "Reconciled Cost Of Revenue": 11069000.0,
        "EBITDA": 2603000.0,
        "EBIT": 2603000.0,
        "Net Interest Income": 107000.0,
        "Interest Income": NaN,
        "Normalized Income": 1966000.0,
        "Net Income From Continuing And Discontinued Operation": 1966000.0,
        "Total Expenses": 51618000.0,
        "Total Operating Income As Reported": 2603000.0,
        "Diluted Average Shares": 12980000.0,
        "Basic Average Shares": 12616000.0,
        "Diluted EPS": 0.15,
        "Basic EPS": 0.16,
        "Diluted NI Availto Com Stockholders": 1966000.0,
        "Net Income Common Stockholders": 1966000.0,
        "Net Income": 1966000.0,
        "Net Income Including Noncontrolling Interests": 1966000.0,
        "Net Income Continuous Operations": 1966000.0,
        "Tax Provision": 590000.0,
        "Pretax Income": 2556000.0,
        "Other Income Expense": -154000.0,
        "Other Non Operating Income Expenses": 219000.0,
        "Net Non Operating Interest Income Expense": 107000.0,
        "Total Other Finance Cost": NaN,
        "Interest Income Non Operating": NaN,
        "Operating Income": 2603000.0,
        "Operating Expense": 40549000.0,
        "Selling General And Administration": 40549000.0,
        "Selling And Marketing Expense": 23502000.0,
        "General And Administrative Expense": 17047000.0,
        "Other Gand A": 17047000.0,
        "Gross Profit": 43152000.0,
        "Cost Of Revenue": 11069000.0,
        "Total Revenue": 54221000.0,
        "Operating Revenue": 10037000.0
    },
    "2023-09-30": {
        "Tax Effect Of Unusual Items": 0.0,
        "Tax Rate For Calcs": 0.241255,
        "Normalized EBITDA": 1667000.0,
        "Net Income From Continuing Operation Net Minority Interest": 629000.0,
        "Reconciled Depreciation": 918000.0,
        "Reconciled Cost Of Revenue": 10180000.0,
        "EBITDA": 1667000.0,
        "EBIT": 749000.0,
        "Net Interest Income": 168000.0,
        "Interest Income": 168000.0,
        "Normalized Income": 629000.0,
        "Net Income From Continuing And Discontinued Operation": 629000.0,
        "Total Expenses": 50615000.0,
        "Total Operating Income As Reported": 749000.0,
        "Diluted Average Shares": 13109000.0,
        "Basic Average Shares": 12537000.0,
        "Diluted EPS": 0.05,
        "Basic EPS": 0.05,
        "Diluted NI Availto Com Stockholders": 629000.0,
        "Net Income Common Stockholders": 629000.0,
        "Net Income": 629000.0,
        "Net Income Including Noncontrolling Interests": 629000.0,
        "Net Income Continuous Operations": 629000.0,
        "Tax Provision": 200000.0,
        "Pretax Income": 829000.0,
        "Other Income Expense": -88000.0,
        "Other Non Operating Income Expenses": -88000.0,
        "Net Non Operating Interest Income Expense": 168000.0,
        "Total Other Finance Cost": NaN,
        "Interest Income Non Operating": 168000.0,
        "Operating Income": 749000.0,
        "Operating Expense": 40435000.0,
        "Selling General And Administration": 40435000.0,
        "Selling And Marketing Expense": 22473000.0,
        "General And Administrative Expense": 17962000.0,
        "Other Gand A": 17962000.0,
        "Gross Profit": 41184000.0,
        "Cost Of Revenue": 10180000.0,
        "Total Revenue": 51364000.0,
        "Operating Revenue": 51364000.0
    },
    "2023-12-31": {
        "Tax Effect Of Unusual Items": 0.0,
        "Tax Rate For Calcs": 0.21,
        "Normalized EBITDA": -299000.0,
        "Net Income From Continuing Operation Net Minority Interest": -656000.0,
        "Reconciled Depreciation": 962000.0,
        "Reconciled Cost Of Revenue": 11066000.0,
        "EBITDA": -299000.0,
        "EBIT": -1261000.0,
        "Net Interest Income": 108000.0,
        "Interest Income": 108000.0,
        "Normalized Income": -656000.0,
        "Net Income From Continuing And Discontinued Operation": -656000.0,
        "Total Expenses": 52885000.0,
        "Total Operating Income As Reported": -1261000.0,
        "Diluted Average Shares": 12612000.0,
        "Basic Average Shares": 12612000.0,
        "Diluted EPS": -0.05,
        "Basic EPS": -0.05,
        "Diluted NI Availto Com Stockholders": -656000.0,
        "Net Income Common Stockholders": -656000.0,
        "Net Income": -656000.0,
        "Net Income Including Noncontrolling Interests": -656000.0,
        "Net Income Continuous Operations": -656000.0,
        "Tax Provision": -456000.0,
        "Pretax Income": -1112000.0,
        "Other Income Expense": 41000.0,
        "Other Non Operating Income Expenses": 41000.0,
        "Net Non Operating Interest Income Expense": 108000.0,
        "Total Other Finance Cost": NaN,
        "Interest Income Non Operating": 108000.0,
        "Operating Income": -1261000.0,
        "Operating Expense": 41819000.0,
        "Selling General And Administration": 41819000.0,
        "Selling And Marketing Expense": 21754000.0,
        "General And Administrative Expense": 20065000.0,
        "Other Gand A": 20065000.0,
        "Gross Profit": 40558000.0,
        "Cost Of Revenue": 11066000.0,
        "Total Revenue": 51624000.0,
        "Operating Revenue": 51624000.0
    }
}