{
    "2023-03-31": {
        "Diluted EPS": -0.41,
        "Total Revenue": NaN,
        "Gross Profit": 518,
        "Operating Income": -50,
        "EBIT": 383,
        "Net Income": -97
    },
    "2022-12-31": {
        "Diluted EPS": 0.07,
        "Total Revenue": NaN,
        "Gross Profit": 415,
        "Operating Income": 8,
        "EBIT": 445,
        "Net Income": 17
    },
    "2022-09-30": {
        "Diluted EPS": -7.95,
        "Total Revenue": 875,
        "Gross Profit": 312,
        "Operating Income": NaN,
        "EBIT": 207,
        "Net Income": NaN
    },
    "2022-06-30": {
        "Diluted EPS": -0.53,
        "Total Revenue": 894,
        "Gross Profit": 297,
        "Operating Income": -68,
        "EBIT": 453,
        "Net Income": -119
    },
    "2022-03-31": {
        "Diluted EPS": -0.47,
        "Total Revenue": 930,
        "Gross Profit": 353,
        "Operating Income": -50,
        "EBIT": 456,
        "Net Income": -105
    },
    "2021-12-31": {
        "Diluted EPS": -0.2,
        "Total Revenue": 885,
        "Gross Profit": 368,
        "Operating Income": 9,
        "EBIT": 457,
        "Net Income": -46
    },
    "2021-09-30": {
        "Diluted EPS": 0.03,
        "Total Revenue": 888,
        "Gross Profit": 405,
        "Operating Income": 30,
        "EBIT": 446,
        "Net Income": 8
    },
    "2021-06-30": {
        "Diluted EPS": -0.2,
        "Total Revenue": 901,
        "Gross Profit": 415,
        "Operating Income": 20,
        "EBIT": 447,
        "Net Income": -45
    },
    "2021-03-31": {
        "Diluted EPS": -0.18,
        "Total Revenue": 876,
        "Gross Profit": 400,
        "Operating Income": 14,
        "EBIT": 410,
        "Net Income": -38
    },
    "2020-12-31": {
        "Diluted EPS": -0.06,
        "Total Revenue": 836,
        "Gross Profit": 377,
        "Operating Income": 37,
        "EBIT": 417,
        "Net Income": -14
    },
    "2020-09-30": {
        "Diluted EPS": -0.08,
        "Total Revenue": 745,
        "Gross Profit": 378,
        "Operating Income": 30,
        "EBIT": 341,
        "Net Income": -18
    },
    "2020-06-30": {
        "Diluted EPS": 0.23,
        "Total Revenue": 814,
        "Gross Profit": 391,
        "Operating Income": 89,
        "EBIT": 425,
        "Net Income": 51
    },
    "2020-03-31": {
        "Diluted EPS": -0.2,
        "Total Revenue": 944,
        "Gross Profit": 380,
        "Operating Income": -12,
        "EBIT": 447,
        "Net Income": -45
    },
    "2019-12-31": {
        "Diluted EPS": -0.42,
        "Total Revenue": 999,
        "Gross Profit": 404,
        "Operating Income": -40,
        "EBIT": 467,
        "Net Income": -91
    },
    "2019-09-30": {
        "Diluted EPS": 0.01,
        "Total Revenue": 984,
        "Gross Profit": 484,
        "Operating Income": 58,
        "EBIT": 531,
        "Net Income": 2
    },
    "2019-06-30": {
        "Diluted EPS": -0.25,
        "Total Revenue": 964,
        "Gross Profit": 396,
        "Operating Income": -3,
        "EBIT": 478,
        "Net Income": -54
    },
    "2019-03-31": {
        "Diluted EPS": -0.72,
        "Total Revenue": 914,
        "Gross Profit": 381,
        "Operating Income": -34,
        "EBIT": 421,
        "Net Income": -155
    },
    "2018-12-31": {
        "Diluted EPS": 0.1,
        "Total Revenue": 933,
        "Gross Profit": 431,
        "Operating Income": 87,
        "EBIT": 513,
        "Net Income": 23
    },
    "2018-09-30": {
        "Diluted EPS": -0.67,
        "Total Revenue": 901,
        "Gross Profit": 438,
        "Operating Income": 39,
        "EBIT": 421,
        "Net Income": -144
    },
    "2018-06-30": {
        "Diluted EPS": -0.04,
        "Total Revenue": 933,
        "Gross Profit": 403,
        "Operating Income": 38,
        "EBIT": 467,
        "Net Income": -8
    },
    "2018-03-31": {
        "Diluted EPS": 0.41,
        "Total Revenue": NaN,
        "Gross Profit": 457,
        "Operating Income": 48,
        "EBIT": 501,
        "Net Income": 91
    },
    "2017-12-31": {
        "Diluted EPS": 0.87,
        "Total Revenue": NaN,
        "Gross Profit": 493,
        "Operating Income": 80,
        "EBIT": 592,
        "Net Income": 193
    },
    "2017-09-30": {
        "Diluted EPS": 0.07,
        "Total Revenue": 941,
        "Gross Profit": 419,
        "Operating Income": 30,
        "EBIT": 444,
        "Net Income": 16
    },
    "2017-06-30": {
        "Diluted EPS": 0.8,
        "Total Revenue": NaN,
        "Gross Profit": 450,
        "Operating Income": 90,
        "EBIT": 528,
        "Net Income": 174
    },
    "2017-03-31": {
        "Diluted EPS": 0.39,
        "Total Revenue": NaN,
        "Gross Profit": 535,
        "Operating Income": 71,
        "EBIT": 628,
        "Net Income": 62
    },
    "2016-12-31": {
        "Diluted EPS": -0.19,
        "Total Revenue": 752,
        "Gross Profit": 323,
        "Operating Income": -7,
        "EBIT": 323,
        "Net Income": -31
    },
    "2016-09-30": {
        "Diluted EPS": -0.12,
        "Total Revenue": 640,
        "Gross Profit": 253,
        "Operating Income": -58,
        "EBIT": 245,
        "Net Income": -18
    },
    "2016-06-30": {
        "Diluted EPS": 0.01,
        "Total Revenue": 554,
        "Gross Profit": 187,
        "Operating Income": -22,
        "EBIT": 278,
        "Net Income": 1
    },
    "2016-03-31": {
        "Diluted EPS": 0.11,
        "Total Revenue": 791,
        "Gross Profit": 303,
        "Operating Income": -21,
        "EBIT": 362,
        "Net Income": 11
    },
    "2015-12-31": {
        "Diluted EPS": 0.26,
        "Total Revenue": 671,
        "Gross Profit": 267,
        "Operating Income": -9,
        "EBIT": 290,
        "Net Income": 41
    },
    "2015-09-30": {
        "Diluted EPS": -0.56,
        "Total Revenue": 477,
        "Gross Profit": 184,
        "Operating Income": -39,
        "EBIT": 166,
        "Net Income": -42
    },
    "2015-06-30": {
        "Diluted EPS": 0.52,
        "Total Revenue": 409,
        "Gross Profit": 179,
        "Operating Income": 44,
        "EBIT": 209,
        "Net Income": 41
    },
    "2015-03-31": {
        "Diluted EPS": -0.97,
        "Total Revenue": 646,
        "Gross Profit": 276,
        "Operating Income": 28,
        "EBIT": 293,
        "Net Income": 20
    },
    "2014-12-31": {
        "Diluted EPS": 1.3,
        "Total Revenue": 751,
        "Gross Profit": 351,
        "Operating Income": 116,
        "EBIT": 401,
        "Net Income": 98
    },
    "2014-09-30": {
        "Diluted EPS": 0.3,
        "Total Revenue": 553,
        "Gross Profit": 246,
        "Operating Income": 30,
        "EBIT": 236,
        "Net Income": 21
    },
    "2014-06-30": {
        "Diluted EPS": 0.6,
        "Total Revenue": 449,
        "Gross Profit": 211,
        "Operating Income": 48,
        "EBIT": 211,
        "Net Income": 43
    },
    "2014-03-31": {
        "Diluted EPS": 0.7,
        "Total Revenue": 722,
        "Gross Profit": 318,
        "Operating Income": 59,
        "EBIT": 349,
        "Net Income": 49
    },
    "2013-12-31": {
        "Diluted EPS": 1.18,
        "Total Revenue": 840,
        "Gross Profit": 442,
        "Operating Income": 142,
        "EBIT": 408,
        "Net Income": 89
    },
    "2013-09-30": {
        "Diluted EPS": 0.0,
        "Total Revenue": 499,
        "Gross Profit": 237,
        "Operating Income": 26,
        "EBIT": 189,
        "Net Income": 1
    },
    "2013-06-30": {
        "Diluted EPS": 0.2,
        "Total Revenue": 570,
        "Gross Profit": 263,
        "Operating Income": 33,
        "EBIT": 259,
        "Net Income": 14
    },
    "2013-03-31": {
        "Diluted EPS": 2.28,
        "Total Revenue": 786,
        "Gross Profit": 367,
        "Operating Income": 97,
        "EBIT": 410,
        "Net Income": 163
    },
    "2012-12-31": {
        "Diluted EPS": 0.54,
        "Total Revenue": 744,
        "Gross Profit": 341,
        "Operating Income": 82,
        "EBIT": 353,
        "Net Income": 38
    },
    "2012-09-30": {
        "Diluted EPS": 1.06,
        "Total Revenue": 707,
        "Gross Profit": 384,
        "Operating Income": 101,
        "EBIT": 335,
        "Net Income": 76
    },
    "2012-06-30": {
        "Diluted EPS": -0.66,
        "Total Revenue": 472,
        "Gross Profit": 226,
        "Operating Income": -7,
        "EBIT": 167,
        "Net Income": -44
    },
    "2012-03-31": {
        "Diluted EPS": -0.36,
        "Total Revenue": 645,
        "Gross Profit": 284,
        "Operating Income": 3,
        "EBIT": 258,
        "Net Income": -23
    },
    "2011-12-31": {
        "Diluted EPS": -0.02,
        "Total Revenue": 323,
        "Gross Profit": 121,
        "Operating Income": 12,
        "EBIT": 151,
        "Net Income": -1
    },
    "2011-09-30": {
        "Diluted EPS": -0.38,
        "Total Revenue": 358,
        "Gross Profit": 152,
        "Operating Income": -9,
        "EBIT": 129,
        "Net Income": -25
    },
    "2011-06-30": {
        "Diluted EPS": 0.16,
        "Total Revenue": 261,
        "Gross Profit": 122,
        "Operating Income": 28,
        "EBIT": 119,
        "Net Income": 10
    },
    "2011-03-31": {
        "Diluted EPS": 1.14,
        "Total Revenue": 377,
        "Gross Profit": 182,
        "Operating Income": 58,
        "EBIT": 202,
        "Net Income": 69
    },
    "2010-12-31": {
        "Diluted EPS": -0.08,
        "Total Revenue": 423,
        "Gross Profit": 218,
        "Operating Income": 22,
        "EBIT": 165,
        "Net Income": -6
    },
    "2010-09-30": {
        "Diluted EPS": -0.44,
        "Total Revenue": 456,
        "Gross Profit": 218,
        "Operating Income": 21,
        "EBIT": 187,
        "Net Income": -30
    },
    "2010-06-30": {
        "Diluted EPS": -1.08,
        "Total Revenue": 327,
        "Gross Profit": 169,
        "Operating Income": -37,
        "EBIT": 70,
        "Net Income": -64
    },
    "2010-03-31": {
        "Diluted EPS": -0.54,
        "Total Revenue": 402,
        "Gross Profit": 224,
        "Operating Income": 11,
        "EBIT": 118,
        "Net Income": -33
    },
    "2009-12-31": {
        "Diluted EPS": -1.1,
        "Total Revenue": 343,
        "Gross Profit": 142,
        "Operating Income": -47,
        "EBIT": 96,
        "Net Income": -65
    },
    "2009-09-30": {
        "Diluted EPS": 0.52,
        "Total Revenue": 366,
        "Gross Profit": 177,
        "Operating Income": 44,
        "EBIT": 176,
        "Net Income": 32
    },
    "2009-06-30": {
        "Diluted EPS": 0.6,
        "Total Revenue": 379,
        "Gross Profit": 169,
        "Operating Income": 41,
        "EBIT": 204,
        "Net Income": 36
    },
    "2009-03-31": {
        "Diluted EPS": -0.56,
        "Total Revenue": 463,
        "Gross Profit": 235,
        "Operating Income": -19,
        "EBIT": 132,
        "Net Income": -32
    }
}