{
    "2023-03-31": {
        "Tax Effect Of Unusual Items": 0.0,
        "Tax Rate For Calcs": 0.167,
        "Normalized EBITDA": 32830000.0,
        "Net Income From Continuing Operation Net Minority Interest": 26962000.0,
        "Reconciled Depreciation": 482000.0,
        "Reconciled Cost Of Revenue": 388541000.0,
        "EBITDA": 32830000.0,
        "EBIT": 32348000.0,
        "Net Interest Income": 0.0,
        "Interest Expense": 0.0,
        "Normalized Income": 26962000.0,
        "Net Income From Continuing And Discontinued Operation": 26962000.0,
        "Total Expenses": 461306000.0,
        "Total Operating Income As Reported": 26051000.0,
        "Diluted Average Shares": 23629779.0,
        "Basic Average Shares": 23381294.0,
        "Diluted EPS": 1.14,
        "Basic EPS": 1.15,
        "Diluted NI Availto Com Stockholders": 26962000.0,
        "Net Income Common Stockholders": 26962000.0,
        "Net Income": 26962000.0,
        "Net Income Including Noncontrolling Interests": 26962000.0,
        "Net Income Continuous Operations": 26962000.0,
        "Tax Provision": 5386000.0,
        "Pretax Income": 32348000.0,
        "Other Income Expense": 6297000.0,
        "Other Non Operating Income Expenses": 6297000.0,
        "Net Non Operating Interest Income Expense": 0.0,
        "Interest Expense Non Operating": 0.0,
        "Operating Income": 26051000.0,
        "Operating Expense": 72765000.0,
        "Selling General And Administration": 72765000.0,
        "Selling And Marketing Expense": 42805000.0,
        "General And Administrative Expense": 29960000.0,
        "Other Gand A": 29960000.0,
        "Gross Profit": 98816000.0,
        "Cost Of Revenue": 388541000.0,
        "Total Revenue": 487357000.0,
        "Operating Revenue": 487357000.0
    },
    "2022-12-31": {
        "Tax Effect Of Unusual Items": 0.0,
        "Tax Rate For Calcs": 0.271872,
        "Normalized EBITDA": 69255000.0,
        "Total Unusual Items": 0.0,
        "Total Unusual Items Excluding Goodwill": 0.0,
        "Net Income From Continuing Operation Net Minority Interest": 34115000.0,
        "Reconciled Depreciation": 442000.0,
        "Reconciled Cost Of Revenue": 387227000.0,
        "EBITDA": 69255000.0,
        "EBIT": 68813000.0,
        "Net Interest Income": NaN,
        "Interest Expense": NaN,
        "Normalized Income": 34115000.0,
        "Net Income From Continuing And Discontinued Operation": 34115000.0,
        "Total Expenses": 447458000.0,
        "Total Operating Income As Reported": 40804000.0,
        "Diluted Average Shares": 23513303.0,
        "Basic Average Shares": 23291372.0,
        "Diluted EPS": 1.45,
        "Basic EPS": 1.46,
        "Diluted NI Availto Com Stockholders": 34115000.0,
        "Net Income Common Stockholders": 34115000.0,
        "Net Income": 34115000.0,
        "Net Income Including Noncontrolling Interests": 34115000.0,
        "Net Income Continuous Operations": 34115000.0,
        "Tax Provision": 12738000.0,
        "Pretax Income": 46853000.0,
        "Other Income Expense": 6049000.0,
        "Other Non Operating Income Expenses": 6049000.0,
        "Special Income Charges": 0.0,
        "Net Non Operating Interest Income Expense": NaN,
        "Interest Expense Non Operating": NaN,
        "Operating Income": 40804000.0,
        "Operating Expense": 60231000.0,
        "Selling General And Administration": 60231000.0,
        "Selling And Marketing Expense": 33323000.0,
        "General And Administrative Expense": 26908000.0,
        "Other Gand A": 26908000.0,
        "Gross Profit": 101035000.0,
        "Cost Of Revenue": 387227000.0,
        "Total Revenue": 488262000.0,
        "Operating Revenue": 488262000.0
    },
    "2022-09-30": {
        "Tax Effect Of Unusual Items": 0.0,
        "Tax Rate For Calcs": 0.168,
        "Normalized EBITDA": 94981000.0,
        "Total Unusual Items": 0.0,
        "Total Unusual Items Excluding Goodwill": 0.0,
        "Net Income From Continuing Operation Net Minority Interest": 90390000.0,
        "Reconciled Depreciation": 404000.0,
        "Reconciled Cost Of Revenue": 391275000.0,
        "EBITDA": 94981000.0,
        "EBIT": 94577000.0,
        "Net Interest Income": NaN,
        "Interest Expense": NaN,
        "Normalized Income": 90390000.0,
        "Net Income From Continuing And Discontinued Operation": 90390000.0,
        "Total Expenses": 452497000.0,
        "Total Operating Income As Reported": 94577000.0,
        "Diluted Average Shares": 23488325.0,
        "Basic Average Shares": 23272811.0,
        "Diluted EPS": 3.85,
        "Basic EPS": 3.88,
        "Diluted NI Availto Com Stockholders": 90390000.0,
        "Net Income Common Stockholders": 90390000.0,
        "Net Income": 90390000.0,
        "Net Income Including Noncontrolling Interests": 90390000.0,
        "Net Income Continuous Operations": 90390000.0,
        "Tax Provision": 18311000.0,
        "Pretax Income": 108701000.0,
        "Other Income Expense": 14124000.0,
        "Other Non Operating Income Expenses": 14124000.0,
        "Special Income Charges": 0.0,
        "Net Non Operating Interest Income Expense": NaN,
        "Interest Expense Non Operating": NaN,
        "Operating Income": 94577000.0,
        "Operating Expense": 61222000.0,
        "Selling General And Administration": 61222000.0,
        "Selling And Marketing Expense": 33938000.0,
        "General And Administrative Expense": 27284000.0,
        "Other Gand A": 27284000.0,
        "Gross Profit": 155799000.0,
        "Cost Of Revenue": 391275000.0,
        "Total Revenue": 547074000.0,
        "Operating Revenue": 547074000.0
    },
    "2022-06-30": {
        "Tax Effect Of Unusual Items": 0.0,
        "Tax Rate For Calcs": 0.243,
        "Normalized EBITDA": 159388000.0,
        "Total Unusual Items": 0.0,
        "Total Unusual Items Excluding Goodwill": 0.0,
        "Net Income From Continuing Operation Net Minority Interest": 123376000.0,
        "Reconciled Depreciation": 382000.0,
        "Reconciled Cost Of Revenue": 491710000.0,
        "EBITDA": 159388000.0,
        "EBIT": 159006000.0,
        "Net Interest Income": NaN,
        "Interest Expense": NaN,
        "Normalized Income": 123376000.0,
        "Net Income From Continuing And Discontinued Operation": 123376000.0,
        "Total Expenses": 564063000.0,
        "Total Operating Income As Reported": 159006000.0,
        "Diluted Average Shares": 23745853.0,
        "Basic Average Shares": 23552883.0,
        "Diluted EPS": 5.2,
        "Basic EPS": 5.24,
        "Diluted NI Availto Com Stockholders": 123376000.0,
        "Net Income Common Stockholders": 123376000.0,
        "Net Income": 123376000.0,
        "Net Income Including Noncontrolling Interests": 123376000.0,
        "Net Income Continuous Operations": 123376000.0,
        "Tax Provision": 39636000.0,
        "Pretax Income": 163012000.0,
        "Other Income Expense": 4006000.0,
        "Other Non Operating Income Expenses": 4006000.0,
        "Special Income Charges": 0.0,
        "Net Non Operating Interest Income Expense": NaN,
        "Interest Expense Non Operating": NaN,
        "Operating Income": 159006000.0,
        "Operating Expense": 72353000.0,
        "Selling General And Administration": 72353000.0,
        "Selling And Marketing Expense": 43269000.0,
        "General And Administrative Expense": 29084000.0,
        "Other Gand A": 29084000.0,
        "Gross Profit": 231359000.0,
        "Cost Of Revenue": 491710000.0,
        "Total Revenue": 723069000.0,
        "Operating Revenue": 723069000.0
    },
    "2023-06-30": {
        "Tax Effect Of Unusual Items": 0.0,
        "Tax Rate For Calcs": 0.256,
        "Normalized EBITDA": 71914000.0,
        "Net Income From Continuing Operation Net Minority Interest": 53134000.0,
        "Reconciled Depreciation": 505000.0,
        "Reconciled Cost Of Revenue": 503333000.0,
        "EBITDA": 71914000.0,
        "EBIT": 71409000.0,
        "Net Interest Income": 0.0,
        "Interest Expense": 0.0,
        "Normalized Income": 53134000.0,
        "Net Income From Continuing And Discontinued Operation": 53134000.0,
        "Total Expenses": 580184000.0,
        "Total Operating Income As Reported": 65086000.0,
        "Diluted Average Shares": 23608892.0,
        "Basic Average Shares": 23533097.0,
        "Diluted EPS": 2.25,
        "Basic EPS": 2.26,
        "Diluted NI Availto Com Stockholders": 53134000.0,
        "Net Income Common Stockholders": 53134000.0,
        "Net Income": 53134000.0,
        "Net Income Including Noncontrolling Interests": 53134000.0,
        "Net Income Continuous Operations": 53134000.0,
        "Tax Provision": 18275000.0,
        "Pretax Income": 71409000.0,
        "Other Income Expense": 6323000.0,
        "Other Non Operating Income Expenses": 6323000.0,
        "Net Non Operating Interest Income Expense": 0.0,
        "Interest Expense Non Operating": 0.0,
        "Operating Income": 65086000.0,
        "Operating Expense": 76851000.0,
        "Selling General And Administration": 76851000.0,
        "Selling And Marketing Expense": 49225000.0,
        "General And Administrative Expense": 27626000.0,
        "Other Gand A": 27626000.0,
        "Gross Profit": 141937000.0,
        "Cost Of Revenue": 503333000.0,
        "Total Revenue": 645270000.0,
        "Operating Revenue": 645270000.0
    },
    "2022-03-31": {
        "Diluted EPS": 3.25,
        "Total Revenue": 546,
        "Gross Profit": 158,
        "Operating Income": 96,
        "EBIT": 96,
        "Net Income": 79
    },
    "2021-12-31": {
        "Diluted EPS": 4.54,
        "Total Revenue": 801,
        "Gross Profit": 212,
        "Operating Income": 141,
        "EBIT": 142,
        "Net Income": 111
    },
    "2021-09-30": {
        "Diluted EPS": 4.05,
        "Total Revenue": 752,
        "Gross Profit": 202,
        "Operating Income": 138,
        "EBIT": 138,
        "Net Income": 101
    },
    "2021-06-30": {
        "Diluted EPS": 4.71,
        "Total Revenue": 792,
        "Gross Profit": 214,
        "Operating Income": 146,
        "EBIT": 146,
        "Net Income": 118
    },
    "2021-03-31": {
        "Diluted EPS": 3.95,
        "Total Revenue": 706,
        "Gross Profit": 190,
        "Operating Income": 122,
        "EBIT": 123,
        "Net Income": 100
    },
    "2020-12-31": {
        "Diluted EPS": 5.36,
        "Total Revenue": 897,
        "Gross Profit": 243,
        "Operating Income": 166,
        "EBIT": 166,
        "Net Income": 136
    },
    "2020-09-30": {
        "Diluted EPS": 3.52,
        "Total Revenue": 534,
        "Gross Profit": 135,
        "Operating Income": 77,
        "EBIT": 78,
        "Net Income": 89
    },
    "2020-06-30": {
        "Diluted EPS": 2.21,
        "Total Revenue": 482,
        "Gross Profit": 118,
        "Operating Income": 68,
        "EBIT": 68,
        "Net Income": 56
    },
    "2020-03-31": {
        "Diluted EPS": 1.67,
        "Total Revenue": 455,
        "Gross Profit": 107,
        "Operating Income": 54,
        "EBIT": 54,
        "Net Income": 43
    },
    "2019-12-31": {
        "Diluted EPS": 2.54,
        "Total Revenue": 606,
        "Gross Profit": 142,
        "Operating Income": 84,
        "EBIT": 84,
        "Net Income": 65
    },
    "2019-09-30": {
        "Diluted EPS": 1.93,
        "Total Revenue": 483,
        "Gross Profit": 117,
        "Operating Income": 64,
        "EBIT": 64,
        "Net Income": 49
    },
    "2019-06-30": {
        "Diluted EPS": 1.82,
        "Total Revenue": 462,
        "Gross Profit": 111,
        "Operating Income": 58,
        "EBIT": 59,
        "Net Income": 46
    },
    "2019-03-31": {
        "Diluted EPS": 0.73,
        "Total Revenue": 288,
        "Gross Profit": 66,
        "Operating Income": 21,
        "EBIT": 21,
        "Net Income": 18
    },
    "2018-12-31": {
        "Diluted EPS": 1.72,
        "Total Revenue": 425,
        "Gross Profit": 104,
        "Operating Income": 55,
        "EBIT": 56,
        "Net Income": 43
    },
    "2018-09-30": {
        "Diluted EPS": 1.52,
        "Total Revenue": 380,
        "Gross Profit": 97,
        "Operating Income": 52,
        "EBIT": 52,
        "Net Income": 38
    },
    "2018-06-30": {
        "Diluted EPS": 1.9,
        "Total Revenue": 420,
        "Gross Profit": 110,
        "Operating Income": 62,
        "EBIT": 62,
        "Net Income": 48
    },
    "2018-03-31": {
        "Diluted EPS": 1.1,
        "Total Revenue": 279,
        "Gross Profit": 69,
        "Operating Income": 31,
        "EBIT": 31,
        "Net Income": 27
    },
    "2017-12-31": {
        "Diluted EPS": 1.42,
        "Total Revenue": 405,
        "Gross Profit": 99,
        "Operating Income": 55,
        "EBIT": 55,
        "Net Income": 36
    },
    "2017-09-30": {
        "Diluted EPS": 1.4,
        "Total Revenue": 366,
        "Gross Profit": 92,
        "Operating Income": 50,
        "EBIT": 51,
        "Net Income": 34
    },
    "2017-06-30": {
        "Diluted EPS": 1.39,
        "Total Revenue": 324,
        "Gross Profit": 86,
        "Operating Income": 48,
        "EBIT": 49,
        "Net Income": 32
    },
    "2017-03-31": {
        "Diluted EPS": 0.52,
        "Total Revenue": 163,
        "Gross Profit": 43,
        "Operating Income": 16,
        "EBIT": 16,
        "Net Income": 12
    },
    "2016-12-31": {
        "Diluted EPS": 1.02,
        "Total Revenue": 237,
        "Gross Profit": 64,
        "Operating Income": 34,
        "EBIT": 35,
        "Net Income": 23
    },
    "2016-09-30": {
        "Diluted EPS": 0.86,
        "Total Revenue": 216,
        "Gross Profit": 57,
        "Operating Income": 29,
        "EBIT": 29,
        "Net Income": 19
    },
    "2016-06-30": {
        "Diluted EPS": 0.96,
        "Total Revenue": 223,
        "Gross Profit": 59,
        "Operating Income": 31,
        "EBIT": 31,
        "Net Income": 21
    },
    "2016-03-31": {
        "Diluted EPS": 0.57,
        "Total Revenue": 162,
        "Gross Profit": 41,
        "Operating Income": 17,
        "EBIT": 18,
        "Net Income": 12
    },
    "2015-12-31": {
        "Diluted EPS": 0.69,
        "Total Revenue": 177,
        "Gross Profit": 47,
        "Operating Income": 24,
        "EBIT": 24,
        "Net Income": 16
    },
    "2015-09-30": {
        "Diluted EPS": 0.76,
        "Total Revenue": 174,
        "Gross Profit": 46,
        "Operating Income": 23,
        "EBIT": 23,
        "Net Income": 15
    },
    "2015-06-30": {
        "Diluted EPS": 0.66,
        "Total Revenue": 159,
        "Gross Profit": 43,
        "Operating Income": 21,
        "EBIT": 21,
        "Net Income": 14
    },
    "2015-03-31": {
        "Diluted EPS": 0.33,
        "Total Revenue": 121,
        "Gross Profit": 31,
        "Operating Income": 12,
        "EBIT": 12,
        "Net Income": 8
    },
    "2014-12-31": {
        "Diluted EPS": 0.34,
        "Total Revenue": 108,
        "Gross Profit": 30,
        "Operating Income": 12,
        "EBIT": 12,
        "Net Income": 8
    },
    "2014-09-30": {
        "Diluted EPS": 0.34,
        "Total Revenue": 93,
        "Gross Profit": 25,
        "Operating Income": 10,
        "EBIT": 10,
        "Net Income": 7
    },
    "2014-06-30": {
        "Diluted EPS": 0.43,
        "Total Revenue": 106,
        "Gross Profit": 28,
        "Operating Income": 14,
        "EBIT": 14,
        "Net Income": 9
    },
    "2014-03-31": {
        "Diluted EPS": 0.22,
        "Total Revenue": 76,
        "Gross Profit": 20,
        "Operating Income": 7,
        "EBIT": 7,
        "Net Income": 5
    },
    "2013-12-31": {
        "Diluted EPS": 0.09,
        "Total Revenue": 65,
        "Gross Profit": 13,
        "Operating Income": 4,
        "EBIT": 4,
        "Net Income": 9
    },
    "2013-09-30": {
        "Diluted EPS": 0.0,
        "Total Revenue": 38,
        "Gross Profit": 11,
        "Operating Income": 5,
        "EBIT": 5,
        "Net Income": 6
    },
    "2013-06-30": {
        "Diluted EPS": 0.25,
        "Total Revenue": 37,
        "Gross Profit": 11,
        "Operating Income": 5,
        "EBIT": 5,
        "Net Income": 5
    },
    "2013-03-31": {
        "Diluted EPS": 0.0,
        "Total Revenue": 22,
        "Gross Profit": 6,
        "Operating Income": 2,
        "EBIT": 2,
        "Net Income": 2
    },
    "2012-12-31": {
        "Diluted EPS": 0.0,
        "Total Revenue": NaN,
        "Gross Profit": NaN,
        "Operating Income": NaN,
        "EBIT": NaN,
        "Net Income": NaN
    },
    "2012-09-30": {
        "Diluted EPS": 0.0,
        "Total Revenue": 24,
        "Gross Profit": 7,
        "Operating Income": 4,
        "EBIT": 4,
        "Net Income": 4
    },
    "2011-12-31": {
        "Diluted EPS": 0.0,
        "Total Revenue": NaN,
        "Gross Profit": NaN,
        "Operating Income": NaN,
        "EBIT": NaN,
        "Net Income": NaN
    },
    "2023-09-30": {
        "Tax Effect Of Unusual Items": 0.0,
        "Tax Rate For Calcs": 0.251,
        "Normalized EBITDA": 83069000.0,
        "Net Income From Continuing Operation Net Minority Interest": 67042000.0,
        "Reconciled Depreciation": 793000.0,
        "Reconciled Cost Of Revenue": 458734000.0,
        "EBITDA": 83069000.0,
        "EBIT": 82276000.0,
        "Net Interest Income": NaN,
        "Interest Expense": NaN,
        "Normalized Income": 67042000.0,
        "Net Income From Continuing And Discontinued Operation": 67042000.0,
        "Total Expenses": 535263000.0,
        "Total Operating Income As Reported": 82276000.0,
        "Diluted Average Shares": 23640686.0,
        "Basic Average Shares": 23546061.0,
        "Diluted EPS": 2.84,
        "Basic EPS": 2.85,
        "Diluted NI Availto Com Stockholders": 67042000.0,
        "Net Income Common Stockholders": 67042000.0,
        "Net Income": 67042000.0,
        "Net Income Including Noncontrolling Interests": 67042000.0,
        "Net Income Continuous Operations": 67042000.0,
        "Tax Provision": 22407000.0,
        "Pretax Income": 89449000.0,
        "Other Income Expense": 7173000.0,
        "Other Non Operating Income Expenses": 7173000.0,
        "Net Non Operating Interest Income Expense": NaN,
        "Interest Expense Non Operating": NaN,
        "Operating Income": 82276000.0,
        "Operating Expense": 76529000.0,
        "Selling General And Administration": 76529000.0,
        "Selling And Marketing Expense": 49781000.0,
        "General And Administrative Expense": 26748000.0,
        "Other Gand A": 26748000.0,
        "Gross Profit": 158805000.0,
        "Cost Of Revenue": 458734000.0,
        "Total Revenue": 617539000.0,
        "Operating Revenue": 617539000.0
    },
    "2023-12-31": {
        "Tax Effect Of Unusual Items": 0.0,
        "Tax Rate For Calcs": 0.240109,
        "Normalized EBITDA": 60470000.0,
        "Net Income From Continuing Operation Net Minority Interest": 52089000.0,
        "Reconciled Depreciation": 628000.0,
        "Reconciled Cost Of Revenue": 465785000.0,
        "EBITDA": 60470000.0,
        "EBIT": 59842000.0,
        "Net Interest Income": NaN,
        "Interest Expense": NaN,
        "Normalized Income": 52089000.0,
        "Net Income From Continuing And Discontinued Operation": 52089000.0,
        "Total Expenses": 548572000.0,
        "Total Operating Income As Reported": 59842000.0,
        "Diluted Average Shares": NaN,
        "Basic Average Shares": NaN,
        "Diluted EPS": NaN,
        "Basic EPS": NaN,
        "Diluted NI Availto Com Stockholders": 52089000.0,
        "Net Income Common Stockholders": 52089000.0,
        "Net Income": 52089000.0,
        "Net Income Including Noncontrolling Interests": 52089000.0,
        "Net Income Continuous Operations": 52089000.0,
        "Tax Provision": 16459000.0,
        "Pretax Income": 68548000.0,
        "Other Income Expense": 8706000.0,
        "Other Non Operating Income Expenses": 8706000.0,
        "Net Non Operating Interest Income Expense": NaN,
        "Interest Expense Non Operating": NaN,
        "Operating Income": 59842000.0,
        "Operating Expense": 82787000.0,
        "Selling General And Administration": 82787000.0,
        "Selling And Marketing Expense": 49771000.0,
        "General And Administrative Expense": 33016000.0,
        "Other Gand A": 33016000.0,
        "Gross Profit": 142629000.0,
        "Cost Of Revenue": 465785000.0,
        "Total Revenue": 608414000.0,
        "Operating Revenue": 608414000.0
    }
}