{
    "2023-03-31": {
        "Tax Effect Of Unusual Items": 8499595.0,
        "Tax Rate For Calcs": 0.215,
        "Normalized EBITDA": 25742000.0,
        "Total Unusual Items": 39533000.0,
        "Total Unusual Items Excluding Goodwill": 39533000.0,
        "Net Income From Continuing Operation Net Minority Interest": 43614000.0,
        "Reconciled Depreciation": 9499000.0,
        "Reconciled Cost Of Revenue": 2757000.0,
        "EBITDA": 65275000.0,
        "EBIT": 55776000.0,
        "Net Interest Income": 1195000.0,
        "Interest Expense": 240000.0,
        "Interest Income": 1435000.0,
        "Normalized Income": 12580595.0,
        "Net Income From Continuing And Discontinued Operation": 41949000.0,
        "Total Expenses": 29774000.0,
        "Total Operating Income As Reported": 14205000.0,
        "Diluted Average Shares": 17974000.0,
        "Basic Average Shares": 17063000.0,
        "Diluted EPS": 2.33,
        "Basic EPS": 2.46,
        "Diluted NI Availto Com Stockholders": 41949000.0,
        "Net Income Common Stockholders": 41949000.0,
        "Net Income": 41949000.0,
        "Net Income Including Noncontrolling Interests": 41949000.0,
        "Net Income Discontinuous Operations": -1665000.0,
        "Net Income Continuous Operations": 43614000.0,
        "Tax Provision": 11922000.0,
        "Pretax Income": 55536000.0,
        "Other Income Expense": 40136000.0,
        "Other Non Operating Income Expenses": 603000.0,
        "Special Income Charges": NaN,
        "Gain On Sale Of Ppe": NaN,
        "Gain On Sale Of Security": 39533000.0,
        "Net Non Operating Interest Income Expense": 1195000.0,
        "Interest Expense Non Operating": 240000.0,
        "Interest Income Non Operating": 1435000.0,
        "Operating Income": 14205000.0,
        "Operating Expense": 26057000.0,
        "Depreciation Amortization Depletion Income Statement": 8539000.0,
        "Depreciation And Amortization In Income Statement": 8539000.0,
        "Amortization": 8539000.0,
        "Amortization Of Intangibles Income Statement": 8539000.0,
        "Research And Development": 6663000.0,
        "Selling General And Administration": 10855000.0,
        "General And Administrative Expense": 10855000.0,
        "Other Gand A": 10855000.0,
        "Gross Profit": 40262000.0,
        "Cost Of Revenue": 3717000.0,
        "Total Revenue": 43979000.0,
        "Operating Revenue": 43979000.0
    },
    "2022-12-31": {
        "Tax Effect Of Unusual Items": NaN,
        "Tax Rate For Calcs": NaN,
        "Normalized EBITDA": NaN,
        "Total Unusual Items": NaN,
        "Total Unusual Items Excluding Goodwill": NaN,
        "Net Income From Continuing Operation Net Minority Interest": NaN,
        "Reconciled Depreciation": NaN,
        "Reconciled Cost Of Revenue": NaN,
        "EBITDA": NaN,
        "EBIT": NaN,
        "Net Interest Income": NaN,
        "Interest Expense": NaN,
        "Interest Income": NaN,
        "Normalized Income": NaN,
        "Net Income From Continuing And Discontinued Operation": NaN,
        "Total Expenses": NaN,
        "Total Operating Income As Reported": NaN,
        "Diluted Average Shares": 16890000.0,
        "Basic Average Shares": 16890000.0,
        "Diluted EPS": -1.04,
        "Basic EPS": -1.04,
        "Diluted NI Availto Com Stockholders": NaN,
        "Net Income Common Stockholders": NaN,
        "Net Income": NaN,
        "Net Income Including Noncontrolling Interests": NaN,
        "Net Income Discontinuous Operations": NaN,
        "Net Income Continuous Operations": NaN,
        "Tax Provision": NaN,
        "Pretax Income": NaN,
        "Other Income Expense": NaN,
        "Other Non Operating Income Expenses": NaN,
        "Special Income Charges": NaN,
        "Gain On Sale Of Ppe": NaN,
        "Gain On Sale Of Security": NaN,
        "Net Non Operating Interest Income Expense": NaN,
        "Interest Expense Non Operating": NaN,
        "Interest Income Non Operating": NaN,
        "Operating Income": NaN,
        "Operating Expense": NaN,
        "Depreciation Amortization Depletion Income Statement": NaN,
        "Depreciation And Amortization In Income Statement": NaN,
        "Amortization": NaN,
        "Amortization Of Intangibles Income Statement": NaN,
        "Research And Development": NaN,
        "Selling General And Administration": NaN,
        "General And Administrative Expense": NaN,
        "Other Gand A": NaN,
        "Gross Profit": NaN,
        "Cost Of Revenue": NaN,
        "Total Revenue": NaN,
        "Operating Revenue": NaN
    },
    "2022-09-30": {
        "Tax Effect Of Unusual Items": NaN,
        "Tax Rate For Calcs": NaN,
        "Normalized EBITDA": NaN,
        "Total Unusual Items": NaN,
        "Total Unusual Items Excluding Goodwill": NaN,
        "Net Income From Continuing Operation Net Minority Interest": NaN,
        "Reconciled Depreciation": NaN,
        "Reconciled Cost Of Revenue": NaN,
        "EBITDA": NaN,
        "EBIT": NaN,
        "Net Interest Income": NaN,
        "Interest Expense": NaN,
        "Interest Income": NaN,
        "Normalized Income": NaN,
        "Net Income From Continuing And Discontinued Operation": NaN,
        "Total Expenses": NaN,
        "Total Operating Income As Reported": NaN,
        "Diluted Average Shares": NaN,
        "Basic Average Shares": NaN,
        "Diluted EPS": NaN,
        "Basic EPS": NaN,
        "Diluted NI Availto Com Stockholders": NaN,
        "Net Income Common Stockholders": NaN,
        "Net Income": NaN,
        "Net Income Including Noncontrolling Interests": NaN,
        "Net Income Discontinuous Operations": NaN,
        "Net Income Continuous Operations": NaN,
        "Tax Provision": NaN,
        "Pretax Income": NaN,
        "Other Income Expense": NaN,
        "Other Non Operating Income Expenses": NaN,
        "Special Income Charges": 0.0,
        "Gain On Sale Of Ppe": 0.0,
        "Gain On Sale Of Security": NaN,
        "Net Non Operating Interest Income Expense": NaN,
        "Interest Expense Non Operating": NaN,
        "Interest Income Non Operating": NaN,
        "Operating Income": NaN,
        "Operating Expense": NaN,
        "Depreciation Amortization Depletion Income Statement": NaN,
        "Depreciation And Amortization In Income Statement": NaN,
        "Amortization": NaN,
        "Amortization Of Intangibles Income Statement": NaN,
        "Research And Development": NaN,
        "Selling General And Administration": NaN,
        "General And Administrative Expense": NaN,
        "Other Gand A": NaN,
        "Gross Profit": NaN,
        "Cost Of Revenue": NaN,
        "Total Revenue": NaN,
        "Operating Revenue": NaN
    },
    "2022-06-30": {
        "Tax Effect Of Unusual Items": -763600.0,
        "Tax Rate For Calcs": 0.4,
        "Normalized EBITDA": 13264000.0,
        "Total Unusual Items": -1909000.0,
        "Total Unusual Items Excluding Goodwill": -1909000.0,
        "Net Income From Continuing Operation Net Minority Interest": -895000.0,
        "Reconciled Depreciation": 11824000.0,
        "Reconciled Cost Of Revenue": 12361000.0,
        "EBITDA": 11355000.0,
        "EBIT": -469000.0,
        "Net Interest Income": -140000.0,
        "Interest Expense": 438000.0,
        "Interest Income": 298000.0,
        "Normalized Income": 250400.0,
        "Net Income From Continuing And Discontinued Operation": -895000.0,
        "Total Expenses": 57888000.0,
        "Total Operating Income As Reported": -469000.0,
        "Diluted Average Shares": 17058000.0,
        "Basic Average Shares": 16868000.0,
        "Diluted EPS": -0.05,
        "Basic EPS": -0.05,
        "Diluted NI Availto Com Stockholders": -895000.0,
        "Net Income Common Stockholders": -895000.0,
        "Net Income": -895000.0,
        "Net Income Including Noncontrolling Interests": -895000.0,
        "Net Income Discontinuous Operations": NaN,
        "Net Income Continuous Operations": -895000.0,
        "Tax Provision": 259000.0,
        "Pretax Income": -636000.0,
        "Other Income Expense": -27000.0,
        "Other Non Operating Income Expenses": 1882000.0,
        "Gain On Sale Of Security": -1909000.0,
        "Net Non Operating Interest Income Expense": -140000.0,
        "Total Other Finance Cost": 140000.0,
        "Interest Expense Non Operating": 438000.0,
        "Interest Income Non Operating": 298000.0,
        "Operating Income": -469000.0,
        "Operating Expense": 45527000.0,
        "Depreciation Amortization Depletion Income Statement": 11824000.0,
        "Depreciation And Amortization In Income Statement": 11824000.0,
        "Amortization": 11824000.0,
        "Amortization Of Intangibles Income Statement": 11824000.0,
        "Research And Development": 19118000.0,
        "Selling General And Administration": 14585000.0,
        "General And Administrative Expense": 14585000.0,
        "Other Gand A": 14585000.0,
        "Gross Profit": 45058000.0,
        "Cost Of Revenue": 12361000.0,
        "Total Revenue": 57419000.0,
        "Operating Revenue": 57419000.0
    },
    "2022-03-31": {
        "Diluted EPS": -0.91,
        "Total Revenue": 37,
        "Gross Profit": 32,
        "Operating Income": 2,
        "EBIT": 16,
        "Net Income": -15
    },
    "2021-12-31": {
        "Diluted EPS": -0.33,
        "Total Revenue": 37,
        "Gross Profit": 25,
        "Operating Income": 38,
        "EBIT": 54,
        "Net Income": -5
    },
    "2021-09-30": {
        "Diluted EPS": 0.8,
        "Total Revenue": 65,
        "Gross Profit": 53,
        "Operating Income": 16,
        "EBIT": 32,
        "Net Income": 14
    },
    "2021-06-30": {
        "Diluted EPS": 1.79,
        "Total Revenue": 85,
        "Gross Profit": 54,
        "Operating Income": 46,
        "EBIT": 62,
        "Net Income": 31
    },
    "2021-03-31": {
        "Diluted EPS": 1.05,
        "Total Revenue": 55,
        "Gross Profit": 47,
        "Operating Income": 5,
        "EBIT": 23,
        "Net Income": 18
    },
    "2020-12-31": {
        "Diluted EPS": 0.38,
        "Total Revenue": 47,
        "Gross Profit": 35,
        "Operating Income": 23,
        "EBIT": 41,
        "Net Income": 6
    },
    "2020-09-30": {
        "Diluted EPS": -0.42,
        "Total Revenue": 42,
        "Gross Profit": 35,
        "Operating Income": 4,
        "EBIT": 14,
        "Net Income": -7
    },
    "2020-06-30": {
        "Diluted EPS": 1.32,
        "Total Revenue": 41,
        "Gross Profit": 34,
        "Operating Income": 7,
        "EBIT": 17,
        "Net Income": 22
    },
    "2020-03-31": {
        "Diluted EPS": -1.46,
        "Total Revenue": 33,
        "Gross Profit": 28,
        "Operating Income": 4,
        "EBIT": 18,
        "Net Income": -24
    },
    "2019-12-31": {
        "Diluted EPS": 2.08,
        "Total Revenue": 27,
        "Gross Profit": 25,
        "Operating Income": -10,
        "EBIT": 16,
        "Net Income": -7
    },
    "2019-09-30": {
        "Diluted EPS": -0.81,
        "Total Revenue": 25,
        "Gross Profit": 22,
        "Operating Income": -5,
        "EBIT": 9,
        "Net Income": -15
    },
    "2019-06-30": {
        "Diluted EPS": -0.74,
        "Total Revenue": 25,
        "Gross Profit": 23,
        "Operating Income": -4,
        "EBIT": 6,
        "Net Income": -14
    },
    "2019-03-31": {
        "Diluted EPS": 31.32,
        "Total Revenue": 43,
        "Gross Profit": 40,
        "Operating Income": 827,
        "EBIT": 838,
        "Net Income": 666
    },
    "2018-12-31": {
        "Diluted EPS": -1.66,
        "Total Revenue": 60,
        "Gross Profit": 57,
        "Operating Income": 33,
        "EBIT": 54,
        "Net Income": -42
    },
    "2018-09-30": {
        "Diluted EPS": 2.8,
        "Total Revenue": 46,
        "Gross Profit": 44,
        "Operating Income": 23,
        "EBIT": 36,
        "Net Income": 67
    },
    "2018-06-30": {
        "Diluted EPS": 2.99,
        "Total Revenue": 90,
        "Gross Profit": 89,
        "Operating Income": 70,
        "EBIT": 84,
        "Net Income": 73
    },
    "2018-03-31": {
        "Diluted EPS": 1.83,
        "Total Revenue": 56,
        "Gross Profit": 55,
        "Operating Income": 37,
        "EBIT": 43,
        "Net Income": 45
    },
    "2017-12-31": {
        "Diluted EPS": -0.31,
        "Total Revenue": 50,
        "Gross Profit": 49,
        "Operating Income": 28,
        "EBIT": 35,
        "Net Income": -7
    },
    "2017-09-30": {
        "Diluted EPS": 0.36,
        "Total Revenue": 33,
        "Gross Profit": 31,
        "Operating Income": 16,
        "EBIT": 21,
        "Net Income": 8
    },
    "2017-06-30": {
        "Diluted EPS": 0.26,
        "Total Revenue": 28,
        "Gross Profit": 27,
        "Operating Income": 13,
        "EBIT": 18,
        "Net Income": 6
    },
    "2017-03-31": {
        "Diluted EPS": 0.22,
        "Total Revenue": 29,
        "Gross Profit": 29,
        "Operating Income": 10,
        "EBIT": 16,
        "Net Income": 5
    },
    "2016-12-31": {
        "Diluted EPS": -0.13,
        "Total Revenue": 38,
        "Gross Profit": 35,
        "Operating Income": 19,
        "EBIT": 25,
        "Net Income": -3
    },
    "2016-09-30": {
        "Diluted EPS": 0.05,
        "Total Revenue": 22,
        "Gross Profit": 21,
        "Operating Income": 5,
        "EBIT": 11,
        "Net Income": 1
    },
    "2016-06-30": {
        "Diluted EPS": -0.3,
        "Total Revenue": 20,
        "Gross Profit": 19,
        "Operating Income": 4,
        "EBIT": 10,
        "Net Income": -6
    },
    "2016-03-31": {
        "Diluted EPS": 0.3,
        "Total Revenue": 30,
        "Gross Profit": 29,
        "Operating Income": 15,
        "EBIT": 21,
        "Net Income": 7
    },
    "2015-12-31": {
        "Diluted EPS": 0.4,
        "Total Revenue": 21,
        "Gross Profit": 20,
        "Operating Income": 11,
        "EBIT": 14,
        "Net Income": 6
    },
    "2015-09-30": {
        "Diluted EPS": 9.28,
        "Total Revenue": 18,
        "Gross Profit": 16,
        "Operating Income": 9,
        "EBIT": 12,
        "Net Income": 199
    },
    "2015-06-30": {
        "Diluted EPS": 1.11,
        "Total Revenue": 18,
        "Gross Profit": 16,
        "Operating Income": 4,
        "EBIT": 8,
        "Net Income": 24
    },
    "2015-03-31": {
        "Diluted EPS": 0.04,
        "Total Revenue": 15,
        "Gross Profit": 14,
        "Operating Income": 3,
        "EBIT": 7,
        "Net Income": 1
    },
    "2014-12-31": {
        "Diluted EPS": 0.33,
        "Total Revenue": 23,
        "Gross Profit": 19,
        "Operating Income": 10,
        "EBIT": 13,
        "Net Income": 7
    },
    "2014-09-30": {
        "Diluted EPS": 0.06,
        "Total Revenue": 15,
        "Gross Profit": 13,
        "Operating Income": 4,
        "EBIT": 5,
        "Net Income": 1
    },
    "2014-06-30": {
        "Diluted EPS": 0.07,
        "Total Revenue": 11,
        "Gross Profit": 9,
        "Operating Income": 1,
        "EBIT": 2,
        "Net Income": 2
    },
    "2014-03-31": {
        "Diluted EPS": 0.1,
        "Total Revenue": 16,
        "Gross Profit": 14,
        "Operating Income": 5,
        "EBIT": 6,
        "Net Income": 2
    },
    "2013-12-31": {
        "Diluted EPS": 0.09,
        "Total Revenue": 15,
        "Gross Profit": 13,
        "Operating Income": 6,
        "EBIT": 7,
        "Net Income": 2
    },
    "2013-09-30": {
        "Diluted EPS": 0.09,
        "Total Revenue": 13,
        "Gross Profit": 10,
        "Operating Income": 3,
        "EBIT": 4,
        "Net Income": 2
    },
    "2013-06-30": {
        "Diluted EPS": 0.3,
        "Total Revenue": 10,
        "Gross Profit": 8,
        "Operating Income": 2,
        "EBIT": 2,
        "Net Income": 6
    },
    "2013-03-31": {
        "Diluted EPS": 0.07,
        "Total Revenue": 12,
        "Gross Profit": 11,
        "Operating Income": 4,
        "EBIT": 5,
        "Net Income": 1
    },
    "2012-12-31": {
        "Diluted EPS": 0.05,
        "Total Revenue": 14,
        "Gross Profit": 11,
        "Operating Income": 4,
        "EBIT": 5,
        "Net Income": 1
    },
    "2012-09-30": {
        "Diluted EPS": -0.01,
        "Total Revenue": 6,
        "Gross Profit": 6,
        "Operating Income": -1,
        "EBIT": -1,
        "Net Income": 0
    },
    "2012-06-30": {
        "Diluted EPS": -0.13,
        "Total Revenue": 6,
        "Gross Profit": 5,
        "Operating Income": -2,
        "EBIT": -1,
        "Net Income": -3
    },
    "2012-03-31": {
        "Diluted EPS": 0.06,
        "Total Revenue": 6,
        "Gross Profit": 5,
        "Operating Income": -1,
        "EBIT": 0,
        "Net Income": 1
    },
    "2011-12-31": {
        "Diluted EPS": 0.23,
        "Total Revenue": 13,
        "Gross Profit": 11,
        "Operating Income": 5,
        "EBIT": 5,
        "Net Income": 5
    },
    "2011-09-30": {
        "Diluted EPS": -0.21,
        "Total Revenue": 6,
        "Gross Profit": 5,
        "Operating Income": -3,
        "EBIT": -3,
        "Net Income": -4
    },
    "2011-06-30": {
        "Diluted EPS": -0.02,
        "Total Revenue": 7,
        "Gross Profit": 6,
        "Operating Income": -1,
        "EBIT": 0,
        "Net Income": 0
    },
    "2011-03-31": {
        "Diluted EPS": 0.49,
        "Total Revenue": 4,
        "Gross Profit": 3,
        "Operating Income": -1,
        "EBIT": -1,
        "Net Income": 10
    },
    "2010-12-31": {
        "Diluted EPS": 0.22,
        "Total Revenue": 4,
        "Gross Profit": 4,
        "Operating Income": -6,
        "EBIT": -6,
        "Net Income": 5
    },
    "2010-09-30": {
        "Diluted EPS": -0.6,
        "Total Revenue": 8,
        "Gross Profit": 8,
        "Operating Income": -16,
        "EBIT": -15,
        "Net Income": -12
    },
    "2010-06-30": {
        "Diluted EPS": -0.01,
        "Total Revenue": 6,
        "Gross Profit": 6,
        "Operating Income": -4,
        "EBIT": -3,
        "Net Income": 0
    },
    "2010-03-31": {
        "Diluted EPS": -0.14,
        "Total Revenue": 6,
        "Gross Profit": 6,
        "Operating Income": -4,
        "EBIT": -4,
        "Net Income": -3
    },
    "2009-12-31": {
        "Diluted EPS": -0.34,
        "Total Revenue": 14,
        "Gross Profit": 14,
        "Operating Income": 1,
        "EBIT": 3,
        "Net Income": 3
    },
    "2009-09-30": {
        "Diluted EPS": 0.6,
        "Total Revenue": 8,
        "Gross Profit": 8,
        "Operating Income": 1,
        "EBIT": -19,
        "Net Income": 2
    },
    "2009-06-30": {
        "Diluted EPS": -0.06,
        "Total Revenue": 8,
        "Gross Profit": 8,
        "Operating Income": -5,
        "EBIT": -4,
        "Net Income": -2
    },
    "2009-03-31": {
        "Diluted EPS": -0.3,
        "Total Revenue": 9,
        "Gross Profit": 9,
        "Operating Income": -7,
        "EBIT": -7,
        "Net Income": -5
    },
    "2023-06-30": {
        "Tax Effect Of Unusual Items": NaN,
        "Tax Rate For Calcs": NaN,
        "Normalized EBITDA": NaN,
        "Total Unusual Items": NaN,
        "Total Unusual Items Excluding Goodwill": NaN,
        "Net Income From Continuing Operation Net Minority Interest": NaN,
        "Reconciled Depreciation": NaN,
        "Reconciled Cost Of Revenue": NaN,
        "EBITDA": NaN,
        "EBIT": NaN,
        "Net Interest Income": NaN,
        "Interest Expense": NaN,
        "Interest Income": NaN,
        "Normalized Income": NaN,
        "Net Income From Continuing And Discontinued Operation": NaN,
        "Total Expenses": NaN,
        "Total Operating Income As Reported": NaN,
        "Diluted Average Shares": NaN,
        "Basic Average Shares": NaN,
        "Diluted EPS": NaN,
        "Basic EPS": NaN,
        "Diluted NI Availto Com Stockholders": NaN,
        "Net Income Common Stockholders": NaN,
        "Net Income": NaN,
        "Net Income Including Noncontrolling Interests": NaN,
        "Net Income Discontinuous Operations": NaN,
        "Net Income Continuous Operations": NaN,
        "Tax Provision": NaN,
        "Pretax Income": NaN,
        "Other Income Expense": NaN,
        "Other Non Operating Income Expenses": NaN,
        "Special Income Charges": 0.0,
        "Gain On Sale Of Ppe": NaN,
        "Gain On Sale Of Business": NaN,
        "Impairment Of Capital Assets": 0.0,
        "Gain On Sale Of Security": NaN,
        "Net Non Operating Interest Income Expense": NaN,
        "Interest Expense Non Operating": NaN,
        "Interest Income Non Operating": NaN,
        "Operating Income": NaN,
        "Operating Expense": NaN,
        "Depreciation Amortization Depletion Income Statement": NaN,
        "Depreciation And Amortization In Income Statement": NaN,
        "Amortization": NaN,
        "Amortization Of Intangibles Income Statement": NaN,
        "Research And Development": NaN,
        "Selling General And Administration": NaN,
        "General And Administrative Expense": NaN,
        "Other Gand A": NaN,
        "Gross Profit": NaN,
        "Cost Of Revenue": NaN,
        "Total Revenue": NaN,
        "Operating Revenue": NaN
    },
    "2023-09-30": {
        "Tax Effect Of Unusual Items": -1703702.0,
        "Tax Rate For Calcs": 0.154,
        "Normalized EBITDA": 7531000.0,
        "Total Unusual Items": -11063000.0,
        "Total Unusual Items Excluding Goodwill": -11063000.0,
        "Net Income From Continuing Operation Net Minority Interest": -10273000.0,
        "Reconciled Depreciation": 8611000.0,
        "Reconciled Cost Of Revenue": 3112000.0,
        "EBITDA": -3532000.0,
        "EBIT": -12143000.0,
        "Net Interest Income": 2262000.0,
        "Interest Expense": 1000.0,
        "Interest Income": 2263000.0,
        "Normalized Income": -913702.0,
        "Net Income From Continuing And Discontinued Operation": -10273000.0,
        "Total Expenses": 31911000.0,
        "Total Operating Income As Reported": 3078000.0,
        "Diluted Average Shares": 17380000.0,
        "Basic Average Shares": 17380000.0,
        "Diluted EPS": -0.74,
        "Basic EPS": -0.74,
        "Diluted NI Availto Com Stockholders": -10273000.0,
        "Net Income Common Stockholders": -10273000.0,
        "Net Income": -10273000.0,
        "Net Income Including Noncontrolling Interests": -10273000.0,
        "Net Income Discontinuous Operations": 0.0,
        "Net Income Continuous Operations": -10273000.0,
        "Tax Provision": -1871000.0,
        "Pretax Income": -12144000.0,
        "Other Income Expense": -15363000.0,
        "Other Non Operating Income Expenses": -4300000.0,
        "Special Income Charges": 2121000.0,
        "Gain On Sale Of Ppe": 2121000.0,
        "Gain On Sale Of Business": 2121000.0,
        "Impairment Of Capital Assets": 0.0,
        "Gain On Sale Of Security": -13184000.0,
        "Net Non Operating Interest Income Expense": 2262000.0,
        "Interest Expense Non Operating": 1000.0,
        "Interest Income Non Operating": 2263000.0,
        "Operating Income": 957000.0,
        "Operating Expense": 28426000.0,
        "Depreciation Amortization Depletion Income Statement": 8238000.0,
        "Depreciation And Amortization In Income Statement": 8238000.0,
        "Amortization": 8238000.0,
        "Amortization Of Intangibles Income Statement": 8238000.0,
        "Research And Development": 5532000.0,
        "Selling General And Administration": 14656000.0,
        "General And Administrative Expense": 14656000.0,
        "Other Gand A": 14656000.0,
        "Gross Profit": 29383000.0,
        "Cost Of Revenue": 3485000.0,
        "Total Revenue": 32868000.0,
        "Operating Revenue": 32868000.0
    },
    "2023-12-31": {
        "Tax Effect Of Unusual Items": 3417750.0,
        "Tax Rate For Calcs": 0.21,
        "Normalized EBITDA": 9874000.0,
        "Total Unusual Items": 16275000.0,
        "Total Unusual Items Excluding Goodwill": 16275000.0,
        "Net Income From Continuing Operation Net Minority Interest": 18188000.0,
        "Reconciled Depreciation": 8921000.0,
        "Reconciled Cost Of Revenue": 1058000.0,
        "EBITDA": 26149000.0,
        "EBIT": 17228000.0,
        "Net Interest Income": 1562000.0,
        "Interest Expense": 131000.0,
        "Interest Income": 1693000.0,
        "Normalized Income": 5330750.0,
        "Net Income From Continuing And Discontinued Operation": 18188000.0,
        "Total Expenses": 31459000.0,
        "Total Operating Income As Reported": -3358000.0,
        "Diluted Average Shares": 17676000.0,
        "Basic Average Shares": 17466000.0,
        "Diluted EPS": 1.03,
        "Basic EPS": 1.04,
        "Diluted NI Availto Com Stockholders": 18188000.0,
        "Net Income Common Stockholders": 18188000.0,
        "Net Income": 18188000.0,
        "Net Income Including Noncontrolling Interests": 18188000.0,
        "Net Income Discontinuous Operations": 0.0,
        "Net Income Continuous Operations": 18188000.0,
        "Tax Provision": -1091000.0,
        "Pretax Income": 17097000.0,
        "Other Income Expense": 18893000.0,
        "Other Non Operating Income Expenses": 2618000.0,
        "Special Income Charges": 0.0,
        "Gain On Sale Of Ppe": 0.0,
        "Gain On Sale Of Business": NaN,
        "Impairment Of Capital Assets": NaN,
        "Gain On Sale Of Security": 16275000.0,
        "Net Non Operating Interest Income Expense": 1562000.0,
        "Interest Expense Non Operating": 131000.0,
        "Interest Income Non Operating": 1693000.0,
        "Operating Income": -3358000.0,
        "Operating Expense": 29818000.0,
        "Depreciation Amortization Depletion Income Statement": 8338000.0,
        "Depreciation And Amortization In Income Statement": 8338000.0,
        "Amortization": 8338000.0,
        "Amortization Of Intangibles Income Statement": 8338000.0,
        "Research And Development": 5488000.0,
        "Selling General And Administration": 15992000.0,
        "General And Administrative Expense": 15992000.0,
        "Other Gand A": 15992000.0,
        "Gross Profit": 26460000.0,
        "Cost Of Revenue": 1641000.0,
        "Total Revenue": 28101000.0,
        "Operating Revenue": 28101000.0
    },
    "2024-03-31": {
        "Tax Effect Of Unusual Items": 26743288.0,
        "Tax Rate For Calcs": 0.241,
        "Normalized EBITDA": 11385000.0,
        "Total Unusual Items": 110968000.0,
        "Total Unusual Items Excluding Goodwill": 110968000.0,
        "Net Income From Continuing Operation Net Minority Interest": 86139000.0,
        "Reconciled Depreciation": 8765000.0,
        "Reconciled Cost Of Revenue": 2303000.0,
        "EBITDA": 122353000.0,
        "EBIT": 113588000.0,
        "Net Interest Income": 1879000.0,
        "Interest Expense": 141000.0,
        "Interest Income": 2020000.0,
        "Normalized Income": 1914288.0,
        "Net Income From Continuing And Discontinued Operation": 86139000.0,
        "Total Expenses": 27990000.0,
        "Total Operating Income As Reported": 2988000.0,
        "Diluted Average Shares": 18122000.0,
        "Basic Average Shares": 17732000.0,
        "Diluted EPS": 4.75,
        "Basic EPS": 4.86,
        "Diluted NI Availto Com Stockholders": 86139000.0,
        "Net Income Common Stockholders": 86139000.0,
        "Net Income": 86139000.0,
        "Net Income Including Noncontrolling Interests": 86139000.0,
        "Net Income Discontinuous Operations": 0.0,
        "Net Income Continuous Operations": 86139000.0,
        "Tax Provision": 27308000.0,
        "Pretax Income": 113447000.0,
        "Other Income Expense": 108580000.0,
        "Other Non Operating Income Expenses": -2388000.0,
        "Special Income Charges": NaN,
        "Gain On Sale Of Ppe": NaN,
        "Gain On Sale Of Business": NaN,
        "Impairment Of Capital Assets": NaN,
        "Gain On Sale Of Security": 110968000.0,
        "Net Non Operating Interest Income Expense": 1879000.0,
        "Interest Expense Non Operating": 141000.0,
        "Interest Income Non Operating": 2020000.0,
        "Operating Income": 2988000.0,
        "Operating Expense": 25108000.0,
        "Depreciation Amortization Depletion Income Statement": 8186000.0,
        "Depreciation And Amortization In Income Statement": 8186000.0,
        "Amortization": 8186000.0,
        "Amortization Of Intangibles Income Statement": 8186000.0,
        "Research And Development": 5971000.0,
        "Selling General And Administration": 10951000.0,
        "General And Administrative Expense": 10951000.0,
        "Other Gand A": 10951000.0,
        "Gross Profit": 28096000.0,
        "Cost Of Revenue": 2882000.0,
        "Total Revenue": 30978000.0,
        "Operating Revenue": 30978000.0
    },
    "2024-06-30": {
        "Tax Effect Of Unusual Items": -8393882.0,
        "Tax Rate For Calcs": 0.206,
        "Normalized EBITDA": -14522000.0,
        "Total Unusual Items": -40747000.0,
        "Total Unusual Items Excluding Goodwill": -40747000.0,
        "Net Income From Continuing Operation Net Minority Interest": -51911000.0,
        "Reconciled Depreciation": 8853000.0,
        "Reconciled Cost Of Revenue": 2310000.0,
        "EBITDA": -55269000.0,
        "EBIT": -64122000.0,
        "Net Interest Income": 1489000.0,
        "Interest Expense": 1268000.0,
        "Interest Income": 2757000.0,
        "Normalized Income": -19557882.0,
        "Net Income From Continuing And Discontinued Operation": -51911000.0,
        "Total Expenses": 34140000.0,
        "Total Operating Income As Reported": -19100000.0,
        "Diluted Average Shares": 18028000.0,
        "Basic Average Shares": 18028000.0,
        "Diluted EPS": -2.88,
        "Basic EPS": -2.88,
        "Diluted NI Availto Com Stockholders": -51911000.0,
        "Net Income Common Stockholders": -51911000.0,
        "Net Income": -51911000.0,
        "Net Income Including Noncontrolling Interests": -51911000.0,
        "Net Income Discontinuous Operations": 0.0,
        "Net Income Continuous Operations": -51911000.0,
        "Tax Provision": -13479000.0,
        "Pretax Income": -65390000.0,
        "Other Income Expense": -74270000.0,
        "Other Non Operating Income Expenses": -33523000.0,
        "Special Income Charges": -26491000.0,
        "Gain On Sale Of Ppe": NaN,
        "Gain On Sale Of Business": NaN,
        "Impairment Of Capital Assets": 26491000.0,
        "Gain On Sale Of Security": -14256000.0,
        "Net Non Operating Interest Income Expense": 1489000.0,
        "Interest Expense Non Operating": 1268000.0,
        "Interest Income Non Operating": 2757000.0,
        "Operating Income": 7391000.0,
        "Operating Expense": 31234000.0,
        "Depreciation Amortization Depletion Income Statement": 8257000.0,
        "Depreciation And Amortization In Income Statement": 8257000.0,
        "Amortization": 8257000.0,
        "Amortization Of Intangibles Income Statement": 8257000.0,
        "Research And Development": 5354000.0,
        "Selling General And Administration": 17623000.0,
        "General And Administrative Expense": 17623000.0,
        "Other Gand A": 17623000.0,
        "Gross Profit": 38625000.0,
        "Cost Of Revenue": 2906000.0,
        "Total Revenue": 41531000.0,
        "Operating Revenue": 41531000.0
    },
    "2024-09-30": {
        "Tax Effect Of Unusual Items": -1135050.0,
        "Tax Rate For Calcs": 0.21,
        "Normalized EBITDA": 8801000.0,
        "Total Unusual Items": -5405000.0,
        "Total Unusual Items Excluding Goodwill": -5405000.0,
        "Net Income From Continuing Operation Net Minority Interest": -7172000.0,
        "Reconciled Depreciation": 8994000.0,
        "Reconciled Cost Of Revenue": 1713000.0,
        "EBITDA": 3396000.0,
        "EBIT": -5598000.0,
        "Net Interest Income": 606000.0,
        "Interest Expense": 741000.0,
        "Interest Income": 1347000.0,
        "Normalized Income": -2902050.0,
        "Net Income From Continuing And Discontinued Operation": -7172000.0,
        "Total Expenses": 40857000.0,
        "Total Operating Income As Reported": 3143000.0,
        "Diluted Average Shares": 18419000.0,
        "Basic Average Shares": 18419000.0,
        "Diluted EPS": -0.39,
        "Basic EPS": -0.39,
        "Diluted NI Availto Com Stockholders": -7172000.0,
        "Net Income Common Stockholders": -7172000.0,
        "Net Income": -7172000.0,
        "Net Income Including Noncontrolling Interests": -7172000.0,
        "Net Income Discontinuous Operations": 0.0,
        "Net Income Continuous Operations": -7172000.0,
        "Tax Provision": 833000.0,
        "Pretax Income": -6339000.0,
        "Other Income Expense": -17900000.0,
        "Other Non Operating Income Expenses": -12495000.0,
        "Special Income Charges": 0.0,
        "Gain On Sale Of Ppe": NaN,
        "Gain On Sale Of Business": 0.0,
        "Impairment Of Capital Assets": 0.0,
        "Gain On Sale Of Security": -5405000.0,
        "Net Non Operating Interest Income Expense": 606000.0,
        "Interest Expense Non Operating": 741000.0,
        "Interest Income Non Operating": 1347000.0,
        "Operating Income": 10955000.0,
        "Operating Expense": 38408000.0,
        "Depreciation Amortization Depletion Income Statement": 8258000.0,
        "Depreciation And Amortization In Income Statement": 8258000.0,
        "Amortization": 8258000.0,
        "Amortization Of Intangibles Income Statement": 8258000.0,
        "Research And Development": 5675000.0,
        "Selling General And Administration": 24475000.0,
        "General And Administrative Expense": 24475000.0,
        "Other Gand A": 24475000.0,
        "Gross Profit": 49363000.0,
        "Cost Of Revenue": 2449000.0,
        "Total Revenue": 51812000.0,
        "Operating Revenue": 51812000.0
    }
}