{
    "2023-03-31": {
        "Tax Effect Of Unusual Items": -940800.0,
        "Tax Rate For Calcs": 0.4,
        "Normalized EBITDA": 12537000.0,
        "Total Unusual Items": -2352000.0,
        "Total Unusual Items Excluding Goodwill": -2352000.0,
        "Net Income From Continuing Operation Net Minority Interest": -1238000.0,
        "Reconciled Depreciation": 8044000.0,
        "Reconciled Cost Of Revenue": 45931000.0,
        "EBITDA": 10185000.0,
        "EBIT": 2141000.0,
        "Net Interest Income": -714000.0,
        "Interest Expense": 1426000.0,
        "Interest Income": 712000.0,
        "Normalized Income": 173200.0,
        "Net Income From Continuing And Discontinued Operation": -1238000.0,
        "Total Expenses": 53640000.0,
        "Diluted Average Shares": 64006000.0,
        "Basic Average Shares": 64006000.0,
        "Diluted EPS": -0.02,
        "Basic EPS": -0.02,
        "Diluted NI Availto Com Stockholders": -1238000.0,
        "Net Income Common Stockholders": -1238000.0,
        "Net Income": -1238000.0,
        "Minority Interests": -31000.0,
        "Net Income Including Noncontrolling Interests": -1207000.0,
        "Net Income Continuous Operations": -1207000.0,
        "Tax Provision": 1922000.0,
        "Pretax Income": 715000.0,
        "Other Income Expense": -2352000.0,
        "Special Income Charges": -2769000.0,
        "Other Special Charges": 2769000.0,
        "Write Off": NaN,
        "Impairment Of Capital Assets": 0.0,
        "Gain On Sale Of Security": 417000.0,
        "Net Non Operating Interest Income Expense": -714000.0,
        "Total Other Finance Cost": NaN,
        "Interest Expense Non Operating": 1426000.0,
        "Interest Income Non Operating": 712000.0,
        "Operating Income": 3781000.0,
        "Operating Expense": 7709000.0,
        "Other Operating Expenses": 239000.0,
        "Provision For Doubtful Accounts": NaN,
        "Selling General And Administration": 7470000.0,
        "General And Administrative Expense": 7470000.0,
        "Other Gand A": 8812000.0,
        "Salaries And Wages": -1342000.0,
        "Gross Profit": 11490000.0,
        "Cost Of Revenue": 45931000.0,
        "Total Revenue": 57421000.0,
        "Operating Revenue": 57421000.0
    },
    "2022-12-31": {
        "Tax Effect Of Unusual Items": NaN,
        "Tax Rate For Calcs": NaN,
        "Normalized EBITDA": NaN,
        "Total Unusual Items": NaN,
        "Total Unusual Items Excluding Goodwill": NaN,
        "Net Income From Continuing Operation Net Minority Interest": NaN,
        "Reconciled Depreciation": NaN,
        "Reconciled Cost Of Revenue": NaN,
        "EBITDA": NaN,
        "EBIT": NaN,
        "Net Interest Income": NaN,
        "Interest Expense": NaN,
        "Interest Income": NaN,
        "Normalized Income": NaN,
        "Net Income From Continuing And Discontinued Operation": NaN,
        "Total Expenses": NaN,
        "Diluted Average Shares": NaN,
        "Basic Average Shares": NaN,
        "Diluted EPS": NaN,
        "Basic EPS": NaN,
        "Diluted NI Availto Com Stockholders": NaN,
        "Net Income Common Stockholders": NaN,
        "Net Income": NaN,
        "Minority Interests": NaN,
        "Net Income Including Noncontrolling Interests": NaN,
        "Net Income Continuous Operations": NaN,
        "Tax Provision": NaN,
        "Pretax Income": NaN,
        "Other Income Expense": NaN,
        "Special Income Charges": NaN,
        "Other Special Charges": NaN,
        "Write Off": NaN,
        "Impairment Of Capital Assets": NaN,
        "Gain On Sale Of Security": NaN,
        "Net Non Operating Interest Income Expense": NaN,
        "Total Other Finance Cost": 40000.0,
        "Interest Expense Non Operating": NaN,
        "Interest Income Non Operating": NaN,
        "Operating Income": NaN,
        "Operating Expense": NaN,
        "Other Operating Expenses": NaN,
        "Provision For Doubtful Accounts": -58000.0,
        "Selling General And Administration": NaN,
        "General And Administrative Expense": NaN,
        "Other Gand A": NaN,
        "Salaries And Wages": NaN,
        "Gross Profit": NaN,
        "Cost Of Revenue": NaN,
        "Total Revenue": NaN,
        "Operating Revenue": NaN
    },
    "2022-09-30": {
        "Tax Effect Of Unusual Items": NaN,
        "Tax Rate For Calcs": NaN,
        "Normalized EBITDA": NaN,
        "Total Unusual Items": NaN,
        "Total Unusual Items Excluding Goodwill": NaN,
        "Net Income From Continuing Operation Net Minority Interest": NaN,
        "Reconciled Depreciation": NaN,
        "Reconciled Cost Of Revenue": NaN,
        "EBITDA": NaN,
        "EBIT": NaN,
        "Net Interest Income": NaN,
        "Interest Expense": NaN,
        "Interest Income": NaN,
        "Normalized Income": NaN,
        "Net Income From Continuing And Discontinued Operation": NaN,
        "Total Expenses": NaN,
        "Diluted Average Shares": 64217000.0,
        "Basic Average Shares": 64217000.0,
        "Diluted EPS": -0.04,
        "Basic EPS": -0.04,
        "Diluted NI Availto Com Stockholders": NaN,
        "Net Income Common Stockholders": NaN,
        "Net Income": NaN,
        "Minority Interests": NaN,
        "Net Income Including Noncontrolling Interests": NaN,
        "Net Income Continuous Operations": NaN,
        "Tax Provision": NaN,
        "Pretax Income": NaN,
        "Other Income Expense": NaN,
        "Special Income Charges": NaN,
        "Other Special Charges": NaN,
        "Write Off": NaN,
        "Impairment Of Capital Assets": NaN,
        "Gain On Sale Of Security": NaN,
        "Net Non Operating Interest Income Expense": NaN,
        "Total Other Finance Cost": 59000.0,
        "Interest Expense Non Operating": NaN,
        "Interest Income Non Operating": NaN,
        "Operating Income": NaN,
        "Operating Expense": NaN,
        "Other Operating Expenses": NaN,
        "Provision For Doubtful Accounts": 0.0,
        "Selling General And Administration": NaN,
        "General And Administrative Expense": NaN,
        "Other Gand A": NaN,
        "Salaries And Wages": NaN,
        "Gross Profit": NaN,
        "Cost Of Revenue": NaN,
        "Total Revenue": NaN,
        "Operating Revenue": NaN
    },
    "2022-06-30": {
        "Tax Effect Of Unusual Items": 111650.319068,
        "Tax Rate For Calcs": 0.198313,
        "Normalized EBITDA": 28090000.0,
        "Total Unusual Items": 563000.0,
        "Total Unusual Items Excluding Goodwill": 563000.0,
        "Net Income From Continuing Operation Net Minority Interest": 18140000.0,
        "Reconciled Depreciation": 5972000.0,
        "Reconciled Cost Of Revenue": 50704000.0,
        "EBITDA": 28653000.0,
        "EBIT": 22681000.0,
        "Net Interest Income": -101000.0,
        "Interest Expense": 272000.0,
        "Interest Income": 213000.0,
        "Normalized Income": 17688650.319068,
        "Net Income From Continuing And Discontinued Operation": 18140000.0,
        "Total Expenses": 62857000.0,
        "Diluted Average Shares": 65133000.0,
        "Basic Average Shares": 64824000.0,
        "Diluted EPS": 0.28,
        "Basic EPS": 0.28,
        "Diluted NI Availto Com Stockholders": 18140000.0,
        "Net Income Common Stockholders": 18140000.0,
        "Net Income": 18140000.0,
        "Minority Interests": 175000.0,
        "Net Income Including Noncontrolling Interests": 17965000.0,
        "Net Income Continuous Operations": 17965000.0,
        "Tax Provision": 4444000.0,
        "Pretax Income": 22409000.0,
        "Other Income Expense": 563000.0,
        "Special Income Charges": -1847000.0,
        "Other Special Charges": 1847000.0,
        "Write Off": NaN,
        "Gain On Sale Of Security": 2410000.0,
        "Net Non Operating Interest Income Expense": -101000.0,
        "Total Other Finance Cost": 42000.0,
        "Interest Expense Non Operating": 272000.0,
        "Interest Income Non Operating": 213000.0,
        "Operating Income": 21947000.0,
        "Operating Expense": 12153000.0,
        "Other Operating Expenses": 180000.0,
        "Provision For Doubtful Accounts": 0.0,
        "Selling General And Administration": 11973000.0,
        "General And Administrative Expense": 11973000.0,
        "Other Gand A": 11482000.0,
        "Salaries And Wages": 491000.0,
        "Gross Profit": 34100000.0,
        "Cost Of Revenue": 50704000.0,
        "Total Revenue": 84804000.0,
        "Operating Revenue": 84804000.0
    },
    "2022-03-31": {
        "Diluted EPS": -0.03,
        "Total Revenue": 43,
        "Gross Profit": 14,
        "Operating Income": 2,
        "EBIT": 7,
        "Net Income": -2
    },
    "2021-12-31": {
        "Diluted EPS": 0.01,
        "Total Revenue": 50,
        "Gross Profit": -18,
        "Operating Income": -5,
        "EBIT": 1,
        "Net Income": 1
    },
    "2021-09-30": {
        "Diluted EPS": 0.14,
        "Total Revenue": 54,
        "Gross Profit": 22,
        "Operating Income": 15,
        "EBIT": 20,
        "Net Income": 9
    },
    "2021-06-30": {
        "Diluted EPS": 0.13,
        "Total Revenue": 54,
        "Gross Profit": 50,
        "Operating Income": 16,
        "EBIT": 22,
        "Net Income": 8
    },
    "2021-03-31": {
        "Diluted EPS": 0.07,
        "Total Revenue": 40,
        "Gross Profit": 12,
        "Operating Income": 6,
        "EBIT": 12,
        "Net Income": 4
    },
    "2020-12-31": {
        "Diluted EPS": 0.12,
        "Total Revenue": 42,
        "Gross Profit": 11,
        "Operating Income": 3,
        "EBIT": 8,
        "Net Income": 7
    },
    "2020-09-30": {
        "Diluted EPS": 0.04,
        "Total Revenue": 27,
        "Gross Profit": 6,
        "Operating Income": 4,
        "EBIT": 7,
        "Net Income": 3
    },
    "2020-06-30": {
        "Diluted EPS": -0.12,
        "Total Revenue": 10,
        "Gross Profit": 1,
        "Operating Income": -2,
        "EBIT": 0,
        "Net Income": -7
    },
    "2020-03-31": {
        "Diluted EPS": 0.07,
        "Total Revenue": 42,
        "Gross Profit": 15,
        "Operating Income": 12,
        "EBIT": 18,
        "Net Income": 4
    },
    "2019-12-31": {
        "Diluted EPS": -0.01,
        "Total Revenue": 26,
        "Gross Profit": 10,
        "Operating Income": 7,
        "EBIT": 13,
        "Net Income": -4
    },
    "2019-09-30": {
        "Diluted EPS": -0.01,
        "Total Revenue": 25,
        "Gross Profit": 1,
        "Operating Income": -4,
        "EBIT": 1,
        "Net Income": -6
    },
    "2019-06-30": {
        "Diluted EPS": -0.03,
        "Total Revenue": 22,
        "Gross Profit": -3,
        "Operating Income": -7,
        "EBIT": -2,
        "Net Income": -15
    },
    "2019-03-31": {
        "Diluted EPS": 0.0,
        "Total Revenue": 44,
        "Gross Profit": 15,
        "Operating Income": 9,
        "EBIT": 16,
        "Net Income": -2
    },
    "2018-12-31": {
        "Diluted EPS": 0.12,
        "Total Revenue": 137,
        "Gross Profit": 137,
        "Operating Income": 137,
        "EBIT": 137,
        "Net Income": 83
    },
    "2017-12-31": {
        "Diluted EPS": 0.0,
        "Total Revenue": 38,
        "Gross Profit": 38,
        "Operating Income": 38,
        "EBIT": 38,
        "Net Income": 0
    },
    "2016-12-31": {
        "Diluted EPS": -0.02,
        "Total Revenue": 24,
        "Gross Profit": 24,
        "Operating Income": 24,
        "EBIT": 24,
        "Net Income": -9
    },
    "2023-06-30": {
        "Tax Effect Of Unusual Items": -1032400.0,
        "Tax Rate For Calcs": 0.4,
        "Normalized EBITDA": 6695000.0,
        "Total Unusual Items": -2581000.0,
        "Total Unusual Items Excluding Goodwill": -2581000.0,
        "Net Income From Continuing Operation Net Minority Interest": -5763000.0,
        "Reconciled Depreciation": 7005000.0,
        "Reconciled Cost Of Revenue": 43029000.0,
        "EBITDA": 4114000.0,
        "EBIT": -2891000.0,
        "Net Interest Income": -1276000.0,
        "Interest Expense": 1756000.0,
        "Interest Income": 480000.0,
        "Normalized Income": -4214400.0,
        "Net Income From Continuing And Discontinued Operation": -5763000.0,
        "Total Expenses": 53900000.0,
        "Diluted Average Shares": 64045000.0,
        "Basic Average Shares": 64045000.0,
        "Diluted EPS": -0.09,
        "Basic EPS": -0.09,
        "Diluted NI Availto Com Stockholders": -5763000.0,
        "Net Income Common Stockholders": -5763000.0,
        "Net Income": -5763000.0,
        "Minority Interests": 203000.0,
        "Net Income Including Noncontrolling Interests": -5966000.0,
        "Net Income Continuous Operations": -5966000.0,
        "Tax Provision": 1319000.0,
        "Pretax Income": -4647000.0,
        "Other Income Expense": -2581000.0,
        "Special Income Charges": -1764000.0,
        "Other Special Charges": 1539000.0,
        "Write Off": 225000.0,
        "Impairment Of Capital Assets": 225000.0,
        "Gain On Sale Of Security": -817000.0,
        "Net Non Operating Interest Income Expense": -1276000.0,
        "Total Other Finance Cost": NaN,
        "Interest Expense Non Operating": 1756000.0,
        "Interest Income Non Operating": 480000.0,
        "Operating Income": -790000.0,
        "Operating Expense": 10871000.0,
        "Other Operating Expenses": 1301000.0,
        "Provision For Doubtful Accounts": NaN,
        "Selling General And Administration": 9570000.0,
        "General And Administrative Expense": 9570000.0,
        "Other Gand A": 9157000.0,
        "Salaries And Wages": 413000.0,
        "Gross Profit": 10081000.0,
        "Cost Of Revenue": 43029000.0,
        "Total Revenue": 53110000.0,
        "Operating Revenue": 53110000.0
    },
    "2023-09-30": {
        "Tax Effect Of Unusual Items": -506474.498101,
        "Tax Rate For Calcs": 0.193977,
        "Normalized EBITDA": -2973000.0,
        "Total Unusual Items": -2611000.0,
        "Total Unusual Items Excluding Goodwill": -2611000.0,
        "Net Income From Continuing Operation Net Minority Interest": -11397000.0,
        "Reconciled Depreciation": 6808000.0,
        "Reconciled Cost Of Revenue": 42580000.0,
        "EBITDA": -5584000.0,
        "EBIT": -12392000.0,
        "Net Interest Income": -1806000.0,
        "Interest Expense": 2352000.0,
        "Interest Income": 546000.0,
        "Normalized Income": -9292474.498101,
        "Net Income From Continuing And Discontinued Operation": -11397000.0,
        "Total Expenses": 54310000.0,
        "Diluted Average Shares": 64050000.0,
        "Basic Average Shares": 64050000.0,
        "Diluted EPS": -0.19,
        "Basic EPS": -0.19,
        "Diluted NI Availto Com Stockholders": -11397000.0,
        "Net Income Common Stockholders": -11397000.0,
        "Net Income": -11397000.0,
        "Minority Interests": 487000.0,
        "Net Income Including Noncontrolling Interests": -11884000.0,
        "Net Income Continuous Operations": -11884000.0,
        "Tax Provision": -2860000.0,
        "Pretax Income": -14744000.0,
        "Other Income Expense": -2611000.0,
        "Special Income Charges": -2005000.0,
        "Other Special Charges": 903000.0,
        "Write Off": NaN,
        "Impairment Of Capital Assets": 1102000.0,
        "Gain On Sale Of Security": -606000.0,
        "Net Non Operating Interest Income Expense": -1806000.0,
        "Total Other Finance Cost": NaN,
        "Interest Expense Non Operating": 2352000.0,
        "Interest Income Non Operating": 546000.0,
        "Operating Income": -10327000.0,
        "Operating Expense": 11730000.0,
        "Other Operating Expenses": 2294000.0,
        "Provision For Doubtful Accounts": NaN,
        "Selling General And Administration": 9436000.0,
        "General And Administrative Expense": 9436000.0,
        "Other Gand A": 9100000.0,
        "Salaries And Wages": 336000.0,
        "Gross Profit": 1403000.0,
        "Cost Of Revenue": 42580000.0,
        "Total Revenue": 43983000.0,
        "Operating Revenue": 43983000.0
    },
    "2023-12-31": {
        "Tax Effect Of Unusual Items": -681026.678877,
        "Tax Rate For Calcs": 0.187973,
        "Normalized EBITDA": -1268000.0,
        "Total Unusual Items": -3623000.0,
        "Total Unusual Items Excluding Goodwill": -3623000.0,
        "Net Income From Continuing Operation Net Minority Interest": -11945000.0,
        "Reconciled Depreciation": 7393000.0,
        "Reconciled Cost Of Revenue": 43218000.0,
        "EBITDA": -4891000.0,
        "EBIT": -12284000.0,
        "Net Interest Income": -3816000.0,
        "Interest Expense": 4096000.0,
        "Interest Income": 280000.0,
        "Normalized Income": -9003026.678877,
        "Net Income From Continuing And Discontinued Operation": -11945000.0,
        "Total Expenses": 53111000.0,
        "Diluted Average Shares": NaN,
        "Basic Average Shares": NaN,
        "Diluted EPS": NaN,
        "Basic EPS": NaN,
        "Diluted NI Availto Com Stockholders": -11945000.0,
        "Net Income Common Stockholders": -11945000.0,
        "Net Income": -11945000.0,
        "Minority Interests": 1356000.0,
        "Net Income Including Noncontrolling Interests": -13301000.0,
        "Net Income Continuous Operations": -13301000.0,
        "Tax Provision": -3079000.0,
        "Pretax Income": -16380000.0,
        "Other Income Expense": -3623000.0,
        "Special Income Charges": -4446000.0,
        "Other Special Charges": 911000.0,
        "Write Off": NaN,
        "Impairment Of Capital Assets": 3535000.0,
        "Gain On Sale Of Security": 823000.0,
        "Net Non Operating Interest Income Expense": -3816000.0,
        "Total Other Finance Cost": NaN,
        "Interest Expense Non Operating": 4096000.0,
        "Interest Income Non Operating": 280000.0,
        "Operating Income": -8941000.0,
        "Operating Expense": 9893000.0,
        "Other Operating Expenses": 1871000.0,
        "Provision For Doubtful Accounts": NaN,
        "Selling General And Administration": 8022000.0,
        "General And Administrative Expense": 8022000.0,
        "Other Gand A": 7791000.0,
        "Salaries And Wages": 231000.0,
        "Gross Profit": 952000.0,
        "Cost Of Revenue": 43218000.0,
        "Total Revenue": 44170000.0,
        "Operating Revenue": 44170000.0
    },
    "2024-03-31": {
        "Tax Effect Of Unusual Items": -444254.409436,
        "Tax Rate For Calcs": 0.289794,
        "Normalized EBITDA": -6244000.0,
        "Total Unusual Items": -1533000.0,
        "Total Unusual Items Excluding Goodwill": -1533000.0,
        "Net Income From Continuing Operation Net Minority Interest": -12967000.0,
        "Reconciled Depreciation": 8724000.0,
        "Reconciled Cost Of Revenue": 49707000.0,
        "EBITDA": -7777000.0,
        "EBIT": -16501000.0,
        "Net Interest Income": -1506000.0,
        "Interest Expense": 1812000.0,
        "Interest Income": 306000.0,
        "Normalized Income": -11878254.409436,
        "Net Income From Continuing And Discontinued Operation": -12967000.0,
        "Total Expenses": 57461000.0,
        "Diluted Average Shares": 64051000.0,
        "Basic Average Shares": 64051000.0,
        "Diluted EPS": -0.2,
        "Basic EPS": -0.2,
        "Diluted NI Availto Com Stockholders": -12967000.0,
        "Net Income Common Stockholders": -12967000.0,
        "Net Income": -12967000.0,
        "Minority Interests": 39000.0,
        "Net Income Including Noncontrolling Interests": -13006000.0,
        "Net Income Continuous Operations": -13006000.0,
        "Tax Provision": -5307000.0,
        "Pretax Income": -18313000.0,
        "Other Income Expense": -1533000.0,
        "Special Income Charges": -622000.0,
        "Other Special Charges": 736000.0,
        "Write Off": NaN,
        "Impairment Of Capital Assets": -114000.0,
        "Gain On Sale Of Security": -911000.0,
        "Net Non Operating Interest Income Expense": -1506000.0,
        "Total Other Finance Cost": NaN,
        "Interest Expense Non Operating": 1812000.0,
        "Interest Income Non Operating": 306000.0,
        "Operating Income": -15274000.0,
        "Operating Expense": 7754000.0,
        "Other Operating Expenses": 643000.0,
        "Provision For Doubtful Accounts": NaN,
        "Selling General And Administration": 7111000.0,
        "General And Administrative Expense": 7111000.0,
        "Other Gand A": 6821000.0,
        "Salaries And Wages": 290000.0,
        "Gross Profit": -7520000.0,
        "Cost Of Revenue": 49707000.0,
        "Total Revenue": 42187000.0,
        "Operating Revenue": 42187000.0
    }
}