{
    "2023-06-30": {
        "Tax Effect Of Unusual Items": -299200.0,
        "Tax Rate For Calcs": 0.176,
        "Normalized EBITDA": 301300000.0,
        "Total Unusual Items": -1700000.0,
        "Total Unusual Items Excluding Goodwill": -1700000.0,
        "Net Income From Continuing Operation Net Minority Interest": 217200000.0,
        "Reconciled Depreciation": 20900000.0,
        "Reconciled Cost Of Revenue": 953600000.0,
        "EBITDA": 299600000.0,
        "EBIT": 278700000.0,
        "Net Interest Income": -15000000.0,
        "Interest Expense": 15000000.0,
        "Normalized Income": 218600800.0,
        "Net Income From Continuing And Discontinued Operation": 217200000.0,
        "Total Expenses": 1134800000.0,
        "Total Operating Income As Reported": 278800000.0,
        "Diluted Average Shares": 35600000.0,
        "Basic Average Shares": 35500000.0,
        "Diluted EPS": 6.1,
        "Basic EPS": 6.12,
        "Diluted NI Availto Com Stockholders": 217200000.0,
        "Net Income Common Stockholders": 217200000.0,
        "Net Income": 217200000.0,
        "Net Income Including Noncontrolling Interests": 217200000.0,
        "Net Income Continuous Operations": 217200000.0,
        "Tax Provision": 46500000.0,
        "Pretax Income": 263700000.0,
        "Other Income Expense": 2100000.0,
        "Other Non Operating Income Expenses": 700000.0,
        "Special Income Charges": -3800000.0,
        "Gain On Sale Of Ppe": 1000000.0,
        "Other Special Charges": 4800000.0,
        "Write Off": NaN,
        "Restructuring And Mergern Acquisition": 0.0,
        "Earnings From Equity Interest": 3100000.0,
        "Gain On Sale Of Security": 2100000.0,
        "Net Non Operating Interest Income Expense": -15000000.0,
        "Interest Expense Non Operating": 15000000.0,
        "Operating Income": 276600000.0,
        "Operating Expense": 181200000.0,
        "Other Operating Expenses": -200000.0,
        "Selling General And Administration": 181400000.0,
        "General And Administrative Expense": 181400000.0,
        "Other Gand A": 181300000.0,
        "Salaries And Wages": 100000.0,
        "Gross Profit": 457800000.0,
        "Cost Of Revenue": 953600000.0,
        "Total Revenue": 1411400000.0,
        "Operating Revenue": 1411400000.0
    },
    "2023-03-31": {
        "Tax Effect Of Unusual Items": -238700.0,
        "Tax Rate For Calcs": 0.217,
        "Normalized EBITDA": 160000000.0,
        "Total Unusual Items": -1100000.0,
        "Total Unusual Items Excluding Goodwill": -1100000.0,
        "Net Income From Continuing Operation Net Minority Interest": 98000000.0,
        "Reconciled Depreciation": 19600000.0,
        "Reconciled Cost Of Revenue": 742800000.0,
        "EBITDA": 158900000.0,
        "EBIT": 139300000.0,
        "Net Interest Income": -14200000.0,
        "Interest Expense": 14200000.0,
        "Normalized Income": 98861300.0,
        "Net Income From Continuing And Discontinued Operation": 98000000.0,
        "Total Expenses": 909700000.0,
        "Total Operating Income As Reported": 139500000.0,
        "Diluted Average Shares": 35600000.0,
        "Basic Average Shares": 35500000.0,
        "Diluted EPS": 2.75,
        "Basic EPS": 2.76,
        "Diluted NI Availto Com Stockholders": 98000000.0,
        "Net Income Common Stockholders": 98000000.0,
        "Net Income": 98000000.0,
        "Net Income Including Noncontrolling Interests": 98000000.0,
        "Net Income Continuous Operations": 98000000.0,
        "Tax Provision": 27100000.0,
        "Pretax Income": 125100000.0,
        "Other Income Expense": -400000.0,
        "Other Non Operating Income Expenses": -2600000.0,
        "Special Income Charges": -2100000.0,
        "Gain On Sale Of Ppe": 300000.0,
        "Other Special Charges": 2400000.0,
        "Write Off": NaN,
        "Restructuring And Mergern Acquisition": 0.0,
        "Earnings From Equity Interest": 700000.0,
        "Gain On Sale Of Security": 1000000.0,
        "Net Non Operating Interest Income Expense": -14200000.0,
        "Interest Expense Non Operating": 14200000.0,
        "Operating Income": 139700000.0,
        "Operating Expense": 166900000.0,
        "Other Operating Expenses": -800000.0,
        "Selling General And Administration": 167700000.0,
        "General And Administrative Expense": 167700000.0,
        "Other Gand A": 167500000.0,
        "Salaries And Wages": 200000.0,
        "Gross Profit": 306600000.0,
        "Cost Of Revenue": 742800000.0,
        "Total Revenue": 1049400000.0,
        "Operating Revenue": 1049400000.0
    },
    "2022-12-31": {
        "Tax Effect Of Unusual Items": -1407280.334728,
        "Tax Rate For Calcs": 0.210042,
        "Normalized EBITDA": 161600000.0,
        "Total Unusual Items": -6700000.0,
        "Total Unusual Items Excluding Goodwill": -6700000.0,
        "Net Income From Continuing Operation Net Minority Interest": 94400000.0,
        "Reconciled Depreciation": 21700000.0,
        "Reconciled Cost Of Revenue": 808600000.0,
        "EBITDA": 154900000.0,
        "EBIT": 133200000.0,
        "Net Interest Income": -12600000.0,
        "Interest Expense": 13700000.0,
        "Normalized Income": 99692719.665272,
        "Net Income From Continuing And Discontinued Operation": 94400000.0,
        "Total Expenses": 963200000.0,
        "Total Operating Income As Reported": 131600000.0,
        "Diluted Average Shares": 35600000.0,
        "Basic Average Shares": 35400000.0,
        "Diluted EPS": 2.65,
        "Basic EPS": 2.66,
        "Diluted NI Availto Com Stockholders": 94400000.0,
        "Net Income Common Stockholders": 94400000.0,
        "Net Income": 94400000.0,
        "Net Income Including Noncontrolling Interests": 94400000.0,
        "Net Income Discontinuous Operations": 0.0,
        "Net Income Continuous Operations": 94400000.0,
        "Tax Provision": 25100000.0,
        "Pretax Income": 119500000.0,
        "Other Income Expense": 1500000.0,
        "Other Non Operating Income Expenses": 7000000.0,
        "Special Income Charges": -8100000.0,
        "Gain On Sale Of Ppe": -300000.0,
        "Other Special Charges": 7500000.0,
        "Write Off": NaN,
        "Restructuring And Mergern Acquisition": 300000.0,
        "Earnings From Equity Interest": 1200000.0,
        "Gain On Sale Of Security": 1400000.0,
        "Net Non Operating Interest Income Expense": -12600000.0,
        "Interest Expense Non Operating": 13700000.0,
        "Operating Income": 130600000.0,
        "Operating Expense": 154600000.0,
        "Other Operating Expenses": -400000.0,
        "Selling General And Administration": 155000000.0,
        "General And Administrative Expense": NaN,
        "Other Gand A": NaN,
        "Salaries And Wages": NaN,
        "Gross Profit": 285200000.0,
        "Cost Of Revenue": 808600000.0,
        "Total Revenue": 1093800000.0,
        "Operating Revenue": 1093800000.0
    },
    "2022-09-30": {
        "Tax Effect Of Unusual Items": -112200.0,
        "Tax Rate For Calcs": 0.187,
        "Normalized EBITDA": 204100000.0,
        "Total Unusual Items": -600000.0,
        "Total Unusual Items Excluding Goodwill": -600000.0,
        "Net Income From Continuing Operation Net Minority Interest": 141900000.0,
        "Reconciled Depreciation": 18400000.0,
        "Reconciled Cost Of Revenue": 910700000.0,
        "EBITDA": 203500000.0,
        "EBIT": 185100000.0,
        "Net Interest Income": -10500000.0,
        "Interest Expense": 10500000.0,
        "Normalized Income": 142387800.0,
        "Net Income From Continuing And Discontinued Operation": 141900000.0,
        "Total Expenses": 1057800000.0,
        "Total Operating Income As Reported": 185800000.0,
        "Diluted Average Shares": 35500000.0,
        "Basic Average Shares": 35400000.0,
        "Diluted EPS": 3.99,
        "Basic EPS": 4.0,
        "Diluted NI Availto Com Stockholders": 141900000.0,
        "Net Income Common Stockholders": 141900000.0,
        "Net Income": 141900000.0,
        "Net Income Including Noncontrolling Interests": 141900000.0,
        "Net Income Discontinuous Operations": 0.0,
        "Net Income Continuous Operations": 141900000.0,
        "Tax Provision": 32700000.0,
        "Pretax Income": 174600000.0,
        "Other Income Expense": -2000000.0,
        "Other Non Operating Income Expenses": -3800000.0,
        "Special Income Charges": 0.0,
        "Gain On Sale Of Ppe": 400000.0,
        "Other Special Charges": 200000.0,
        "Write Off": NaN,
        "Restructuring And Mergern Acquisition": 200000.0,
        "Earnings From Equity Interest": 2400000.0,
        "Gain On Sale Of Security": -600000.0,
        "Net Non Operating Interest Income Expense": -10500000.0,
        "Interest Expense Non Operating": 10500000.0,
        "Operating Income": 187100000.0,
        "Operating Expense": 147100000.0,
        "Other Operating Expenses": -200000.0,
        "Selling General And Administration": 147300000.0,
        "General And Administrative Expense": NaN,
        "Other Gand A": NaN,
        "Salaries And Wages": NaN,
        "Gross Profit": 334200000.0,
        "Cost Of Revenue": 910700000.0,
        "Total Revenue": 1244900000.0,
        "Operating Revenue": 1244900000.0
    },
    "2022-06-30": {
        "Tax Effect Of Unusual Items": -368000.0,
        "Tax Rate For Calcs": 0.184,
        "Normalized EBITDA": 247000000.0,
        "Total Unusual Items": -2000000.0,
        "Total Unusual Items Excluding Goodwill": -2000000.0,
        "Net Income From Continuing Operation Net Minority Interest": 177200000.0,
        "Reconciled Depreciation": 19000000.0,
        "Reconciled Cost Of Revenue": 969200000.0,
        "EBITDA": 245000000.0,
        "EBIT": 226000000.0,
        "Net Interest Income": -8700000.0,
        "Interest Expense": 8700000.0,
        "Normalized Income": 178832000.0,
        "Net Income From Continuing And Discontinued Operation": 177200000.0,
        "Total Expenses": 1138600000.0,
        "Total Operating Income As Reported": 226900000.0,
        "Diluted Average Shares": 35700000.0,
        "Basic Average Shares": 35600000.0,
        "Diluted EPS": 4.96,
        "Basic EPS": 4.97,
        "Diluted NI Availto Com Stockholders": 177200000.0,
        "Net Income Common Stockholders": 177200000.0,
        "Net Income": 177200000.0,
        "Net Income Including Noncontrolling Interests": 177200000.0,
        "Net Income Discontinuous Operations": NaN,
        "Net Income Continuous Operations": 177200000.0,
        "Tax Provision": 40100000.0,
        "Pretax Income": 217300000.0,
        "Other Income Expense": -1700000.0,
        "Other Non Operating Income Expenses": -1200000.0,
        "Special Income Charges": -700000.0,
        "Gain On Sale Of Ppe": 0.0,
        "Other Special Charges": 200000.0,
        "Restructuring And Mergern Acquisition": 500000.0,
        "Earnings From Equity Interest": 1500000.0,
        "Gain On Sale Of Security": -1300000.0,
        "Net Non Operating Interest Income Expense": -8700000.0,
        "Interest Expense Non Operating": 8700000.0,
        "Operating Income": 227700000.0,
        "Operating Expense": 169400000.0,
        "Other Operating Expenses": -200000.0,
        "Selling General And Administration": 169600000.0,
        "General And Administrative Expense": NaN,
        "Other Gand A": NaN,
        "Salaries And Wages": NaN,
        "Gross Profit": 397100000.0,
        "Cost Of Revenue": 969200000.0,
        "Total Revenue": 1366300000.0,
        "Operating Revenue": 1366300000.0
    },
    "2022-03-31": {
        "Diluted EPS": 2.29,
        "Total Revenue": NaN,
        "Gross Profit": 268,
        "Operating Income": 112,
        "EBIT": 131,
        "Net Income": 84
    },
    "2021-12-31": {
        "Diluted EPS": 2.27,
        "Total Revenue": 965,
        "Gross Profit": 254,
        "Operating Income": 98,
        "EBIT": 117,
        "Net Income": 84
    },
    "2021-09-30": {
        "Diluted EPS": 3.41,
        "Total Revenue": NaN,
        "Gross Profit": 295,
        "Operating Income": 163,
        "EBIT": 180,
        "Net Income": 126
    },
    "2021-06-30": {
        "Diluted EPS": 4.51,
        "Total Revenue": NaN,
        "Gross Profit": 383,
        "Operating Income": 216,
        "EBIT": 234,
        "Net Income": 170
    },
    "2021-03-31": {
        "Diluted EPS": 2.2,
        "Total Revenue": 931,
        "Gross Profit": 257,
        "Operating Income": 114,
        "EBIT": 132,
        "Net Income": 84
    },
    "2020-12-31": {
        "Diluted EPS": 2.89,
        "Total Revenue": 914,
        "Gross Profit": 275,
        "Operating Income": 139,
        "EBIT": 156,
        "Net Income": 112
    },
    "2020-09-30": {
        "Diluted EPS": 3.42,
        "Total Revenue": NaN,
        "Gross Profit": 323,
        "Operating Income": 167,
        "EBIT": 185,
        "Net Income": 132
    },
    "2020-06-30": {
        "Diluted EPS": 2.6,
        "Total Revenue": 941,
        "Gross Profit": 276,
        "Operating Income": 136,
        "EBIT": 155,
        "Net Income": 100
    },
    "2020-03-31": {
        "Diluted EPS": 0.33,
        "Total Revenue": 724,
        "Gross Profit": 166,
        "Operating Income": 36,
        "EBIT": 55,
        "Net Income": 13
    },
    "2019-12-31": {
        "Diluted EPS": 2.91,
        "Total Revenue": 885,
        "Gross Profit": 248,
        "Operating Income": 192,
        "EBIT": 210,
        "Net Income": 114
    },
    "2019-09-30": {
        "Diluted EPS": 2.94,
        "Total Revenue": NaN,
        "Gross Profit": 298,
        "Operating Income": 157,
        "EBIT": 175,
        "Net Income": 115
    },
    "2019-06-30": {
        "Diluted EPS": 2.8,
        "Total Revenue": NaN,
        "Gross Profit": 332,
        "Operating Income": 214,
        "EBIT": 231,
        "Net Income": 111
    },
    "2019-03-31": {
        "Diluted EPS": 1.73,
        "Total Revenue": 790,
        "Gross Profit": 202,
        "Operating Income": 95,
        "EBIT": 113,
        "Net Income": 69
    },
    "2018-12-31": {
        "Diluted EPS": 1.84,
        "Total Revenue": 844,
        "Gross Profit": 225,
        "Operating Income": 117,
        "EBIT": 133,
        "Net Income": 76
    },
    "2018-09-30": {
        "Diluted EPS": 2.65,
        "Total Revenue": NaN,
        "Gross Profit": 302,
        "Operating Income": 145,
        "EBIT": 162,
        "Net Income": 108
    },
    "2018-06-30": {
        "Diluted EPS": 3.35,
        "Total Revenue": NaN,
        "Gross Profit": 362,
        "Operating Income": 195,
        "EBIT": 211,
        "Net Income": 138
    },
    "2018-03-31": {
        "Diluted EPS": 0.9,
        "Total Revenue": 835,
        "Gross Profit": 223,
        "Operating Income": 53,
        "EBIT": 70,
        "Net Income": 38
    },
    "2017-12-31": {
        "Diluted EPS": 1.01,
        "Total Revenue": 892,
        "Gross Profit": 260,
        "Operating Income": 104,
        "EBIT": 120,
        "Net Income": 43
    },
    "2017-09-30": {
        "Diluted EPS": 2.44,
        "Total Revenue": NaN,
        "Gross Profit": 314,
        "Operating Income": 155,
        "EBIT": 171,
        "Net Income": 104
    },
    "2017-06-30": {
        "Diluted EPS": 2.69,
        "Total Revenue": NaN,
        "Gross Profit": 341,
        "Operating Income": 175,
        "EBIT": 192,
        "Net Income": 116
    },
    "2017-03-31": {
        "Diluted EPS": 1.0,
        "Total Revenue": 793,
        "Gross Profit": 211,
        "Operating Income": 61,
        "EBIT": 77,
        "Net Income": 44
    },
    "2016-12-31": {
        "Diluted EPS": 0.92,
        "Total Revenue": 897,
        "Gross Profit": 268,
        "Operating Income": 68,
        "EBIT": 83,
        "Net Income": 41
    },
    "2016-09-30": {
        "Diluted EPS": 2.33,
        "Total Revenue": NaN,
        "Gross Profit": 310,
        "Operating Income": 157,
        "EBIT": 172,
        "Net Income": 102
    },
    "2016-06-30": {
        "Diluted EPS": 2.51,
        "Total Revenue": NaN,
        "Gross Profit": 315,
        "Operating Income": 161,
        "EBIT": 175,
        "Net Income": 111
    },
    "2016-03-31": {
        "Diluted EPS": 0.56,
        "Total Revenue": 715,
        "Gross Profit": 184,
        "Operating Income": 44,
        "EBIT": 58,
        "Net Income": 25
    },
    "2015-12-31": {
        "Diluted EPS": 0.24,
        "Total Revenue": 834,
        "Gross Profit": 228,
        "Operating Income": 21,
        "EBIT": 37,
        "Net Income": 11
    },
    "2015-09-30": {
        "Diluted EPS": 1.76,
        "Total Revenue": 955,
        "Gross Profit": 273,
        "Operating Income": 127,
        "EBIT": 143,
        "Net Income": 80
    },
    "2015-06-30": {
        "Diluted EPS": 1.78,
        "Total Revenue": 993,
        "Gross Profit": 283,
        "Operating Income": 131,
        "EBIT": 146,
        "Net Income": 81
    },
    "2015-03-31": {
        "Diluted EPS": 0.31,
        "Total Revenue": 686,
        "Gross Profit": 163,
        "Operating Income": 27,
        "EBIT": 43,
        "Net Income": 14
    },
    "2014-12-31": {
        "Diluted EPS": 0.96,
        "Total Revenue": 813,
        "Gross Profit": 226,
        "Operating Income": 75,
        "EBIT": 91,
        "Net Income": 45
    },
    "2014-09-30": {
        "Diluted EPS": 1.38,
        "Total Revenue": 898,
        "Gross Profit": 247,
        "Operating Income": 107,
        "EBIT": 122,
        "Net Income": 67
    },
    "2014-06-30": {
        "Diluted EPS": 1.49,
        "Total Revenue": 961,
        "Gross Profit": 263,
        "Operating Income": 119,
        "EBIT": 134,
        "Net Income": 74
    },
    "2014-03-31": {
        "Diluted EPS": 0.4,
        "Total Revenue": 695,
        "Gross Profit": 168,
        "Operating Income": 34,
        "EBIT": 49,
        "Net Income": 20
    },
    "2013-12-31": {
        "Diluted EPS": 0.7,
        "Total Revenue": 750,
        "Gross Profit": 208,
        "Operating Income": 55,
        "EBIT": 71,
        "Net Income": 35
    },
    "2013-09-30": {
        "Diluted EPS": 1.27,
        "Total Revenue": 868,
        "Gross Profit": 237,
        "Operating Income": 104,
        "EBIT": 118,
        "Net Income": 64
    },
    "2013-06-30": {
        "Diluted EPS": 1.26,
        "Total Revenue": 913,
        "Gross Profit": 254,
        "Operating Income": 102,
        "EBIT": 117,
        "Net Income": 64
    },
    "2013-03-31": {
        "Diluted EPS": 0.16,
        "Total Revenue": 668,
        "Gross Profit": 162,
        "Operating Income": 28,
        "EBIT": 42,
        "Net Income": 8
    },
    "2012-12-31": {
        "Diluted EPS": 0.43,
        "Total Revenue": 685,
        "Gross Profit": 168,
        "Operating Income": 40,
        "EBIT": 54,
        "Net Income": 22
    },
    "2012-09-30": {
        "Diluted EPS": 0.57,
        "Total Revenue": 810,
        "Gross Profit": 205,
        "Operating Income": 81,
        "EBIT": 95,
        "Net Income": 29
    },
    "2012-06-30": {
        "Diluted EPS": 0.87,
        "Total Revenue": 840,
        "Gross Profit": 208,
        "Operating Income": 80,
        "EBIT": 93,
        "Net Income": 45
    },
    "2012-03-31": {
        "Diluted EPS": -0.12,
        "Total Revenue": 614,
        "Gross Profit": 141,
        "Operating Income": 19,
        "EBIT": 33,
        "Net Income": -6
    },
    "2011-12-31": {
        "Diluted EPS": 0.31,
        "Total Revenue": 456,
        "Gross Profit": 75,
        "Operating Income": 55,
        "EBIT": 69,
        "Net Income": 17
    },
    "2011-09-30": {
        "Diluted EPS": 0.64,
        "Total Revenue": 801,
        "Gross Profit": 187,
        "Operating Income": 57,
        "EBIT": 70,
        "Net Income": 34
    },
    "2011-06-30": {
        "Diluted EPS": 0.83,
        "Total Revenue": 914,
        "Gross Profit": 244,
        "Operating Income": 74,
        "EBIT": 89,
        "Net Income": 45
    },
    "2011-03-31": {
        "Diluted EPS": -0.13,
        "Total Revenue": 669,
        "Gross Profit": 164,
        "Operating Income": -1,
        "EBIT": 13,
        "Net Income": -7
    },
    "2010-12-31": {
        "Diluted EPS": 0.49,
        "Total Revenue": 251,
        "Gross Profit": 29,
        "Operating Income": 58,
        "EBIT": 67,
        "Net Income": 28
    },
    "2010-09-30": {
        "Diluted EPS": 0.76,
        "Total Revenue": 818,
        "Gross Profit": 233,
        "Operating Income": 67,
        "EBIT": 80,
        "Net Income": 42
    },
    "2010-06-30": {
        "Diluted EPS": 0.86,
        "Total Revenue": 872,
        "Gross Profit": 265,
        "Operating Income": 79,
        "EBIT": 93,
        "Net Income": 48
    },
    "2010-03-31": {
        "Diluted EPS": -0.03,
        "Total Revenue": 644,
        "Gross Profit": 174,
        "Operating Income": 1,
        "EBIT": 13,
        "Net Income": -2
    },
    "2009-12-31": {
        "Diluted EPS": 0.13,
        "Total Revenue": 733,
        "Gross Profit": 201,
        "Operating Income": 18,
        "EBIT": 32,
        "Net Income": 7
    },
    "2009-09-30": {
        "Diluted EPS": 0.54,
        "Total Revenue": 750,
        "Gross Profit": 222,
        "Operating Income": 58,
        "EBIT": 71,
        "Net Income": 31
    },
    "2009-06-30": {
        "Diluted EPS": 0.56,
        "Total Revenue": 784,
        "Gross Profit": 228,
        "Operating Income": 60,
        "EBIT": 73,
        "Net Income": 32
    },
    "2009-03-31": {
        "Diluted EPS": -0.33,
        "Total Revenue": 581,
        "Gross Profit": 138,
        "Operating Income": -26,
        "EBIT": -13,
        "Net Income": -18
    },
    "2023-09-30": {
        "Tax Effect Of Unusual Items": -15897600.0,
        "Tax Rate For Calcs": 0.256,
        "Normalized EBITDA": 270000000.0,
        "Total Unusual Items": -62100000.0,
        "Total Unusual Items Excluding Goodwill": -62100000.0,
        "Net Income From Continuing Operation Net Minority Interest": 130400000.0,
        "Reconciled Depreciation": 21500000.0,
        "Reconciled Cost Of Revenue": 937800000.0,
        "EBITDA": 207900000.0,
        "EBIT": 186400000.0,
        "Net Interest Income": -11200000.0,
        "Interest Expense": 11200000.0,
        "Normalized Income": 176602400.0,
        "Net Income From Continuing And Discontinued Operation": 130400000.0,
        "Total Expenses": 1116900000.0,
        "Total Operating Income As Reported": 186800000.0,
        "Diluted Average Shares": 35700000.0,
        "Basic Average Shares": 35500000.0,
        "Diluted EPS": 3.65,
        "Basic EPS": 3.67,
        "Diluted NI Availto Com Stockholders": 130400000.0,
        "Net Income Common Stockholders": 130400000.0,
        "Net Income": 130400000.0,
        "Net Income Including Noncontrolling Interests": 130400000.0,
        "Net Income Continuous Operations": 130400000.0,
        "Tax Provision": 44800000.0,
        "Pretax Income": 175200000.0,
        "Other Income Expense": -63000000.0,
        "Other Non Operating Income Expenses": -5100000.0,
        "Special Income Charges": -63300000.0,
        "Gain On Sale Of Ppe": 200000.0,
        "Other Special Charges": NaN,
        "Write Off": 63200000.0,
        "Restructuring And Mergern Acquisition": 300000.0,
        "Earnings From Equity Interest": 4200000.0,
        "Gain On Sale Of Security": 1200000.0,
        "Net Non Operating Interest Income Expense": -11200000.0,
        "Interest Expense Non Operating": 11200000.0,
        "Operating Income": 249400000.0,
        "Operating Expense": 179100000.0,
        "Other Operating Expenses": -100000.0,
        "Selling General And Administration": 179200000.0,
        "General And Administrative Expense": 179200000.0,
        "Other Gand A": 178900000.0,
        "Salaries And Wages": 300000.0,
        "Gross Profit": 428500000.0,
        "Cost Of Revenue": 937800000.0,
        "Total Revenue": 1366300000.0,
        "Operating Revenue": 1366300000.0
    },
    "2023-12-31": {
        "Tax Effect Of Unusual Items": -866666.666667,
        "Tax Rate For Calcs": 0.166667,
        "Normalized EBITDA": 218200000.0,
        "Total Unusual Items": -5200000.0,
        "Total Unusual Items Excluding Goodwill": -5200000.0,
        "Net Income From Continuing Operation Net Minority Interest": 144500000.0,
        "Reconciled Depreciation": 24000000.0,
        "Reconciled Cost Of Revenue": 800000000.0,
        "EBITDA": 213000000.0,
        "EBIT": 189000000.0,
        "Net Interest Income": -11300000.0,
        "Interest Expense": 15600000.0,
        "Normalized Income": 148833333.333333,
        "Net Income From Continuing And Discontinued Operation": 144500000.0,
        "Total Expenses": 977300000.0,
        "Total Operating Income As Reported": 185300000.0,
        "Diluted Average Shares": 35800000.0,
        "Basic Average Shares": 35600000.0,
        "Diluted EPS": 4.04,
        "Basic EPS": 4.07,
        "Diluted NI Availto Com Stockholders": 144500000.0,
        "Net Income Common Stockholders": 144500000.0,
        "Net Income": 144500000.0,
        "Net Income Including Noncontrolling Interests": 144500000.0,
        "Net Income Continuous Operations": 144500000.0,
        "Tax Provision": 28900000.0,
        "Pretax Income": 173400000.0,
        "Other Income Expense": 7200000.0,
        "Other Non Operating Income Expenses": 11900000.0,
        "Special Income Charges": -5300000.0,
        "Gain On Sale Of Ppe": -900000.0,
        "Other Special Charges": NaN,
        "Write Off": 0.0,
        "Restructuring And Mergern Acquisition": 2900000.0,
        "Earnings From Equity Interest": 500000.0,
        "Gain On Sale Of Security": 100000.0,
        "Net Non Operating Interest Income Expense": -11300000.0,
        "Interest Expense Non Operating": 15600000.0,
        "Operating Income": 177500000.0,
        "Operating Expense": 177300000.0,
        "Other Operating Expenses": -200000.0,
        "Selling General And Administration": 177500000.0,
        "General And Administrative Expense": 177500000.0,
        "Other Gand A": 177900000.0,
        "Salaries And Wages": NaN,
        "Gross Profit": 354800000.0,
        "Cost Of Revenue": 800000000.0,
        "Total Revenue": 1154800000.0,
        "Operating Revenue": 1154800000.0
    },
    "2024-03-31": {
        "Tax Effect Of Unusual Items": -659600.0,
        "Tax Rate For Calcs": 0.194,
        "Normalized EBITDA": 193400000.0,
        "Total Unusual Items": -3400000.0,
        "Total Unusual Items Excluding Goodwill": -3400000.0,
        "Net Income From Continuing Operation Net Minority Interest": 124300000.0,
        "Reconciled Depreciation": 24000000.0,
        "Reconciled Cost Of Revenue": 707100000.0,
        "EBITDA": 190000000.0,
        "EBIT": 166000000.0,
        "Net Interest Income": -11800000.0,
        "Interest Expense": 11800000.0,
        "Normalized Income": 127040400.0,
        "Net Income From Continuing And Discontinued Operation": 124300000.0,
        "Total Expenses": 878100000.0,
        "Total Operating Income As Reported": 166800000.0,
        "Diluted Average Shares": 35800000.0,
        "Basic Average Shares": 35600000.0,
        "Diluted EPS": 3.47,
        "Basic EPS": 3.49,
        "Diluted NI Availto Com Stockholders": 124300000.0,
        "Net Income Common Stockholders": 124300000.0,
        "Net Income": 124300000.0,
        "Net Income Including Noncontrolling Interests": 124300000.0,
        "Net Income Continuous Operations": 124300000.0,
        "Tax Provision": 29900000.0,
        "Pretax Income": 154200000.0,
        "Other Income Expense": -3000000.0,
        "Other Non Operating Income Expenses": -800000.0,
        "Special Income Charges": -2000000.0,
        "Gain On Sale Of Ppe": 400000.0,
        "Other Special Charges": 2400000.0,
        "Write Off": NaN,
        "Restructuring And Mergern Acquisition": NaN,
        "Earnings From Equity Interest": 1200000.0,
        "Gain On Sale Of Security": -1400000.0,
        "Net Non Operating Interest Income Expense": -11800000.0,
        "Interest Expense Non Operating": 11800000.0,
        "Operating Income": 169000000.0,
        "Operating Expense": 171000000.0,
        "Other Operating Expenses": 300000.0,
        "Selling General And Administration": 170700000.0,
        "General And Administrative Expense": 170700000.0,
        "Other Gand A": 170700000.0,
        "Salaries And Wages": 0.0,
        "Gross Profit": 340000000.0,
        "Cost Of Revenue": 707100000.0,
        "Total Revenue": 1047100000.0,
        "Operating Revenue": 1047100000.0
    }
}