{
    "2023-03-31": {
        "Tax Effect Of Unusual Items": 0.0,
        "Tax Rate For Calcs": 0.21,
        "Normalized EBITDA": 606000.0,
        "Total Unusual Items": 0.0,
        "Total Unusual Items Excluding Goodwill": 0.0,
        "Net Income From Continuing Operation Net Minority Interest": -109000.0,
        "Reconciled Depreciation": 1255000.0,
        "Reconciled Cost Of Revenue": 38093000.0,
        "EBITDA": 606000.0,
        "EBIT": -649000.0,
        "Net Interest Income": 442000.0,
        "Interest Expense": 25000.0,
        "Interest Income": 467000.0,
        "Normalized Income": -109000.0,
        "Net Income From Continuing And Discontinued Operation": -109000.0,
        "Total Expenses": 88400000.0,
        "Total Operating Income As Reported": -1116000.0,
        "Diluted Average Shares": 30039000.0,
        "Basic Average Shares": 30039000.0,
        "Diluted EPS": -0.003629,
        "Basic EPS": -0.003629,
        "Diluted NI Availto Com Stockholders": -109000.0,
        "Net Income Common Stockholders": -109000.0,
        "Otherunder Preferred Stock Dividend": NaN,
        "Preferred Stock Dividends": NaN,
        "Net Income": -109000.0,
        "Net Income Including Noncontrolling Interests": -109000.0,
        "Net Income Continuous Operations": -109000.0,
        "Tax Provision": -565000.0,
        "Pretax Income": -674000.0,
        "Other Income Expense": NaN,
        "Special Income Charges": 0.0,
        "Gain On Sale Of Ppe": 0.0,
        "Impairment Of Capital Assets": NaN,
        "Net Non Operating Interest Income Expense": 442000.0,
        "Interest Expense Non Operating": 25000.0,
        "Interest Income Non Operating": 467000.0,
        "Operating Income": -1116000.0,
        "Operating Expense": 50307000.0,
        "Selling General And Administration": 50307000.0,
        "Gross Profit": 49191000.0,
        "Cost Of Revenue": 38093000.0,
        "Total Revenue": 87284000.0,
        "Operating Revenue": 87284000.0
    },
    "2022-12-31": {
        "Tax Effect Of Unusual Items": NaN,
        "Tax Rate For Calcs": NaN,
        "Normalized EBITDA": NaN,
        "Total Unusual Items": NaN,
        "Total Unusual Items Excluding Goodwill": NaN,
        "Net Income From Continuing Operation Net Minority Interest": NaN,
        "Reconciled Depreciation": NaN,
        "Reconciled Cost Of Revenue": NaN,
        "EBITDA": NaN,
        "EBIT": NaN,
        "Net Interest Income": NaN,
        "Interest Expense": NaN,
        "Interest Income": NaN,
        "Normalized Income": NaN,
        "Net Income From Continuing And Discontinued Operation": NaN,
        "Total Expenses": NaN,
        "Total Operating Income As Reported": NaN,
        "Diluted Average Shares": NaN,
        "Basic Average Shares": NaN,
        "Diluted EPS": NaN,
        "Basic EPS": NaN,
        "Diluted NI Availto Com Stockholders": NaN,
        "Net Income Common Stockholders": NaN,
        "Otherunder Preferred Stock Dividend": 1637000.0,
        "Preferred Stock Dividends": 199000.0,
        "Net Income": NaN,
        "Net Income Including Noncontrolling Interests": NaN,
        "Net Income Continuous Operations": NaN,
        "Tax Provision": NaN,
        "Pretax Income": NaN,
        "Other Income Expense": NaN,
        "Special Income Charges": NaN,
        "Gain On Sale Of Ppe": NaN,
        "Impairment Of Capital Assets": NaN,
        "Net Non Operating Interest Income Expense": NaN,
        "Interest Expense Non Operating": NaN,
        "Interest Income Non Operating": NaN,
        "Operating Income": NaN,
        "Operating Expense": NaN,
        "Selling General And Administration": NaN,
        "Gross Profit": NaN,
        "Cost Of Revenue": NaN,
        "Total Revenue": NaN,
        "Operating Revenue": NaN
    },
    "2022-09-30": {
        "Tax Effect Of Unusual Items": NaN,
        "Tax Rate For Calcs": NaN,
        "Normalized EBITDA": NaN,
        "Total Unusual Items": NaN,
        "Total Unusual Items Excluding Goodwill": NaN,
        "Net Income From Continuing Operation Net Minority Interest": NaN,
        "Reconciled Depreciation": NaN,
        "Reconciled Cost Of Revenue": NaN,
        "EBITDA": NaN,
        "EBIT": NaN,
        "Net Interest Income": NaN,
        "Interest Expense": NaN,
        "Interest Income": NaN,
        "Normalized Income": NaN,
        "Net Income From Continuing And Discontinued Operation": NaN,
        "Total Expenses": NaN,
        "Total Operating Income As Reported": NaN,
        "Diluted Average Shares": NaN,
        "Basic Average Shares": NaN,
        "Diluted EPS": NaN,
        "Basic EPS": NaN,
        "Diluted NI Availto Com Stockholders": NaN,
        "Net Income Common Stockholders": NaN,
        "Otherunder Preferred Stock Dividend": 695000.0,
        "Preferred Stock Dividends": 304000.0,
        "Net Income": NaN,
        "Net Income Including Noncontrolling Interests": NaN,
        "Net Income Continuous Operations": NaN,
        "Tax Provision": NaN,
        "Pretax Income": NaN,
        "Other Income Expense": NaN,
        "Special Income Charges": NaN,
        "Gain On Sale Of Ppe": NaN,
        "Impairment Of Capital Assets": 0.0,
        "Net Non Operating Interest Income Expense": NaN,
        "Interest Expense Non Operating": NaN,
        "Interest Income Non Operating": NaN,
        "Operating Income": NaN,
        "Operating Expense": NaN,
        "Selling General And Administration": NaN,
        "Gross Profit": NaN,
        "Cost Of Revenue": NaN,
        "Total Revenue": NaN,
        "Operating Revenue": NaN
    },
    "2022-06-30": {
        "Tax Effect Of Unusual Items": 55185.0,
        "Tax Rate For Calcs": 0.283,
        "Normalized EBITDA": 1730000.0,
        "Total Unusual Items": 195000.0,
        "Total Unusual Items Excluding Goodwill": 195000.0,
        "Net Income From Continuing Operation Net Minority Interest": 259000.0,
        "Reconciled Depreciation": 1529000.0,
        "Reconciled Cost Of Revenue": 36106000.0,
        "EBITDA": 1925000.0,
        "EBIT": 396000.0,
        "Net Interest Income": -35000.0,
        "Interest Expense": 35000.0,
        "Interest Income": NaN,
        "Normalized Income": 119185.0,
        "Net Income From Continuing And Discontinued Operation": 259000.0,
        "Total Expenses": 81941000.0,
        "Total Operating Income As Reported": 396000.0,
        "Diluted Average Shares": 25962617.0,
        "Basic Average Shares": 25962617.0,
        "Diluted EPS": -0.001733,
        "Basic EPS": -0.001733,
        "Diluted NI Availto Com Stockholders": -45000.0,
        "Net Income Common Stockholders": -45000.0,
        "Otherunder Preferred Stock Dividend": 0.0,
        "Preferred Stock Dividends": 304000.0,
        "Net Income": 259000.0,
        "Net Income Including Noncontrolling Interests": 259000.0,
        "Net Income Continuous Operations": 259000.0,
        "Tax Provision": 102000.0,
        "Pretax Income": 361000.0,
        "Other Income Expense": 195000.0,
        "Special Income Charges": 195000.0,
        "Gain On Sale Of Ppe": 195000.0,
        "Impairment Of Capital Assets": NaN,
        "Net Non Operating Interest Income Expense": -35000.0,
        "Interest Expense Non Operating": 35000.0,
        "Interest Income Non Operating": NaN,
        "Operating Income": 201000.0,
        "Operating Expense": 45835000.0,
        "Selling General And Administration": 45835000.0,
        "Gross Profit": 46036000.0,
        "Cost Of Revenue": 36106000.0,
        "Total Revenue": 82142000.0,
        "Operating Revenue": 82142000.0
    },
    "2022-03-31": {
        "Diluted EPS": 0.0,
        "Total Revenue": 83,
        "Gross Profit": 46,
        "Operating Income": 0,
        "EBIT": 1,
        "Net Income": 0
    },
    "2021-12-31": {
        "Diluted EPS": 0.74,
        "Total Revenue": 88,
        "Gross Profit": 53,
        "Operating Income": 34,
        "EBIT": 36,
        "Net Income": 24
    },
    "2021-09-30": {
        "Diluted EPS": 0.11,
        "Total Revenue": 89,
        "Gross Profit": 51,
        "Operating Income": 6,
        "EBIT": 8,
        "Net Income": 4
    },
    "2021-06-30": {
        "Diluted EPS": 0.06,
        "Total Revenue": 80,
        "Gross Profit": 47,
        "Operating Income": 3,
        "EBIT": 5,
        "Net Income": 2
    },
    "2021-03-31": {
        "Diluted EPS": 0.13,
        "Total Revenue": 78,
        "Gross Profit": 46,
        "Operating Income": 6,
        "EBIT": 8,
        "Net Income": 4
    },
    "2020-12-31": {
        "Diluted EPS": 1.47,
        "Total Revenue": 82,
        "Gross Profit": 50,
        "Operating Income": 11,
        "EBIT": 13,
        "Net Income": 46
    },
    "2020-09-30": {
        "Diluted EPS": 0.08,
        "Total Revenue": 79,
        "Gross Profit": 45,
        "Operating Income": 4,
        "EBIT": 6,
        "Net Income": 2
    },
    "2020-06-30": {
        "Diluted EPS": 0.02,
        "Total Revenue": 62,
        "Gross Profit": 36,
        "Operating Income": 1,
        "EBIT": 3,
        "Net Income": 1
    },
    "2020-03-31": {
        "Diluted EPS": -0.08,
        "Total Revenue": 70,
        "Gross Profit": 40,
        "Operating Income": -1,
        "EBIT": 1,
        "Net Income": -2
    },
    "2019-12-31": {
        "Diluted EPS": 0.37,
        "Total Revenue": 74,
        "Gross Profit": 43,
        "Operating Income": 10,
        "EBIT": 13,
        "Net Income": 9
    },
    "2019-09-30": {
        "Diluted EPS": 0.05,
        "Total Revenue": 73,
        "Gross Profit": 39,
        "Operating Income": 2,
        "EBIT": 4,
        "Net Income": 1
    },
    "2019-06-30": {
        "Diluted EPS": -0.12,
        "Total Revenue": 64,
        "Gross Profit": 34,
        "Operating Income": -2,
        "EBIT": 0,
        "Net Income": -3
    },
    "2019-03-31": {
        "Diluted EPS": -0.22,
        "Total Revenue": 63,
        "Gross Profit": 33,
        "Operating Income": -5,
        "EBIT": -3,
        "Net Income": -5
    },
    "2018-12-31": {
        "Diluted EPS": 0.2,
        "Total Revenue": 70,
        "Gross Profit": 39,
        "Operating Income": 6,
        "EBIT": 8,
        "Net Income": 5
    },
    "2018-09-30": {
        "Diluted EPS": -0.02,
        "Total Revenue": 70,
        "Gross Profit": 37,
        "Operating Income": 0,
        "EBIT": 2,
        "Net Income": -1
    },
    "2018-06-30": {
        "Diluted EPS": -0.17,
        "Total Revenue": 61,
        "Gross Profit": 31,
        "Operating Income": -4,
        "EBIT": -1,
        "Net Income": -4
    },
    "2018-03-31": {
        "Diluted EPS": -0.28,
        "Total Revenue": 62,
        "Gross Profit": 31,
        "Operating Income": -6,
        "EBIT": -4,
        "Net Income": -7
    },
    "2017-12-31": {
        "Diluted EPS": 0.32,
        "Total Revenue": 67,
        "Gross Profit": 37,
        "Operating Income": 8,
        "EBIT": 10,
        "Net Income": 8
    },
    "2017-09-30": {
        "Diluted EPS": -0.06,
        "Total Revenue": 67,
        "Gross Profit": 33,
        "Operating Income": -1,
        "EBIT": 2,
        "Net Income": -1
    },
    "2017-06-30": {
        "Diluted EPS": -0.28,
        "Total Revenue": 62,
        "Gross Profit": 29,
        "Operating Income": -6,
        "EBIT": -4,
        "Net Income": -7
    },
    "2017-03-31": {
        "Diluted EPS": -0.46,
        "Total Revenue": 65,
        "Gross Profit": 33,
        "Operating Income": -6,
        "EBIT": -1,
        "Net Income": -11
    },
    "2016-12-31": {
        "Diluted EPS": -0.8,
        "Total Revenue": 73,
        "Gross Profit": 38,
        "Operating Income": -19,
        "EBIT": -16,
        "Net Income": -19
    },
    "2016-09-30": {
        "Diluted EPS": -0.02,
        "Total Revenue": 74,
        "Gross Profit": 37,
        "Operating Income": -1,
        "EBIT": 2,
        "Net Income": 0
    },
    "2016-06-30": {
        "Diluted EPS": -0.13,
        "Total Revenue": 68,
        "Gross Profit": 33,
        "Operating Income": -3,
        "EBIT": 0,
        "Net Income": -3
    },
    "2016-03-31": {
        "Diluted EPS": -0.26,
        "Total Revenue": 71,
        "Gross Profit": 34,
        "Operating Income": -6,
        "EBIT": -3,
        "Net Income": -6
    },
    "2015-12-31": {
        "Diluted EPS": 0.37,
        "Total Revenue": 49,
        "Gross Profit": 26,
        "Operating Income": 4,
        "EBIT": 8,
        "Net Income": 9
    },
    "2015-09-30": {
        "Diluted EPS": 0.11,
        "Total Revenue": 54,
        "Gross Profit": 29,
        "Operating Income": 6,
        "EBIT": 10,
        "Net Income": 3
    },
    "2015-06-30": {
        "Diluted EPS": -0.33,
        "Total Revenue": 45,
        "Gross Profit": 22,
        "Operating Income": -4,
        "EBIT": -1,
        "Net Income": -8
    },
    "2015-03-31": {
        "Diluted EPS": -0.3,
        "Total Revenue": 48,
        "Gross Profit": 25,
        "Operating Income": -5,
        "EBIT": -1,
        "Net Income": -7
    },
    "2014-12-31": {
        "Diluted EPS": 0.2,
        "Total Revenue": 53,
        "Gross Profit": 29,
        "Operating Income": 5,
        "EBIT": 11,
        "Net Income": 5
    },
    "2014-09-30": {
        "Diluted EPS": -1.67,
        "Total Revenue": 84,
        "Gross Profit": 42,
        "Operating Income": -39,
        "EBIT": 7,
        "Net Income": -38
    },
    "2014-06-30": {
        "Diluted EPS": -0.51,
        "Total Revenue": 76,
        "Gross Profit": 36,
        "Operating Income": -9,
        "EBIT": -4,
        "Net Income": -12
    },
    "2014-03-31": {
        "Diluted EPS": -0.49,
        "Total Revenue": 79,
        "Gross Profit": 37,
        "Operating Income": -9,
        "EBIT": -3,
        "Net Income": -11
    },
    "2013-12-31": {
        "Diluted EPS": -1.42,
        "Total Revenue": 87,
        "Gross Profit": 46,
        "Operating Income": 7,
        "EBIT": 13,
        "Net Income": -32
    },
    "2013-09-30": {
        "Diluted EPS": -0.1,
        "Total Revenue": 89,
        "Gross Profit": 44,
        "Operating Income": 1,
        "EBIT": 13,
        "Net Income": -2
    },
    "2013-06-30": {
        "Diluted EPS": -0.42,
        "Total Revenue": 82,
        "Gross Profit": 39,
        "Operating Income": -10,
        "EBIT": -4,
        "Net Income": -9
    },
    "2013-03-31": {
        "Diluted EPS": -0.33,
        "Total Revenue": 86,
        "Gross Profit": 43,
        "Operating Income": -7,
        "EBIT": -1,
        "Net Income": -7
    },
    "2012-12-31": {
        "Diluted EPS": -0.54,
        "Total Revenue": 80,
        "Gross Profit": 47,
        "Operating Income": 5,
        "EBIT": 54,
        "Net Income": -12
    },
    "2012-09-30": {
        "Diluted EPS": -0.07,
        "Total Revenue": 102,
        "Gross Profit": 53,
        "Operating Income": 2,
        "EBIT": -15,
        "Net Income": -1
    },
    "2012-06-30": {
        "Diluted EPS": -0.93,
        "Total Revenue": 97,
        "Gross Profit": 50,
        "Operating Income": -17,
        "EBIT": 14,
        "Net Income": -21
    },
    "2012-03-31": {
        "Diluted EPS": -0.14,
        "Total Revenue": 101,
        "Gross Profit": 52,
        "Operating Income": -3,
        "EBIT": 4,
        "Net Income": -3
    },
    "2011-12-31": {
        "Diluted EPS": 0.29,
        "Total Revenue": 60,
        "Gross Profit": 34,
        "Operating Income": 12,
        "EBIT": 19,
        "Net Income": 6
    },
    "2011-09-30": {
        "Diluted EPS": -0.18,
        "Total Revenue": 123,
        "Gross Profit": 66,
        "Operating Income": -5,
        "EBIT": 13,
        "Net Income": -4
    },
    "2011-06-30": {
        "Diluted EPS": 0.22,
        "Total Revenue": 128,
        "Gross Profit": 74,
        "Operating Income": 9,
        "EBIT": 16,
        "Net Income": 5
    },
    "2011-03-31": {
        "Diluted EPS": 0.46,
        "Total Revenue": 145,
        "Gross Profit": 86,
        "Operating Income": 18,
        "EBIT": 25,
        "Net Income": 10
    },
    "2010-12-31": {
        "Diluted EPS": 0.98,
        "Total Revenue": 132,
        "Gross Profit": 85,
        "Operating Income": 34,
        "EBIT": 47,
        "Net Income": 23
    },
    "2010-09-30": {
        "Diluted EPS": 0.76,
        "Total Revenue": 167,
        "Gross Profit": 104,
        "Operating Income": 32,
        "EBIT": 39,
        "Net Income": 19
    },
    "2010-06-30": {
        "Diluted EPS": 0.5,
        "Total Revenue": 153,
        "Gross Profit": 95,
        "Operating Income": 23,
        "EBIT": 30,
        "Net Income": 13
    },
    "2010-03-31": {
        "Diluted EPS": 0.55,
        "Total Revenue": 152,
        "Gross Profit": 94,
        "Operating Income": 25,
        "EBIT": 32,
        "Net Income": 14
    },
    "2009-12-31": {
        "Diluted EPS": 0.83,
        "Total Revenue": 157,
        "Gross Profit": 103,
        "Operating Income": 40,
        "EBIT": 47,
        "Net Income": 22
    },
    "2009-09-30": {
        "Diluted EPS": 0.5,
        "Total Revenue": 148,
        "Gross Profit": 91,
        "Operating Income": 24,
        "EBIT": 30,
        "Net Income": 14
    },
    "2009-06-30": {
        "Diluted EPS": 0.27,
        "Total Revenue": 128,
        "Gross Profit": 77,
        "Operating Income": 13,
        "EBIT": 20,
        "Net Income": 7
    },
    "2009-03-31": {
        "Diluted EPS": 0.22,
        "Total Revenue": 119,
        "Gross Profit": 70,
        "Operating Income": 11,
        "EBIT": 16,
        "Net Income": 6
    },
    "2023-06-30": {
        "Tax Effect Of Unusual Items": 7540192.72697,
        "Tax Rate For Calcs": 0.282267,
        "Normalized EBITDA": -974000.0,
        "Total Unusual Items": 26713000.0,
        "Total Unusual Items Excluding Goodwill": 26713000.0,
        "Net Income From Continuing Operation Net Minority Interest": 17250000.0,
        "Reconciled Depreciation": 1677000.0,
        "Reconciled Cost Of Revenue": 40030000.0,
        "EBITDA": 25739000.0,
        "EBIT": 24062000.0,
        "Net Interest Income": 519000.0,
        "Interest Expense": 28000.0,
        "Interest Income": 547000.0,
        "Normalized Income": -1922807.27303,
        "Net Income From Continuing And Discontinued Operation": 17250000.0,
        "Total Expenses": 91844000.0,
        "Total Operating Income As Reported": 23515000.0,
        "Diluted Average Shares": 30397308.0,
        "Basic Average Shares": 30140221.0,
        "Diluted EPS": 0.57,
        "Basic EPS": 0.57,
        "Diluted NI Availto Com Stockholders": 17250000.0,
        "Net Income Common Stockholders": 17250000.0,
        "Otherunder Preferred Stock Dividend": NaN,
        "Net Income": 17250000.0,
        "Net Income Including Noncontrolling Interests": 17250000.0,
        "Net Income Continuous Operations": 17250000.0,
        "Tax Provision": 6784000.0,
        "Pretax Income": 24034000.0,
        "Other Income Expense": 26713000.0,
        "Special Income Charges": 26713000.0,
        "Gain On Sale Of Ppe": 30933000.0,
        "Impairment Of Capital Assets": 4220000.0,
        "Net Non Operating Interest Income Expense": 519000.0,
        "Interest Expense Non Operating": 28000.0,
        "Interest Income Non Operating": 547000.0,
        "Operating Income": -3198000.0,
        "Operating Expense": 51814000.0,
        "Selling General And Administration": 51814000.0,
        "Gross Profit": 48616000.0,
        "Cost Of Revenue": 40030000.0,
        "Total Revenue": 88646000.0,
        "Operating Revenue": 88646000.0
    },
    "2023-09-30": {
        "Tax Effect Of Unusual Items": -2216.0,
        "Tax Rate For Calcs": 0.277,
        "Normalized EBITDA": 4606000.0,
        "Total Unusual Items": -8000.0,
        "Total Unusual Items Excluding Goodwill": -8000.0,
        "Net Income From Continuing Operation Net Minority Interest": 2064000.0,
        "Reconciled Depreciation": 1724000.0,
        "Reconciled Cost Of Revenue": 43129000.0,
        "EBITDA": 4598000.0,
        "EBIT": 2874000.0,
        "Net Interest Income": 857000.0,
        "Interest Expense": 21000.0,
        "Interest Income": 878000.0,
        "Normalized Income": 2069784.0,
        "Net Income From Continuing And Discontinued Operation": 2064000.0,
        "Total Expenses": 97614000.0,
        "Total Operating Income As Reported": 1996000.0,
        "Diluted Average Shares": 30698475.0,
        "Basic Average Shares": 30163745.0,
        "Diluted EPS": 0.07,
        "Basic EPS": 0.07,
        "Diluted NI Availto Com Stockholders": 2064000.0,
        "Net Income Common Stockholders": 2064000.0,
        "Otherunder Preferred Stock Dividend": 0.0,
        "Net Income": 2064000.0,
        "Net Income Including Noncontrolling Interests": 2064000.0,
        "Net Income Continuous Operations": 2064000.0,
        "Tax Provision": 789000.0,
        "Pretax Income": 2853000.0,
        "Other Income Expense": -8000.0,
        "Special Income Charges": -8000.0,
        "Gain On Sale Of Ppe": -8000.0,
        "Impairment Of Capital Assets": 0.0,
        "Net Non Operating Interest Income Expense": 857000.0,
        "Interest Expense Non Operating": 21000.0,
        "Interest Income Non Operating": 878000.0,
        "Operating Income": 2004000.0,
        "Operating Expense": 54485000.0,
        "Selling General And Administration": 54485000.0,
        "Gross Profit": 56489000.0,
        "Cost Of Revenue": 43129000.0,
        "Total Revenue": 99618000.0,
        "Operating Revenue": 99618000.0
    },
    "2023-12-31": {
        "Tax Effect Of Unusual Items": -1396.816976,
        "Tax Rate For Calcs": 0.279363,
        "Normalized EBITDA": 11643000.0,
        "Total Unusual Items": -5000.0,
        "Total Unusual Items Excluding Goodwill": -5000.0,
        "Net Income From Continuing Operation Net Minority Interest": 6792000.0,
        "Reconciled Depreciation": 1940000.0,
        "Reconciled Cost Of Revenue": 41024000.0,
        "EBITDA": 11638000.0,
        "EBIT": 9698000.0,
        "Net Interest Income": 464000.0,
        "Interest Expense": 273000.0,
        "Interest Income": 737000.0,
        "Normalized Income": 6795603.183024,
        "Net Income From Continuing And Discontinued Operation": 6792000.0,
        "Total Expenses": 93556000.0,
        "Total Operating Income As Reported": 8961000.0,
        "Diluted Average Shares": 30847000.0,
        "Basic Average Shares": 30126000.0,
        "Diluted EPS": 0.22,
        "Basic EPS": 0.23,
        "Diluted NI Availto Com Stockholders": 6792000.0,
        "Net Income Common Stockholders": 6792000.0,
        "Otherunder Preferred Stock Dividend": 0.0,
        "Net Income": 6792000.0,
        "Net Income Including Noncontrolling Interests": 6792000.0,
        "Net Income Continuous Operations": 6792000.0,
        "Tax Provision": 2633000.0,
        "Pretax Income": 9425000.0,
        "Other Income Expense": -5000.0,
        "Special Income Charges": -5000.0,
        "Gain On Sale Of Ppe": -5000.0,
        "Impairment Of Capital Assets": 0.0,
        "Net Non Operating Interest Income Expense": 464000.0,
        "Interest Expense Non Operating": 273000.0,
        "Interest Income Non Operating": 737000.0,
        "Operating Income": 8966000.0,
        "Operating Expense": 52532000.0,
        "Selling General And Administration": 52532000.0,
        "Gross Profit": 61498000.0,
        "Cost Of Revenue": 41024000.0,
        "Total Revenue": 102522000.0,
        "Operating Revenue": 102522000.0
    },
    "2024-03-31": {
        "Tax Effect Of Unusual Items": -106779.816514,
        "Tax Rate For Calcs": 0.345566,
        "Normalized EBITDA": 3148000.0,
        "Total Unusual Items": -309000.0,
        "Total Unusual Items Excluding Goodwill": -309000.0,
        "Net Income From Continuing Operation Net Minority Interest": -214000.0,
        "Reconciled Depreciation": 2599000.0,
        "Reconciled Cost Of Revenue": 43023000.0,
        "EBITDA": 2839000.0,
        "EBIT": 240000.0,
        "Net Interest Income": 131000.0,
        "Interest Expense": 567000.0,
        "Interest Income": 698000.0,
        "Normalized Income": -11779.816514,
        "Net Income From Continuing And Discontinued Operation": -214000.0,
        "Total Expenses": 103515000.0,
        "Total Operating Income As Reported": -458000.0,
        "Diluted Average Shares": 30301000.0,
        "Basic Average Shares": 30301000.0,
        "Diluted EPS": -0.01,
        "Basic EPS": -0.01,
        "Diluted NI Availto Com Stockholders": -214000.0,
        "Net Income Common Stockholders": -214000.0,
        "Otherunder Preferred Stock Dividend": NaN,
        "Net Income": -214000.0,
        "Net Income Including Noncontrolling Interests": -214000.0,
        "Net Income Continuous Operations": -214000.0,
        "Tax Provision": -113000.0,
        "Pretax Income": -327000.0,
        "Other Income Expense": -309000.0,
        "Special Income Charges": -309000.0,
        "Gain On Sale Of Ppe": -309000.0,
        "Impairment Of Capital Assets": NaN,
        "Net Non Operating Interest Income Expense": 131000.0,
        "Interest Expense Non Operating": 567000.0,
        "Interest Income Non Operating": 698000.0,
        "Operating Income": -149000.0,
        "Operating Expense": 60492000.0,
        "Selling General And Administration": 60492000.0,
        "Gross Profit": 60343000.0,
        "Cost Of Revenue": 43023000.0,
        "Total Revenue": 103366000.0,
        "Operating Revenue": 103366000.0
    },
    "2024-06-30": {
        "Tax Effect Of Unusual Items": -241600.0,
        "Tax Rate For Calcs": 0.4,
        "Normalized EBITDA": 3028000.0,
        "Total Unusual Items": -604000.0,
        "Total Unusual Items Excluding Goodwill": -604000.0,
        "Net Income From Continuing Operation Net Minority Interest": -682000.0,
        "Reconciled Depreciation": 2902000.0,
        "Reconciled Cost Of Revenue": 45561000.0,
        "EBITDA": 2424000.0,
        "EBIT": -478000.0,
        "Net Interest Income": -29000.0,
        "Interest Expense": 667000.0,
        "Interest Income": 638000.0,
        "Normalized Income": -319600.0,
        "Net Income From Continuing And Discontinued Operation": -682000.0,
        "Total Expenses": 103426000.0,
        "Total Operating Income As Reported": -1116000.0,
        "Diluted Average Shares": 30659878.0,
        "Basic Average Shares": 30659878.0,
        "Diluted EPS": -0.02,
        "Basic EPS": -0.02,
        "Diluted NI Availto Com Stockholders": -682000.0,
        "Net Income Common Stockholders": -682000.0,
        "Otherunder Preferred Stock Dividend": NaN,
        "Net Income": -682000.0,
        "Net Income Including Noncontrolling Interests": -682000.0,
        "Net Income Continuous Operations": -682000.0,
        "Tax Provision": -463000.0,
        "Pretax Income": -1145000.0,
        "Other Income Expense": -604000.0,
        "Special Income Charges": -604000.0,
        "Gain On Sale Of Ppe": -604000.0,
        "Impairment Of Capital Assets": 0.0,
        "Net Non Operating Interest Income Expense": -29000.0,
        "Interest Expense Non Operating": 667000.0,
        "Interest Income Non Operating": 638000.0,
        "Operating Income": -512000.0,
        "Operating Expense": 57865000.0,
        "Selling General And Administration": 57865000.0,
        "Gross Profit": 57353000.0,
        "Cost Of Revenue": 45561000.0,
        "Total Revenue": 102914000.0,
        "Operating Revenue": 102914000.0
    }
}