{
    "2023-06-30": {
        "Tax Effect Of Unusual Items": 73080.0,
        "Tax Rate For Calcs": 0.21,
        "Normalized EBITDA": -678000.0,
        "Total Unusual Items": 348000.0,
        "Total Unusual Items Excluding Goodwill": 348000.0,
        "Net Income From Continuing Operation Net Minority Interest": -24470000.0,
        "Reconciled Depreciation": 11689000.0,
        "Reconciled Cost Of Revenue": 77296000.0,
        "EBITDA": -330000.0,
        "EBIT": -12019000.0,
        "Net Interest Income": -11645000.0,
        "Interest Expense": 11645000.0,
        "Normalized Income": -24744920.0,
        "Net Income From Continuing And Discontinued Operation": -24470000.0,
        "Total Expenses": 133298000.0,
        "Total Operating Income As Reported": -8500000.0,
        "Diluted Average Shares": 53245491.0,
        "Basic Average Shares": 53245491.0,
        "Diluted EPS": -0.48,
        "Basic EPS": -0.48,
        "Diluted NI Availto Com Stockholders": -25553000.0,
        "Net Income Common Stockholders": -25553000.0,
        "Preferred Stock Dividends": 1083000.0,
        "Net Income": -24470000.0,
        "Minority Interests": -765000.0,
        "Net Income Including Noncontrolling Interests": -23705000.0,
        "Net Income Continuous Operations": -23705000.0,
        "Tax Provision": 41000.0,
        "Pretax Income": -23664000.0,
        "Other Income Expense": -3519000.0,
        "Other Non Operating Income Expenses": -3867000.0,
        "Gain On Sale Of Security": 348000.0,
        "Net Non Operating Interest Income Expense": -11645000.0,
        "Interest Expense Non Operating": 11645000.0,
        "Operating Income": -8500000.0,
        "Operating Expense": 55644000.0,
        "Depreciation Amortization Depletion Income Statement": 11331000.0,
        "Depreciation And Amortization In Income Statement": 11331000.0,
        "Selling General And Administration": 44313000.0,
        "Selling And Marketing Expense": 15158000.0,
        "General And Administrative Expense": 29155000.0,
        "Other Gand A": 29155000.0,
        "Gross Profit": 47144000.0,
        "Cost Of Revenue": 77654000.0,
        "Total Revenue": 124798000.0,
        "Operating Revenue": 124798000.0
    },
    "2023-03-31": {
        "Tax Effect Of Unusual Items": 31920.0,
        "Tax Rate For Calcs": 0.21,
        "Normalized EBITDA": 24797000.0,
        "Total Unusual Items": 152000.0,
        "Total Unusual Items Excluding Goodwill": 152000.0,
        "Net Income From Continuing Operation Net Minority Interest": 621000.0,
        "Reconciled Depreciation": 12161000.0,
        "Reconciled Cost Of Revenue": 71697000.0,
        "EBITDA": 24949000.0,
        "EBIT": 12788000.0,
        "Net Interest Income": -10467000.0,
        "Interest Expense": 10467000.0,
        "Normalized Income": 500920.0,
        "Net Income From Continuing And Discontinued Operation": 621000.0,
        "Total Expenses": 130929000.0,
        "Total Operating Income As Reported": 12466000.0,
        "Diluted Average Shares": 53128100.0,
        "Basic Average Shares": 53128100.0,
        "Diluted EPS": -0.01,
        "Basic EPS": -0.01,
        "Diluted NI Availto Com Stockholders": -448000.0,
        "Net Income Common Stockholders": -448000.0,
        "Preferred Stock Dividends": 1069000.0,
        "Net Income": 621000.0,
        "Minority Interests": -157000.0,
        "Net Income Including Noncontrolling Interests": 778000.0,
        "Net Income Continuous Operations": 778000.0,
        "Tax Provision": 1543000.0,
        "Pretax Income": 2321000.0,
        "Other Income Expense": 322000.0,
        "Other Non Operating Income Expenses": 170000.0,
        "Gain On Sale Of Security": 152000.0,
        "Net Non Operating Interest Income Expense": -10467000.0,
        "Interest Expense Non Operating": 10467000.0,
        "Operating Income": 12466000.0,
        "Operating Expense": 58879000.0,
        "Depreciation Amortization Depletion Income Statement": 11808000.0,
        "Depreciation And Amortization In Income Statement": 11808000.0,
        "Selling General And Administration": 47071000.0,
        "Selling And Marketing Expense": 20652000.0,
        "General And Administrative Expense": 26419000.0,
        "Other Gand A": 26419000.0,
        "Gross Profit": 71345000.0,
        "Cost Of Revenue": 72050000.0,
        "Total Revenue": 143395000.0,
        "Operating Revenue": 143395000.0
    },
    "2022-12-31": {
        "Tax Effect Of Unusual Items": 38010.0,
        "Tax Rate For Calcs": 0.21,
        "Normalized EBITDA": -4837000.0,
        "Total Unusual Items": 181000.0,
        "Total Unusual Items Excluding Goodwill": 181000.0,
        "Net Income From Continuing Operation Net Minority Interest": -32178000.0,
        "Reconciled Depreciation": 10849000.0,
        "Reconciled Cost Of Revenue": 75194000.0,
        "EBITDA": -4656000.0,
        "EBIT": -15505000.0,
        "Net Interest Income": -10995000.0,
        "Interest Expense": 10995000.0,
        "Normalized Income": -32320990.0,
        "Net Income From Continuing And Discontinued Operation": -32178000.0,
        "Total Expenses": 133255000.0,
        "Total Operating Income As Reported": -15295000.0,
        "Diluted Average Shares": 53078214.0,
        "Basic Average Shares": 53078214.0,
        "Diluted EPS": -0.63,
        "Basic EPS": -0.63,
        "Diluted NI Availto Com Stockholders": -33231000.0,
        "Net Income Common Stockholders": -33231000.0,
        "Preferred Stock Dividends": 1053000.0,
        "Net Income": -32178000.0,
        "Minority Interests": -221000.0,
        "Net Income Including Noncontrolling Interests": -31957000.0,
        "Net Income Continuous Operations": -31957000.0,
        "Tax Provision": 5457000.0,
        "Pretax Income": -26500000.0,
        "Other Income Expense": -210000.0,
        "Other Non Operating Income Expenses": -391000.0,
        "Gain On Sale Of Security": 181000.0,
        "Net Non Operating Interest Income Expense": -10995000.0,
        "Interest Expense Non Operating": 10995000.0,
        "Operating Income": -15295000.0,
        "Operating Expense": 58061000.0,
        "Depreciation Amortization Depletion Income Statement": 10849000.0,
        "Depreciation And Amortization In Income Statement": 10849000.0,
        "Selling General And Administration": 47212000.0,
        "Selling And Marketing Expense": 19803000.0,
        "General And Administrative Expense": 27409000.0,
        "Other Gand A": 27409000.0,
        "Gross Profit": 42766000.0,
        "Cost Of Revenue": 75194000.0,
        "Total Revenue": 117960000.0,
        "Operating Revenue": 117960000.0
    },
    "2022-09-30": {
        "Tax Effect Of Unusual Items": -348800.0,
        "Tax Rate For Calcs": 0.4,
        "Normalized EBITDA": 16334000.0,
        "Total Unusual Items": -872000.0,
        "Total Unusual Items Excluding Goodwill": -872000.0,
        "Net Income From Continuing Operation Net Minority Interest": -8726000.0,
        "Reconciled Depreciation": 10859000.0,
        "Reconciled Cost Of Revenue": 87556000.0,
        "EBITDA": 15462000.0,
        "EBIT": 4603000.0,
        "Net Interest Income": -8369000.0,
        "Interest Expense": 8369000.0,
        "Normalized Income": -8202800.0,
        "Net Income From Continuing And Discontinued Operation": -8726000.0,
        "Total Expenses": 138975000.0,
        "Total Operating Income As Reported": 5808000.0,
        "Diluted Average Shares": 53045329.0,
        "Basic Average Shares": 53045329.0,
        "Diluted EPS": -0.18,
        "Basic EPS": -0.18,
        "Diluted NI Availto Com Stockholders": -9762000.0,
        "Net Income Common Stockholders": -9762000.0,
        "Otherunder Preferred Stock Dividend": NaN,
        "Preferred Stock Dividends": 1036000.0,
        "Net Income": -8726000.0,
        "Minority Interests": -3228000.0,
        "Net Income Including Noncontrolling Interests": -5498000.0,
        "Net Income Continuous Operations": -5498000.0,
        "Tax Provision": 1732000.0,
        "Pretax Income": -3766000.0,
        "Other Income Expense": -1205000.0,
        "Other Non Operating Income Expenses": -333000.0,
        "Gain On Sale Of Security": -872000.0,
        "Net Non Operating Interest Income Expense": -8369000.0,
        "Interest Expense Non Operating": 8369000.0,
        "Operating Income": 5808000.0,
        "Operating Expense": 51399000.0,
        "Depreciation Amortization Depletion Income Statement": 10839000.0,
        "Depreciation And Amortization In Income Statement": 10839000.0,
        "Selling General And Administration": 40560000.0,
        "Selling And Marketing Expense": 16025000.0,
        "General And Administrative Expense": 24535000.0,
        "Other Gand A": 24535000.0,
        "Gross Profit": 57207000.0,
        "Cost Of Revenue": 87576000.0,
        "Total Revenue": 144783000.0,
        "Operating Revenue": 144783000.0
    },
    "2022-06-30": {
        "Tax Effect Of Unusual Items": -22073.843236,
        "Tax Rate For Calcs": 0.032654,
        "Normalized EBITDA": -8254000.0,
        "Total Unusual Items": -676000.0,
        "Total Unusual Items Excluding Goodwill": -676000.0,
        "Net Income From Continuing Operation Net Minority Interest": -28756000.0,
        "Reconciled Depreciation": 11176000.0,
        "Reconciled Cost Of Revenue": 62499000.0,
        "EBITDA": -8930000.0,
        "EBIT": -20106000.0,
        "Net Interest Income": -9416000.0,
        "Interest Expense": 9416000.0,
        "Normalized Income": -28102073.843236,
        "Net Income From Continuing And Discontinued Operation": -28756000.0,
        "Total Expenses": 110224000.0,
        "Total Operating Income As Reported": -19314000.0,
        "Diluted Average Shares": 51195280.0,
        "Basic Average Shares": 51195280.0,
        "Diluted EPS": -0.59,
        "Basic EPS": -0.59,
        "Diluted NI Availto Com Stockholders": -30039000.0,
        "Net Income Common Stockholders": -30039000.0,
        "Otherunder Preferred Stock Dividend": NaN,
        "Preferred Stock Dividends": 1283000.0,
        "Net Income": -28756000.0,
        "Minority Interests": -198000.0,
        "Net Income Including Noncontrolling Interests": -28558000.0,
        "Net Income Continuous Operations": -28558000.0,
        "Tax Provision": -964000.0,
        "Pretax Income": -29522000.0,
        "Other Income Expense": -792000.0,
        "Other Non Operating Income Expenses": -116000.0,
        "Gain On Sale Of Security": -676000.0,
        "Net Non Operating Interest Income Expense": -9416000.0,
        "Interest Expense Non Operating": 9416000.0,
        "Operating Income": -19314000.0,
        "Operating Expense": 47725000.0,
        "Depreciation Amortization Depletion Income Statement": 11176000.0,
        "Depreciation And Amortization In Income Statement": 11176000.0,
        "Selling General And Administration": 36549000.0,
        "Selling And Marketing Expense": 12839000.0,
        "General And Administrative Expense": 23710000.0,
        "Other Gand A": 23710000.0,
        "Gross Profit": 28411000.0,
        "Cost Of Revenue": 62499000.0,
        "Total Revenue": 90910000.0,
        "Operating Revenue": 90910000.0
    },
    "2022-03-31": {
        "Diluted EPS": -0.85,
        "Total Revenue": 68,
        "Gross Profit": 10,
        "Operating Income": -34,
        "EBIT": -22,
        "Net Income": -43
    },
    "2021-12-31": {
        "Diluted EPS": -0.54,
        "Total Revenue": 66,
        "Gross Profit": 14,
        "Operating Income": -30,
        "EBIT": -15,
        "Net Income": -28
    },
    "2021-09-30": {
        "Diluted EPS": -0.5,
        "Total Revenue": 65,
        "Gross Profit": 19,
        "Operating Income": -18,
        "EBIT": -7,
        "Net Income": -26
    },
    "2021-06-30": {
        "Diluted EPS": -0.71,
        "Total Revenue": 15,
        "Gross Profit": -4,
        "Operating Income": -33,
        "EBIT": -24,
        "Net Income": -37
    },
    "2021-03-31": {
        "Diluted EPS": -0.66,
        "Total Revenue": 2,
        "Gross Profit": -6,
        "Operating Income": -31,
        "EBIT": -22,
        "Net Income": -35
    },
    "2020-12-31": {
        "Diluted EPS": -0.61,
        "Total Revenue": 0,
        "Gross Profit": -10,
        "Operating Income": -29,
        "EBIT": -20,
        "Net Income": -31
    },
    "2020-09-30": {
        "Diluted EPS": -0.56,
        "Total Revenue": 1,
        "Gross Profit": -7,
        "Operating Income": -27,
        "EBIT": -18,
        "Net Income": -28
    },
    "2020-06-30": {
        "Diluted EPS": -0.8,
        "Total Revenue": 0,
        "Gross Profit": -13,
        "Operating Income": -35,
        "EBIT": -26,
        "Net Income": -40
    },
    "2020-03-31": {
        "Diluted EPS": -0.04,
        "Total Revenue": 81,
        "Gross Profit": 39,
        "Operating Income": 2,
        "EBIT": 10,
        "Net Income": -2
    },
    "2019-12-31": {
        "Diluted EPS": -0.04,
        "Total Revenue": 76,
        "Gross Profit": 34,
        "Operating Income": -1,
        "EBIT": 7,
        "Net Income": -1
    },
    "2019-09-30": {
        "Diluted EPS": -0.01,
        "Total Revenue": 101,
        "Gross Profit": 53,
        "Operating Income": 16,
        "EBIT": 23,
        "Net Income": 0
    },
    "2019-06-30": {
        "Diluted EPS": 0.02,
        "Total Revenue": 77,
        "Gross Profit": 39,
        "Operating Income": 4,
        "EBIT": 12,
        "Net Income": 1
    },
    "2019-03-31": {
        "Diluted EPS": 0.31,
        "Total Revenue": 90,
        "Gross Profit": 51,
        "Operating Income": 14,
        "EBIT": 22,
        "Net Income": 15
    },
    "2018-12-31": {
        "Diluted EPS": -0.11,
        "Total Revenue": 71,
        "Gross Profit": 32,
        "Operating Income": -4,
        "EBIT": 3,
        "Net Income": -5
    },
    "2018-09-30": {
        "Diluted EPS": 0.11,
        "Total Revenue": 87,
        "Gross Profit": 42,
        "Operating Income": 10,
        "EBIT": 16,
        "Net Income": 5
    },
    "2018-06-30": {
        "Diluted EPS": 0.0,
        "Total Revenue": 69,
        "Gross Profit": 36,
        "Operating Income": 4,
        "EBIT": 10,
        "Net Income": 0
    },
    "2018-03-31": {
        "Diluted EPS": 0.24,
        "Total Revenue": 82,
        "Gross Profit": 47,
        "Operating Income": 14,
        "EBIT": 21,
        "Net Income": 11
    },
    "2017-12-31": {
        "Diluted EPS": -0.34,
        "Total Revenue": 63,
        "Gross Profit": 27,
        "Operating Income": -3,
        "EBIT": 4,
        "Net Income": -16
    },
    "2017-09-30": {
        "Diluted EPS": 0.2,
        "Total Revenue": 85,
        "Gross Profit": 46,
        "Operating Income": 14,
        "EBIT": 19,
        "Net Income": 9
    },
    "2017-06-30": {
        "Diluted EPS": -0.06,
        "Total Revenue": 56,
        "Gross Profit": 27,
        "Operating Income": -2,
        "EBIT": 4,
        "Net Income": -3
    },
    "2017-03-31": {
        "Diluted EPS": 0.01,
        "Total Revenue": 63,
        "Gross Profit": 31,
        "Operating Income": 1,
        "EBIT": 6,
        "Net Income": 1
    },
    "2016-12-31": {
        "Diluted EPS": -0.19,
        "Total Revenue": 56,
        "Gross Profit": 24,
        "Operating Income": -5,
        "EBIT": -1,
        "Net Income": -9
    },
    "2016-09-30": {
        "Diluted EPS": 0.16,
        "Total Revenue": 71,
        "Gross Profit": 38,
        "Operating Income": 10,
        "EBIT": 17,
        "Net Income": 7
    },
    "2016-06-30": {
        "Diluted EPS": -0.1,
        "Total Revenue": 54,
        "Gross Profit": 24,
        "Operating Income": -3,
        "EBIT": 4,
        "Net Income": -4
    },
    "2016-03-31": {
        "Diluted EPS": 0.23,
        "Total Revenue": 62,
        "Gross Profit": 36,
        "Operating Income": 11,
        "EBIT": 17,
        "Net Income": 10
    },
    "2015-12-31": {
        "Diluted EPS": -0.03,
        "Total Revenue": 46,
        "Gross Profit": 22,
        "Operating Income": -1,
        "EBIT": 4,
        "Net Income": 0
    },
    "2015-09-30": {
        "Diluted EPS": 0.1,
        "Total Revenue": 59,
        "Gross Profit": 33,
        "Operating Income": 6,
        "EBIT": 10,
        "Net Income": 4
    },
    "2015-06-30": {
        "Diluted EPS": 0.2,
        "Total Revenue": 50,
        "Gross Profit": 28,
        "Operating Income": 2,
        "EBIT": 7,
        "Net Income": 9
    },
    "2015-03-31": {
        "Diluted EPS": 0.16,
        "Total Revenue": 55,
        "Gross Profit": 31,
        "Operating Income": 8,
        "EBIT": 11,
        "Net Income": 7
    },
    "2014-12-31": {
        "Diluted EPS": 0.38,
        "Total Revenue": 147,
        "Gross Profit": 80,
        "Operating Income": 20,
        "EBIT": 23,
        "Net Income": 15
    },
    "2014-09-30": {
        "Diluted EPS": 0.14,
        "Total Revenue": 52,
        "Gross Profit": 29,
        "Operating Income": 11,
        "EBIT": 11,
        "Net Income": 7
    },
    "2014-06-30": {
        "Diluted EPS": -0.04,
        "Total Revenue": NaN,
        "Gross Profit": NaN,
        "Operating Income": 0,
        "EBIT": 0,
        "Net Income": 0
    },
    "2014-03-31": {
        "Diluted EPS": -0.04,
        "Total Revenue": NaN,
        "Gross Profit": NaN,
        "Operating Income": 0,
        "EBIT": 0,
        "Net Income": 0
    },
    "2013-12-31": {
        "Diluted EPS": 0.36,
        "Total Revenue": NaN,
        "Gross Profit": NaN,
        "Operating Income": -168,
        "EBIT": -168,
        "Net Income": 15
    },
    "2013-09-30": {
        "Diluted EPS": -0.04,
        "Total Revenue": NaN,
        "Gross Profit": NaN,
        "Operating Income": 0,
        "EBIT": 0,
        "Net Income": 0
    },
    "2013-06-30": {
        "Diluted EPS": -0.03,
        "Total Revenue": NaN,
        "Gross Profit": NaN,
        "Operating Income": 0,
        "EBIT": 0,
        "Net Income": 0
    },
    "2013-03-31": {
        "Diluted EPS": 0.0,
        "Total Revenue": NaN,
        "Gross Profit": NaN,
        "Operating Income": 0,
        "EBIT": 0,
        "Net Income": 0
    },
    "2012-12-31": {
        "Diluted EPS": -0.0,
        "Total Revenue": NaN,
        "Gross Profit": NaN,
        "Operating Income": 0,
        "EBIT": 0,
        "Net Income": 0
    },
    "2012-09-30": {
        "Diluted EPS": 0.0,
        "Total Revenue": NaN,
        "Gross Profit": NaN,
        "Operating Income": 0,
        "EBIT": 0,
        "Net Income": 0
    },
    "2012-06-30": {
        "Diluted EPS": 0.0,
        "Total Revenue": NaN,
        "Gross Profit": NaN,
        "Operating Income": NaN,
        "EBIT": NaN,
        "Net Income": NaN
    },
    "2012-03-31": {
        "Diluted EPS": 0.0,
        "Total Revenue": NaN,
        "Gross Profit": NaN,
        "Operating Income": 0,
        "EBIT": 0,
        "Net Income": 0
    },
    "2023-09-30": {
        "Tax Effect Of Unusual Items": 0.0,
        "Tax Rate For Calcs": 0.0,
        "Normalized EBITDA": 31283000.0,
        "Total Unusual Items": -455000.0,
        "Total Unusual Items Excluding Goodwill": -455000.0,
        "Net Income From Continuing Operation Net Minority Interest": 5638000.0,
        "Reconciled Depreciation": 10884000.0,
        "Reconciled Cost Of Revenue": 95227000.0,
        "EBITDA": 30828000.0,
        "EBIT": 19944000.0,
        "Net Interest Income": -11482000.0,
        "Interest Expense": 11482000.0,
        "Normalized Income": 6093000.0,
        "Net Income From Continuing And Discontinued Operation": 5638000.0,
        "Total Expenses": 155513000.0,
        "Total Operating Income As Reported": 20476000.0,
        "Diluted Average Shares": 53401799.0,
        "Basic Average Shares": 53309336.0,
        "Diluted EPS": 0.08,
        "Basic EPS": 0.08,
        "Diluted NI Availto Com Stockholders": 4540000.0,
        "Net Income Common Stockholders": 4540000.0,
        "Preferred Stock Dividends": 1098000.0,
        "Net Income": 5638000.0,
        "Minority Interests": -2821000.0,
        "Net Income Including Noncontrolling Interests": 8459000.0,
        "Net Income Continuous Operations": 8459000.0,
        "Tax Provision": 3000.0,
        "Pretax Income": 8462000.0,
        "Other Income Expense": -532000.0,
        "Other Non Operating Income Expenses": -77000.0,
        "Gain On Sale Of Security": -455000.0,
        "Net Non Operating Interest Income Expense": -11482000.0,
        "Interest Expense Non Operating": 11482000.0,
        "Operating Income": 20476000.0,
        "Operating Expense": 59923000.0,
        "Depreciation Amortization Depletion Income Statement": 10521000.0,
        "Depreciation And Amortization In Income Statement": 10521000.0,
        "Selling General And Administration": 49402000.0,
        "Selling And Marketing Expense": 19387000.0,
        "General And Administrative Expense": 30015000.0,
        "Other Gand A": 30015000.0,
        "Gross Profit": 80399000.0,
        "Cost Of Revenue": 95590000.0,
        "Total Revenue": 175989000.0,
        "Operating Revenue": 175989000.0
    },
    "2023-12-31": {
        "Tax Effect Of Unusual Items": 148050.0,
        "Tax Rate For Calcs": 0.21,
        "Normalized EBITDA": -1087000.0,
        "Total Unusual Items": 705000.0,
        "Total Unusual Items Excluding Goodwill": 705000.0,
        "Net Income From Continuing Operation Net Minority Interest": -27405000.0,
        "Reconciled Depreciation": 12777000.0,
        "Reconciled Cost Of Revenue": 77357000.0,
        "EBITDA": -382000.0,
        "EBIT": -13433000.0,
        "Net Interest Income": -11421000.0,
        "Interest Expense": 11421000.0,
        "Normalized Income": -27961950.0,
        "Net Income From Continuing And Discontinued Operation": -27405000.0,
        "Total Expenses": 139205000.0,
        "Total Operating Income As Reported": -13845000.0,
        "Diluted Average Shares": NaN,
        "Basic Average Shares": NaN,
        "Diluted EPS": NaN,
        "Basic EPS": NaN,
        "Diluted NI Availto Com Stockholders": -28523000.0,
        "Net Income Common Stockholders": -28523000.0,
        "Preferred Stock Dividends": 1118000.0,
        "Net Income": -27405000.0,
        "Minority Interests": -992000.0,
        "Net Income Including Noncontrolling Interests": -26413000.0,
        "Net Income Continuous Operations": -26413000.0,
        "Tax Provision": 1559000.0,
        "Pretax Income": -24854000.0,
        "Other Income Expense": 412000.0,
        "Other Non Operating Income Expenses": -293000.0,
        "Gain On Sale Of Security": 705000.0,
        "Net Non Operating Interest Income Expense": -11421000.0,
        "Interest Expense Non Operating": 11421000.0,
        "Operating Income": -13845000.0,
        "Operating Expense": 62122000.0,
        "Depreciation Amortization Depletion Income Statement": 13051000.0,
        "Depreciation And Amortization In Income Statement": 13051000.0,
        "Selling General And Administration": 49071000.0,
        "Selling And Marketing Expense": 16229000.0,
        "General And Administrative Expense": 32842000.0,
        "Other Gand A": 32842000.0,
        "Gross Profit": 48277000.0,
        "Cost Of Revenue": 77083000.0,
        "Total Revenue": 125360000.0,
        "Operating Revenue": 125360000.0
    }
}