{
    "2023-03-31": {
        "Tax Effect Of Unusual Items": 0.0,
        "Tax Rate For Calcs": 0.21,
        "Normalized EBITDA": -124000.0,
        "Net Income From Continuing Operation Net Minority Interest": -191000.0,
        "Reconciled Depreciation": 49000.0,
        "Reconciled Cost Of Revenue": 1691000.0,
        "EBITDA": -124000.0,
        "EBIT": -173000.0,
        "Normalized Income": -191000.0,
        "Net Income From Continuing And Discontinued Operation": -191000.0,
        "Total Expenses": 3451000.0,
        "Total Operating Income As Reported": -173000.0,
        "Diluted Average Shares": 9915000.0,
        "Basic Average Shares": 9915000.0,
        "Diluted EPS": -0.03,
        "Basic EPS": -0.03,
        "Diluted NI Availto Com Stockholders": -291000.0,
        "Net Income Common Stockholders": -291000.0,
        "Preferred Stock Dividends": 100000.0,
        "Net Income": -191000.0,
        "Net Income Including Noncontrolling Interests": -191000.0,
        "Net Income Continuous Operations": -191000.0,
        "Tax Provision": 82000.0,
        "Pretax Income": -109000.0,
        "Other Income Expense": 64000.0,
        "Other Non Operating Income Expenses": 64000.0,
        "Operating Income": -173000.0,
        "Operating Expense": 1760000.0,
        "Research And Development": 527000.0,
        "Selling General And Administration": 1233000.0,
        "Gross Profit": 1587000.0,
        "Cost Of Revenue": 1691000.0,
        "Total Revenue": 3278000.0,
        "Operating Revenue": 3278000.0
    },
    "2022-12-31": {
        "Tax Effect Of Unusual Items": NaN,
        "Tax Rate For Calcs": NaN,
        "Normalized EBITDA": NaN,
        "Net Income From Continuing Operation Net Minority Interest": NaN,
        "Reconciled Depreciation": NaN,
        "Reconciled Cost Of Revenue": NaN,
        "EBITDA": NaN,
        "EBIT": NaN,
        "Normalized Income": NaN,
        "Net Income From Continuing And Discontinued Operation": NaN,
        "Total Expenses": NaN,
        "Total Operating Income As Reported": NaN,
        "Diluted Average Shares": 9910500.0,
        "Basic Average Shares": 9910500.0,
        "Diluted EPS": 0.133333,
        "Basic EPS": 0.133333,
        "Diluted NI Availto Com Stockholders": NaN,
        "Net Income Common Stockholders": NaN,
        "Preferred Stock Dividends": NaN,
        "Net Income": NaN,
        "Net Income Including Noncontrolling Interests": NaN,
        "Net Income Continuous Operations": NaN,
        "Tax Provision": NaN,
        "Pretax Income": NaN,
        "Other Income Expense": NaN,
        "Other Non Operating Income Expenses": NaN,
        "Operating Income": NaN,
        "Operating Expense": NaN,
        "Research And Development": NaN,
        "Selling General And Administration": NaN,
        "Gross Profit": NaN,
        "Cost Of Revenue": NaN,
        "Total Revenue": NaN,
        "Operating Revenue": NaN
    },
    "2022-09-30": {
        "Tax Effect Of Unusual Items": 0.0,
        "Tax Rate For Calcs": 0.4,
        "Normalized EBITDA": -129000.0,
        "Net Income From Continuing Operation Net Minority Interest": 6000.0,
        "Reconciled Depreciation": 61000.0,
        "Reconciled Cost Of Revenue": 979000.0,
        "EBITDA": -129000.0,
        "EBIT": -190000.0,
        "Normalized Income": 6000.0,
        "Net Income From Continuing And Discontinued Operation": 6000.0,
        "Total Expenses": 2041000.0,
        "Total Operating Income As Reported": -190000.0,
        "Diluted Average Shares": 6603000.0,
        "Basic Average Shares": 6603000.0,
        "Diluted EPS": -0.01,
        "Basic EPS": -0.01,
        "Diluted NI Availto Com Stockholders": -94000.0,
        "Net Income Common Stockholders": -94000.0,
        "Otherunder Preferred Stock Dividend": NaN,
        "Preferred Stock Dividends": 100000.0,
        "Net Income": 6000.0,
        "Net Income Including Noncontrolling Interests": 6000.0,
        "Net Income Continuous Operations": 6000.0,
        "Tax Provision": 11000.0,
        "Pretax Income": 17000.0,
        "Other Income Expense": 207000.0,
        "Other Non Operating Income Expenses": 207000.0,
        "Operating Income": -190000.0,
        "Operating Expense": 1062000.0,
        "Research And Development": 319000.0,
        "Selling General And Administration": 743000.0,
        "Gross Profit": 872000.0,
        "Cost Of Revenue": 979000.0,
        "Total Revenue": 1851000.0,
        "Operating Revenue": 1851000.0
    },
    "2022-06-30": {
        "Tax Effect Of Unusual Items": 0.0,
        "Tax Rate For Calcs": 0.4,
        "Normalized EBITDA": -87000.0,
        "Net Income From Continuing Operation Net Minority Interest": 112000.0,
        "Reconciled Depreciation": 64000.0,
        "Reconciled Cost Of Revenue": 1088000.0,
        "EBITDA": -87000.0,
        "EBIT": -151000.0,
        "Normalized Income": 112000.0,
        "Net Income From Continuing And Discontinued Operation": 112000.0,
        "Total Expenses": 2191000.0,
        "Total Operating Income As Reported": -151000.0,
        "Diluted Average Shares": 6602000.0,
        "Basic Average Shares": 6602000.0,
        "Diluted EPS": 0.001818,
        "Basic EPS": 0.001818,
        "Diluted NI Availto Com Stockholders": 12000.0,
        "Net Income Common Stockholders": 12000.0,
        "Otherunder Preferred Stock Dividend": NaN,
        "Preferred Stock Dividends": 100000.0,
        "Net Income": 112000.0,
        "Net Income Including Noncontrolling Interests": 112000.0,
        "Net Income Continuous Operations": 112000.0,
        "Tax Provision": 79000.0,
        "Pretax Income": 191000.0,
        "Other Income Expense": 342000.0,
        "Other Non Operating Income Expenses": 342000.0,
        "Operating Income": -151000.0,
        "Operating Expense": 1103000.0,
        "Research And Development": 330000.0,
        "Selling General And Administration": 773000.0,
        "Gross Profit": 952000.0,
        "Cost Of Revenue": 1088000.0,
        "Total Revenue": 2040000.0,
        "Operating Revenue": 2040000.0
    },
    "2017-09-30": {
        "Diluted EPS": -0.24,
        "Total Revenue": 17,
        "Gross Profit": 1,
        "Operating Income": -27,
        "EBIT": -27,
        "Net Income": -24
    },
    "2017-06-30": {
        "Diluted EPS": -0.21,
        "Total Revenue": 15,
        "Gross Profit": -1,
        "Operating Income": -19,
        "EBIT": -19,
        "Net Income": -21
    },
    "2017-03-31": {
        "Diluted EPS": -0.72,
        "Total Revenue": 12,
        "Gross Profit": -1,
        "Operating Income": -95,
        "EBIT": -95,
        "Net Income": -71
    },
    "2016-12-31": {
        "Diluted EPS": -1.13,
        "Total Revenue": 300,
        "Gross Profit": 82,
        "Operating Income": -60,
        "EBIT": -60,
        "Net Income": -111
    },
    "2016-09-30": {
        "Diluted EPS": -0.09,
        "Total Revenue": 14,
        "Gross Profit": 0,
        "Operating Income": -18,
        "EBIT": -18,
        "Net Income": -9
    },
    "2016-06-30": {
        "Diluted EPS": 0.01,
        "Total Revenue": 13,
        "Gross Profit": 1,
        "Operating Income": -12,
        "EBIT": -12,
        "Net Income": 1
    },
    "2016-03-31": {
        "Diluted EPS": -0.08,
        "Total Revenue": 16,
        "Gross Profit": -1,
        "Operating Income": -22,
        "EBIT": -22,
        "Net Income": -8
    },
    "2015-12-31": {
        "Diluted EPS": 0.21,
        "Total Revenue": 127,
        "Gross Profit": 23,
        "Operating Income": -19,
        "EBIT": -3,
        "Net Income": 20
    },
    "2015-09-30": {
        "Diluted EPS": 0.01,
        "Total Revenue": 84,
        "Gross Profit": 28,
        "Operating Income": 7,
        "EBIT": 7,
        "Net Income": 1
    },
    "2015-06-30": {
        "Diluted EPS": -0.02,
        "Total Revenue": 102,
        "Gross Profit": 25,
        "Operating Income": 1,
        "EBIT": 1,
        "Net Income": -2
    },
    "2015-03-31": {
        "Diluted EPS": -0.19,
        "Total Revenue": 89,
        "Gross Profit": 19,
        "Operating Income": -17,
        "EBIT": -17,
        "Net Income": -17
    },
    "2014-12-31": {
        "Diluted EPS": -0.23,
        "Total Revenue": 90,
        "Gross Profit": -78,
        "Operating Income": -224,
        "EBIT": -224,
        "Net Income": -21
    },
    "2014-09-30": {
        "Diluted EPS": -0.19,
        "Total Revenue": 81,
        "Gross Profit": 23,
        "Operating Income": -18,
        "EBIT": -18,
        "Net Income": -17
    },
    "2014-06-30": {
        "Diluted EPS": -0.22,
        "Total Revenue": 82,
        "Gross Profit": 82,
        "Operating Income": 82,
        "EBIT": 82,
        "Net Income": -17
    },
    "2014-03-31": {
        "Diluted EPS": -0.34,
        "Total Revenue": 80,
        "Gross Profit": 80,
        "Operating Income": 80,
        "EBIT": 80,
        "Net Income": -22
    },
    "2013-12-31": {
        "Diluted EPS": -0.09,
        "Total Revenue": 68,
        "Gross Profit": 33,
        "Operating Income": -4,
        "EBIT": -4,
        "Net Income": -5
    },
    "2013-09-30": {
        "Diluted EPS": -0.05,
        "Total Revenue": 54,
        "Gross Profit": 32,
        "Operating Income": -3,
        "EBIT": -3,
        "Net Income": -3
    },
    "2013-06-30": {
        "Diluted EPS": 0.03,
        "Total Revenue": 41,
        "Gross Profit": 28,
        "Operating Income": 1,
        "EBIT": 1,
        "Net Income": 2
    },
    "2013-03-31": {
        "Diluted EPS": 0.05,
        "Total Revenue": 33,
        "Gross Profit": 23,
        "Operating Income": 2,
        "EBIT": 4,
        "Net Income": 3
    },
    "2012-12-31": {
        "Diluted EPS": 0.09,
        "Total Revenue": 30,
        "Gross Profit": 20,
        "Operating Income": 0,
        "EBIT": 0,
        "Net Income": 5
    },
    "2012-09-30": {
        "Diluted EPS": 0.01,
        "Total Revenue": 26,
        "Gross Profit": 18,
        "Operating Income": -1,
        "EBIT": -1,
        "Net Income": 0
    },
    "2012-06-30": {
        "Diluted EPS": 0.04,
        "Total Revenue": 20,
        "Gross Profit": 15,
        "Operating Income": 2,
        "EBIT": 2,
        "Net Income": 2
    },
    "2012-03-31": {
        "Diluted EPS": 0.04,
        "Total Revenue": 16,
        "Gross Profit": 13,
        "Operating Income": 1,
        "EBIT": 2,
        "Net Income": 2
    },
    "2011-12-31": {
        "Diluted EPS": 0.07,
        "Total Revenue": 13,
        "Gross Profit": 10,
        "Operating Income": 1,
        "EBIT": 1,
        "Net Income": 3
    },
    "2011-09-30": {
        "Diluted EPS": 0.09,
        "Total Revenue": 11,
        "Gross Profit": 9,
        "Operating Income": 2,
        "EBIT": 2,
        "Net Income": 4
    },
    "2011-06-30": {
        "Diluted EPS": 0.01,
        "Total Revenue": 9,
        "Gross Profit": 7,
        "Operating Income": 0,
        "EBIT": 0,
        "Net Income": 1
    },
    "2011-03-31": {
        "Diluted EPS": 0.01,
        "Total Revenue": 8,
        "Gross Profit": 6,
        "Operating Income": 2,
        "EBIT": 2,
        "Net Income": 2
    },
    "2010-12-31": {
        "Diluted EPS": -0.33,
        "Total Revenue": 6,
        "Gross Profit": 6,
        "Operating Income": 6,
        "EBIT": 6,
        "Net Income": -11
    },
    "2010-09-30": {
        "Diluted EPS": 0.0,
        "Total Revenue": 5,
        "Gross Profit": 5,
        "Operating Income": 5,
        "EBIT": 5,
        "Net Income": 1
    },
    "2010-06-30": {
        "Diluted EPS": -0.03,
        "Total Revenue": 4,
        "Gross Profit": 4,
        "Operating Income": 4,
        "EBIT": 4,
        "Net Income": 0
    },
    "2010-03-31": {
        "Diluted EPS": -0.02,
        "Total Revenue": 2,
        "Gross Profit": 2,
        "Operating Income": 2,
        "EBIT": 2,
        "Net Income": 0
    },
    "2023-06-30": {
        "Tax Effect Of Unusual Items": 0.0,
        "Tax Rate For Calcs": 0.189,
        "Normalized EBITDA": 546000.0,
        "Net Income From Continuing Operation Net Minority Interest": 381000.0,
        "Reconciled Depreciation": 140000.0,
        "Reconciled Cost Of Revenue": 1988000.0,
        "EBITDA": 546000.0,
        "EBIT": 406000.0,
        "Normalized Income": 381000.0,
        "Net Income From Continuing And Discontinued Operation": 381000.0,
        "Total Expenses": 3643000.0,
        "Total Operating Income As Reported": 406000.0,
        "Diluted Average Shares": 9900000.0,
        "Basic Average Shares": 9900000.0,
        "Diluted EPS": 0.026667,
        "Basic EPS": 0.026667,
        "Diluted NI Availto Com Stockholders": 281000.0,
        "Net Income Common Stockholders": 281000.0,
        "Preferred Stock Dividends": 100000.0,
        "Net Income": 381000.0,
        "Net Income Including Noncontrolling Interests": 381000.0,
        "Net Income Continuous Operations": 381000.0,
        "Tax Provision": 89000.0,
        "Pretax Income": 470000.0,
        "Other Income Expense": 64000.0,
        "Other Non Operating Income Expenses": 64000.0,
        "Operating Income": 406000.0,
        "Operating Expense": 1655000.0,
        "Research And Development": 650000.0,
        "Selling General And Administration": 1005000.0,
        "Gross Profit": 2061000.0,
        "Cost Of Revenue": 1988000.0,
        "Total Revenue": 4049000.0,
        "Operating Revenue": 4049000.0
    },
    "2023-09-30": {
        "Tax Effect Of Unusual Items": 0.0,
        "Tax Rate For Calcs": 0.21,
        "Normalized EBITDA": -15000.0,
        "Net Income From Continuing Operation Net Minority Interest": -125000.0,
        "Reconciled Depreciation": 77000.0,
        "Reconciled Cost Of Revenue": 1616000.0,
        "EBITDA": -15000.0,
        "EBIT": -92000.0,
        "Normalized Income": -125000.0,
        "Net Income From Continuing And Discontinued Operation": -125000.0,
        "Total Expenses": 3167000.0,
        "Total Operating Income As Reported": -92000.0,
        "Diluted Average Shares": 9873000.0,
        "Basic Average Shares": 9873000.0,
        "Diluted EPS": -0.02,
        "Basic EPS": -0.02,
        "Diluted NI Availto Com Stockholders": -225000.0,
        "Net Income Common Stockholders": -225000.0,
        "Preferred Stock Dividends": 100000.0,
        "Net Income": -125000.0,
        "Net Income Including Noncontrolling Interests": -125000.0,
        "Net Income Continuous Operations": -125000.0,
        "Tax Provision": 59000.0,
        "Pretax Income": -66000.0,
        "Other Income Expense": 26000.0,
        "Other Non Operating Income Expenses": 26000.0,
        "Operating Income": -92000.0,
        "Operating Expense": 1551000.0,
        "Research And Development": 588000.0,
        "Selling General And Administration": 963000.0,
        "Gross Profit": 1459000.0,
        "Cost Of Revenue": 1616000.0,
        "Total Revenue": 3075000.0,
        "Operating Revenue": 3075000.0
    },
    "2023-12-31": {
        "Tax Effect Of Unusual Items": 0.0,
        "Tax Rate For Calcs": 0.214035,
        "Normalized EBITDA": 17000.0,
        "Net Income From Continuing Operation Net Minority Interest": -448000.0,
        "Reconciled Depreciation": 597000.0,
        "Reconciled Cost Of Revenue": 2086000.0,
        "EBITDA": 17000.0,
        "EBIT": -580000.0,
        "Normalized Income": -448000.0,
        "Net Income From Continuing And Discontinued Operation": -448000.0,
        "Total Expenses": 4118000.0,
        "Total Operating Income As Reported": -580000.0,
        "Diluted Average Shares": NaN,
        "Basic Average Shares": NaN,
        "Diluted EPS": NaN,
        "Basic EPS": NaN,
        "Diluted NI Availto Com Stockholders": -548000.0,
        "Net Income Common Stockholders": -548000.0,
        "Preferred Stock Dividends": 100000.0,
        "Net Income": -448000.0,
        "Net Income Including Noncontrolling Interests": -448000.0,
        "Net Income Continuous Operations": -448000.0,
        "Tax Provision": -122000.0,
        "Pretax Income": -570000.0,
        "Other Income Expense": 10000.0,
        "Other Non Operating Income Expenses": 10000.0,
        "Operating Income": -580000.0,
        "Operating Expense": 2032000.0,
        "Research And Development": 561000.0,
        "Selling General And Administration": 1471000.0,
        "Gross Profit": 1452000.0,
        "Cost Of Revenue": 2086000.0,
        "Total Revenue": 3538000.0,
        "Operating Revenue": 3538000.0
    },
    "2024-03-31": {
        "Tax Effect Of Unusual Items": 0.0,
        "Tax Rate For Calcs": 0.4,
        "Normalized EBITDA": -522000.0,
        "Net Income From Continuing Operation Net Minority Interest": -741000.0,
        "Reconciled Depreciation": 229000.0,
        "Reconciled Cost Of Revenue": 1871000.0,
        "EBITDA": -522000.0,
        "EBIT": -751000.0,
        "Normalized Income": -741000.0,
        "Net Income From Continuing And Discontinued Operation": -741000.0,
        "Total Expenses": 3875000.0,
        "Total Operating Income As Reported": -751000.0,
        "Diluted Average Shares": 9860000.0,
        "Basic Average Shares": 9860000.0,
        "Diluted EPS": -0.09,
        "Basic EPS": -0.09,
        "Diluted NI Availto Com Stockholders": -841000.0,
        "Net Income Common Stockholders": -841000.0,
        "Preferred Stock Dividends": 100000.0,
        "Net Income": -741000.0,
        "Net Income Including Noncontrolling Interests": -741000.0,
        "Net Income Continuous Operations": -741000.0,
        "Tax Provision": 22000.0,
        "Pretax Income": -719000.0,
        "Other Income Expense": 32000.0,
        "Other Non Operating Income Expenses": 32000.0,
        "Operating Income": -751000.0,
        "Operating Expense": 2004000.0,
        "Research And Development": 576000.0,
        "Selling General And Administration": 1428000.0,
        "Gross Profit": 1253000.0,
        "Cost Of Revenue": 1871000.0,
        "Total Revenue": 3124000.0,
        "Operating Revenue": 3124000.0
    }
}