{
    "2023-03-31": {
        "Tax Effect Of Unusual Items": -308829.568789,
        "Tax Rate For Calcs": 0.193018,
        "Normalized EBITDA": -38400000.0,
        "Total Unusual Items": -1600000.0,
        "Total Unusual Items Excluding Goodwill": -1600000.0,
        "Net Income From Continuing Operation Net Minority Interest": -39300000.0,
        "Reconciled Depreciation": 57700000.0,
        "Reconciled Cost Of Revenue": 271400000.0,
        "EBITDA": -40000000.0,
        "EBIT": -40000000.0,
        "Net Interest Income": -8700000.0,
        "Interest Expense": 8700000.0,
        "Interest Income": 11900000.0,
        "Normalized Income": -38008829.568789,
        "Net Income From Continuing And Discontinued Operation": -39300000.0,
        "Total Expenses": 433200000.0,
        "Total Operating Income As Reported": -51400000.0,
        "Diluted Average Shares": 68600000.0,
        "Basic Average Shares": 68600000.0,
        "Diluted EPS": -0.57,
        "Basic EPS": -0.57,
        "Diluted NI Availto Com Stockholders": -39300000.0,
        "Net Income Common Stockholders": -39300000.0,
        "Net Income": -39300000.0,
        "Net Income Including Noncontrolling Interests": -39300000.0,
        "Net Income Continuous Operations": -39300000.0,
        "Tax Provision": -9400000.0,
        "Pretax Income": -48700000.0,
        "Other Income Expense": 9800000.0,
        "Other Non Operating Income Expenses": 11400000.0,
        "Special Income Charges": -1600000.0,
        "Restructuring And Mergern Acquisition": 1600000.0,
        "Gain On Sale Of Security": -500000.0,
        "Net Non Operating Interest Income Expense": -8700000.0,
        "Interest Expense Non Operating": 8700000.0,
        "Interest Income Non Operating": 11900000.0,
        "Operating Income": -49800000.0,
        "Operating Expense": 161800000.0,
        "Research And Development": 85400000.0,
        "Selling General And Administration": 76400000.0,
        "Gross Profit": 112000000.0,
        "Cost Of Revenue": 271400000.0,
        "Total Revenue": 383400000.0,
        "Operating Revenue": 383400000.0
    },
    "2022-12-31": {
        "Tax Effect Of Unusual Items": -2919000.0,
        "Tax Rate For Calcs": 0.21,
        "Normalized EBITDA": -4300000.0,
        "Total Unusual Items": -13900000.0,
        "Total Unusual Items Excluding Goodwill": -13900000.0,
        "Net Income From Continuing Operation Net Minority Interest": -31700000.0,
        "Reconciled Depreciation": 62500000.0,
        "Reconciled Cost Of Revenue": 339800000.0,
        "EBITDA": -18200000.0,
        "EBIT": -18200000.0,
        "Net Interest Income": -8900000.0,
        "Interest Expense": 8900000.0,
        "Interest Income": 7700000.0,
        "Normalized Income": -20719000.0,
        "Net Income From Continuing And Discontinued Operation": -31700000.0,
        "Total Expenses": 514000000.0,
        "Total Operating Income As Reported": -21900000.0,
        "Diluted Average Shares": 68300000.0,
        "Basic Average Shares": 68300000.0,
        "Diluted EPS": -0.46,
        "Basic EPS": -0.46,
        "Diluted NI Availto Com Stockholders": -31700000.0,
        "Net Income Common Stockholders": -31700000.0,
        "Net Income": -31700000.0,
        "Net Income Including Noncontrolling Interests": -31700000.0,
        "Net Income Continuous Operations": -31700000.0,
        "Tax Provision": 4600000.0,
        "Pretax Income": -27100000.0,
        "Other Income Expense": -10200000.0,
        "Other Non Operating Income Expenses": 3700000.0,
        "Special Income Charges": -13900000.0,
        "Restructuring And Mergern Acquisition": 13900000.0,
        "Gain On Sale Of Security": -4100000.0,
        "Net Non Operating Interest Income Expense": -8900000.0,
        "Interest Expense Non Operating": 8900000.0,
        "Interest Income Non Operating": 7700000.0,
        "Operating Income": -8000000.0,
        "Operating Expense": 174200000.0,
        "Research And Development": 75800000.0,
        "Selling General And Administration": 98400000.0,
        "Gross Profit": 166200000.0,
        "Cost Of Revenue": 339800000.0,
        "Total Revenue": 506000000.0,
        "Operating Revenue": 506000000.0
    },
    "2022-09-30": {
        "Tax Effect Of Unusual Items": -120000.0,
        "Tax Rate For Calcs": 0.4,
        "Normalized EBITDA": 84300000.0,
        "Total Unusual Items": -300000.0,
        "Total Unusual Items Excluding Goodwill": -300000.0,
        "Net Income From Continuing Operation Net Minority Interest": -400000.0,
        "Reconciled Depreciation": 56700000.0,
        "Reconciled Cost Of Revenue": 305600000.0,
        "EBITDA": 84000000.0,
        "EBIT": 27300000.0,
        "Net Interest Income": -3700000.0,
        "Interest Expense": 8500000.0,
        "Interest Income": 4800000.0,
        "Normalized Income": -220000.0,
        "Net Income From Continuing And Discontinued Operation": -400000.0,
        "Total Expenses": 484000000.0,
        "Total Operating Income As Reported": 13500000.0,
        "Diluted Average Shares": 68100000.0,
        "Basic Average Shares": 68100000.0,
        "Diluted EPS": -0.01,
        "Basic EPS": -0.01,
        "Diluted NI Availto Com Stockholders": -400000.0,
        "Net Income Common Stockholders": -400000.0,
        "Net Income": -400000.0,
        "Net Income Including Noncontrolling Interests": -400000.0,
        "Net Income Continuous Operations": -400000.0,
        "Tax Provision": 19200000.0,
        "Pretax Income": 18800000.0,
        "Other Income Expense": -300000.0,
        "Other Non Operating Income Expenses": NaN,
        "Special Income Charges": -9300000.0,
        "Restructuring And Mergern Acquisition": 9300000.0,
        "Gain On Sale Of Security": 9000000.0,
        "Net Non Operating Interest Income Expense": -3700000.0,
        "Interest Expense Non Operating": 8500000.0,
        "Interest Income Non Operating": 4800000.0,
        "Operating Income": 22800000.0,
        "Operating Expense": 178400000.0,
        "Research And Development": 72700000.0,
        "Selling General And Administration": 105700000.0,
        "Gross Profit": 201200000.0,
        "Cost Of Revenue": 305600000.0,
        "Total Revenue": 506800000.0,
        "Operating Revenue": 506800000.0
    },
    "2022-06-30": {
        "Tax Effect Of Unusual Items": 0.0,
        "Tax Rate For Calcs": 0.06469,
        "Normalized EBITDA": 63600000.0,
        "Total Unusual Items": 0.0,
        "Total Unusual Items Excluding Goodwill": 0.0,
        "Net Income From Continuing Operation Net Minority Interest": 34700000.0,
        "Reconciled Depreciation": 41600000.0,
        "Reconciled Cost Of Revenue": 240400000.0,
        "EBITDA": 63600000.0,
        "EBIT": 63600000.0,
        "Net Interest Income": -26500000.0,
        "Interest Expense": 26500000.0,
        "Interest Income": 3800000.0,
        "Normalized Income": 34700000.0,
        "Net Income From Continuing And Discontinued Operation": 34700000.0,
        "Total Expenses": 366700000.0,
        "Total Operating Income As Reported": 55400000.0,
        "Diluted Average Shares": 71500000.0,
        "Basic Average Shares": 68900000.0,
        "Diluted EPS": 0.49,
        "Basic EPS": 0.5,
        "Diluted NI Availto Com Stockholders": 34700000.0,
        "Net Income Common Stockholders": 34700000.0,
        "Net Income": 34700000.0,
        "Net Income Including Noncontrolling Interests": 34700000.0,
        "Net Income Continuous Operations": 34700000.0,
        "Tax Provision": 2400000.0,
        "Pretax Income": 37100000.0,
        "Other Income Expense": 8200000.0,
        "Other Non Operating Income Expenses": 8200000.0,
        "Special Income Charges": 0.0,
        "Restructuring And Mergern Acquisition": 0.0,
        "Gain On Sale Of Security": 4400000.0,
        "Net Non Operating Interest Income Expense": -26500000.0,
        "Interest Expense Non Operating": 26500000.0,
        "Interest Income Non Operating": 3800000.0,
        "Operating Income": 55400000.0,
        "Operating Expense": 126300000.0,
        "Research And Development": 56700000.0,
        "Selling General And Administration": 69600000.0,
        "Gross Profit": 181700000.0,
        "Cost Of Revenue": 240400000.0,
        "Total Revenue": 422100000.0,
        "Operating Revenue": 422100000.0
    },
    "2022-03-31": {
        "Diluted EPS": 0.35,
        "Total Revenue": 395,
        "Gross Profit": 167,
        "Operating Income": 47,
        "EBIT": 106,
        "Net Income": 26
    },
    "2021-12-31": {
        "Diluted EPS": 0.75,
        "Total Revenue": 447,
        "Gross Profit": 208,
        "Operating Income": 85,
        "EBIT": 143,
        "Net Income": 57
    },
    "2021-09-30": {
        "Diluted EPS": 1.08,
        "Total Revenue": 448,
        "Gross Profit": 232,
        "Operating Income": 116,
        "EBIT": 173,
        "Net Income": 82
    },
    "2021-06-30": {
        "Diluted EPS": 0.3,
        "Total Revenue": 392,
        "Gross Profit": 163,
        "Operating Income": 46,
        "EBIT": 105,
        "Net Income": 22
    },
    "2021-03-31": {
        "Diluted EPS": 2.85,
        "Total Revenue": 420,
        "Gross Profit": 185,
        "Operating Income": 267,
        "EBIT": 327,
        "Net Income": 226
    },
    "2020-12-31": {
        "Diluted EPS": 1.06,
        "Total Revenue": 479,
        "Gross Profit": 230,
        "Operating Income": 115,
        "EBIT": 175,
        "Net Income": 83
    },
    "2020-09-30": {
        "Diluted EPS": 0.86,
        "Total Revenue": 452,
        "Gross Profit": 206,
        "Operating Income": 99,
        "EBIT": 158,
        "Net Income": 67
    },
    "2020-06-30": {
        "Diluted EPS": -0.05,
        "Total Revenue": 368,
        "Gross Profit": 136,
        "Operating Income": 27,
        "EBIT": 88,
        "Net Income": -5
    },
    "2020-03-31": {
        "Diluted EPS": 0.56,
        "Total Revenue": 403,
        "Gross Profit": 158,
        "Operating Income": 43,
        "EBIT": 106,
        "Net Income": 43
    },
    "2019-12-31": {
        "Diluted EPS": 0.63,
        "Total Revenue": 458,
        "Gross Profit": 189,
        "Operating Income": 75,
        "EBIT": 131,
        "Net Income": 49
    },
    "2019-09-30": {
        "Diluted EPS": 0.61,
        "Total Revenue": 450,
        "Gross Profit": 168,
        "Operating Income": 60,
        "EBIT": 117,
        "Net Income": 48
    },
    "2019-06-30": {
        "Diluted EPS": -0.36,
        "Total Revenue": 405,
        "Gross Profit": 87,
        "Operating Income": -14,
        "EBIT": 75,
        "Net Income": -26
    },
    "2019-03-31": {
        "Diluted EPS": -0.98,
        "Total Revenue": 433,
        "Gross Profit": 88,
        "Operating Income": -76,
        "EBIT": 4,
        "Net Income": -74
    },
    "2018-12-31": {
        "Diluted EPS": 0.08,
        "Total Revenue": 374,
        "Gross Profit": 125,
        "Operating Income": 12,
        "EBIT": 49,
        "Net Income": 16
    },
    "2018-09-30": {
        "Diluted EPS": 0.72,
        "Total Revenue": 354,
        "Gross Profit": 126,
        "Operating Income": 57,
        "EBIT": 82,
        "Net Income": 46
    },
    "2018-06-30": {
        "Diluted EPS": 0.69,
        "Total Revenue": 301,
        "Gross Profit": 96,
        "Operating Income": 21,
        "EBIT": 47,
        "Net Income": 33
    },
    "2018-03-31": {
        "Diluted EPS": 0.04,
        "Total Revenue": 299,
        "Gross Profit": 97,
        "Operating Income": 26,
        "EBIT": 49,
        "Net Income": 2
    },
    "2017-12-31": {
        "Diluted EPS": 3.05,
        "Total Revenue": 405,
        "Gross Profit": 171,
        "Operating Income": 91,
        "EBIT": 114,
        "Net Income": 200
    },
    "2017-09-30": {
        "Diluted EPS": 0.04,
        "Total Revenue": 243,
        "Gross Profit": 69,
        "Operating Income": 3,
        "EBIT": 24,
        "Net Income": 7
    },
    "2017-06-30": {
        "Diluted EPS": -0.92,
        "Total Revenue": 223,
        "Gross Profit": 67,
        "Operating Income": 4,
        "EBIT": 25,
        "Net Income": -55
    },
    "2017-03-31": {
        "Diluted EPS": -0.92,
        "Total Revenue": 256,
        "Gross Profit": 82,
        "Operating Income": 14,
        "EBIT": 31,
        "Net Income": -56
    },
    "2016-12-31": {
        "Diluted EPS": 0.19,
        "Total Revenue": 265,
        "Gross Profit": 87,
        "Operating Income": 13,
        "EBIT": 28,
        "Net Income": 12
    },
    "2016-09-30": {
        "Diluted EPS": -0.06,
        "Total Revenue": 258,
        "Gross Profit": 82,
        "Operating Income": 17,
        "EBIT": 31,
        "Net Income": -4
    },
    "2016-06-30": {
        "Diluted EPS": 0.24,
        "Total Revenue": 242,
        "Gross Profit": 80,
        "Operating Income": 10,
        "EBIT": 24,
        "Net Income": 14
    },
    "2016-03-31": {
        "Diluted EPS": -0.13,
        "Total Revenue": 230,
        "Gross Profit": 63,
        "Operating Income": -2,
        "EBIT": 11,
        "Net Income": -8
    },
    "2015-12-31": {
        "Diluted EPS": 0.01,
        "Total Revenue": 218,
        "Gross Profit": 68,
        "Operating Income": 6,
        "EBIT": 20,
        "Net Income": 1
    },
    "2015-09-30": {
        "Diluted EPS": -0.17,
        "Total Revenue": 213,
        "Gross Profit": 67,
        "Operating Income": -3,
        "EBIT": 11,
        "Net Income": -10
    },
    "2015-06-30": {
        "Diluted EPS": -0.27,
        "Total Revenue": 209,
        "Gross Profit": 64,
        "Operating Income": -15,
        "EBIT": -2,
        "Net Income": -16
    },
    "2015-03-31": {
        "Diluted EPS": 0.21,
        "Total Revenue": 199,
        "Gross Profit": 57,
        "Operating Income": -11,
        "EBIT": 2,
        "Net Income": 12
    },
    "2014-12-31": {
        "Diluted EPS": -0.07,
        "Total Revenue": 211,
        "Gross Profit": 67,
        "Operating Income": -3,
        "EBIT": 10,
        "Net Income": -4
    },
    "2014-09-30": {
        "Diluted EPS": 0.07,
        "Total Revenue": 219,
        "Gross Profit": 70,
        "Operating Income": 5,
        "EBIT": 18,
        "Net Income": 4
    },
    "2014-06-30": {
        "Diluted EPS": 0.0,
        "Total Revenue": NaN,
        "Gross Profit": NaN,
        "Operating Income": NaN,
        "EBIT": NaN,
        "Net Income": NaN
    },
    "2013-06-30": {
        "Diluted EPS": 0.0,
        "Total Revenue": NaN,
        "Gross Profit": NaN,
        "Operating Income": NaN,
        "EBIT": NaN,
        "Net Income": NaN
    },
    "2012-06-30": {
        "Diluted EPS": 0.0,
        "Total Revenue": NaN,
        "Gross Profit": NaN,
        "Operating Income": NaN,
        "EBIT": NaN,
        "Net Income": NaN
    },
    "2023-06-30": {
        "Tax Effect Of Unusual Items": -693000.0,
        "Tax Rate For Calcs": 0.21,
        "Normalized EBITDA": -32700000.0,
        "Total Unusual Items": -3300000.0,
        "Total Unusual Items Excluding Goodwill": -3300000.0,
        "Net Income From Continuing Operation Net Minority Interest": -60200000.0,
        "Reconciled Depreciation": 78700000.0,
        "Reconciled Cost Of Revenue": 281200000.0,
        "EBITDA": -36000000.0,
        "EBIT": -36000000.0,
        "Net Interest Income": -9400000.0,
        "Interest Expense": 9400000.0,
        "Interest Income": 16400000.0,
        "Normalized Income": -57593000.0,
        "Net Income From Continuing And Discontinued Operation": -60200000.0,
        "Total Expenses": 423400000.0,
        "Total Operating Income As Reported": -55900000.0,
        "Diluted Average Shares": 68300000.0,
        "Basic Average Shares": 68300000.0,
        "Diluted EPS": -0.88,
        "Basic EPS": -0.88,
        "Diluted NI Availto Com Stockholders": -60200000.0,
        "Net Income Common Stockholders": -60200000.0,
        "Net Income": -60200000.0,
        "Net Income Including Noncontrolling Interests": -60200000.0,
        "Net Income Continuous Operations": -60200000.0,
        "Tax Provision": 14800000.0,
        "Pretax Income": -45400000.0,
        "Other Income Expense": 16600000.0,
        "Other Non Operating Income Expenses": 19900000.0,
        "Special Income Charges": -3300000.0,
        "Restructuring And Mergern Acquisition": 3300000.0,
        "Gain On Sale Of Security": 2600000.0,
        "Net Non Operating Interest Income Expense": -9400000.0,
        "Interest Expense Non Operating": 9400000.0,
        "Interest Income Non Operating": 16400000.0,
        "Operating Income": -52600000.0,
        "Operating Expense": 142200000.0,
        "Research And Development": 73900000.0,
        "Selling General And Administration": 68300000.0,
        "Gross Profit": 89600000.0,
        "Cost Of Revenue": 281200000.0,
        "Total Revenue": 370800000.0,
        "Operating Revenue": 370800000.0
    }
}