{
    "2023-03-31": {
        "Tax Effect Of Unusual Items": NaN,
        "Tax Rate For Calcs": NaN,
        "Normalized EBITDA": NaN,
        "Total Unusual Items": 7000.0,
        "Total Unusual Items Excluding Goodwill": 7000.0,
        "Net Income From Continuing Operation Net Minority Interest": NaN,
        "Reconciled Depreciation": NaN,
        "Reconciled Cost Of Revenue": NaN,
        "EBITDA": NaN,
        "EBIT": NaN,
        "Net Interest Income": NaN,
        "Interest Expense": NaN,
        "Normalized Income": NaN,
        "Net Income From Continuing And Discontinued Operation": NaN,
        "Total Expenses": NaN,
        "Total Operating Income As Reported": NaN,
        "Diluted Average Shares": 3184982.0,
        "Basic Average Shares": 3143911.0,
        "Diluted EPS": 0.49,
        "Basic EPS": 0.5,
        "Diluted NI Availto Com Stockholders": NaN,
        "Average Dilution Earnings": 0.0,
        "Net Income Common Stockholders": NaN,
        "Net Income": NaN,
        "Minority Interests": NaN,
        "Net Income Including Noncontrolling Interests": NaN,
        "Net Income Continuous Operations": NaN,
        "Tax Provision": NaN,
        "Pretax Income": NaN,
        "Other Income Expense": NaN,
        "Other Non Operating Income Expenses": NaN,
        "Special Income Charges": 7000.0,
        "Gain On Sale Of Ppe": 7000.0,
        "Gain On Sale Of Business": NaN,
        "Impairment Of Capital Assets": NaN,
        "Net Non Operating Interest Income Expense": NaN,
        "Interest Expense Non Operating": NaN,
        "Operating Income": NaN,
        "Operating Expense": NaN,
        "Selling General And Administration": NaN,
        "Selling And Marketing Expense": NaN,
        "General And Administrative Expense": NaN,
        "Other Gand A": NaN,
        "Gross Profit": NaN,
        "Cost Of Revenue": NaN,
        "Total Revenue": NaN,
        "Operating Revenue": NaN
    },
    "2022-12-31": {
        "Tax Effect Of Unusual Items": NaN,
        "Tax Rate For Calcs": NaN,
        "Normalized EBITDA": NaN,
        "Total Unusual Items": 0.0,
        "Total Unusual Items Excluding Goodwill": 0.0,
        "Net Income From Continuing Operation Net Minority Interest": NaN,
        "Reconciled Depreciation": NaN,
        "Reconciled Cost Of Revenue": NaN,
        "EBITDA": NaN,
        "EBIT": NaN,
        "Net Interest Income": NaN,
        "Interest Expense": NaN,
        "Normalized Income": NaN,
        "Net Income From Continuing And Discontinued Operation": NaN,
        "Total Expenses": NaN,
        "Total Operating Income As Reported": NaN,
        "Diluted Average Shares": NaN,
        "Basic Average Shares": NaN,
        "Diluted EPS": NaN,
        "Basic EPS": NaN,
        "Diluted NI Availto Com Stockholders": NaN,
        "Average Dilution Earnings": NaN,
        "Net Income Common Stockholders": NaN,
        "Net Income": NaN,
        "Minority Interests": 0.0,
        "Net Income Including Noncontrolling Interests": NaN,
        "Net Income Continuous Operations": NaN,
        "Tax Provision": NaN,
        "Pretax Income": NaN,
        "Other Income Expense": NaN,
        "Other Non Operating Income Expenses": NaN,
        "Special Income Charges": 0.0,
        "Gain On Sale Of Ppe": NaN,
        "Gain On Sale Of Business": NaN,
        "Impairment Of Capital Assets": NaN,
        "Net Non Operating Interest Income Expense": NaN,
        "Interest Expense Non Operating": NaN,
        "Operating Income": NaN,
        "Operating Expense": NaN,
        "Selling General And Administration": NaN,
        "Selling And Marketing Expense": NaN,
        "General And Administrative Expense": NaN,
        "Other Gand A": NaN,
        "Gross Profit": NaN,
        "Cost Of Revenue": NaN,
        "Total Revenue": NaN,
        "Operating Revenue": NaN
    },
    "2022-09-30": {
        "Tax Effect Of Unusual Items": NaN,
        "Tax Rate For Calcs": NaN,
        "Normalized EBITDA": NaN,
        "Total Unusual Items": -3944000.0,
        "Total Unusual Items Excluding Goodwill": -3944000.0,
        "Net Income From Continuing Operation Net Minority Interest": NaN,
        "Reconciled Depreciation": NaN,
        "Reconciled Cost Of Revenue": NaN,
        "EBITDA": NaN,
        "EBIT": NaN,
        "Net Interest Income": NaN,
        "Interest Expense": NaN,
        "Normalized Income": NaN,
        "Net Income From Continuing And Discontinued Operation": NaN,
        "Total Expenses": NaN,
        "Total Operating Income As Reported": NaN,
        "Diluted Average Shares": NaN,
        "Basic Average Shares": NaN,
        "Diluted EPS": NaN,
        "Basic EPS": NaN,
        "Diluted NI Availto Com Stockholders": NaN,
        "Average Dilution Earnings": 0.0,
        "Net Income Common Stockholders": NaN,
        "Net Income": NaN,
        "Minority Interests": 0.0,
        "Net Income Including Noncontrolling Interests": NaN,
        "Net Income Continuous Operations": NaN,
        "Tax Provision": NaN,
        "Pretax Income": NaN,
        "Other Income Expense": NaN,
        "Other Non Operating Income Expenses": NaN,
        "Special Income Charges": -3944000.0,
        "Gain On Sale Of Ppe": NaN,
        "Gain On Sale Of Business": NaN,
        "Other Special Charges": 0.0,
        "Impairment Of Capital Assets": 4388000.0,
        "Net Non Operating Interest Income Expense": NaN,
        "Interest Expense Non Operating": NaN,
        "Operating Income": NaN,
        "Operating Expense": NaN,
        "Selling General And Administration": NaN,
        "Selling And Marketing Expense": NaN,
        "General And Administrative Expense": NaN,
        "Other Gand A": NaN,
        "Gross Profit": NaN,
        "Cost Of Revenue": NaN,
        "Total Revenue": NaN,
        "Operating Revenue": NaN
    },
    "2022-06-30": {
        "Tax Effect Of Unusual Items": -193589.001447,
        "Tax Rate For Calcs": 0.2822,
        "Normalized EBITDA": 16230000.0,
        "Total Unusual Items": -686000.0,
        "Total Unusual Items Excluding Goodwill": -686000.0,
        "Net Income From Continuing Operation Net Minority Interest": 3472000.0,
        "Reconciled Depreciation": 10033000.0,
        "Reconciled Cost Of Revenue": 45920000.0,
        "EBITDA": 15544000.0,
        "EBIT": 5511000.0,
        "Net Interest Income": -674000.0,
        "Interest Expense": 674000.0,
        "Normalized Income": 3964410.998553,
        "Net Income From Continuing And Discontinued Operation": 3472000.0,
        "Total Expenses": 62405000.0,
        "Total Operating Income As Reported": 5864000.0,
        "Diluted Average Shares": 3130925.0,
        "Basic Average Shares": 3090321.0,
        "Diluted EPS": 1.11,
        "Basic EPS": 1.12,
        "Diluted NI Availto Com Stockholders": 3472000.0,
        "Average Dilution Earnings": 0.0,
        "Net Income Common Stockholders": 3472000.0,
        "Net Income": 3472000.0,
        "Minority Interests": 0.0,
        "Net Income Including Noncontrolling Interests": 3472000.0,
        "Net Income Continuous Operations": 3472000.0,
        "Tax Provision": 1365000.0,
        "Pretax Income": 4837000.0,
        "Other Income Expense": -353000.0,
        "Other Non Operating Income Expenses": 333000.0,
        "Special Income Charges": -686000.0,
        "Gain On Sale Of Ppe": -443000.0,
        "Gain On Sale Of Business": NaN,
        "Other Special Charges": -279000.0,
        "Write Off": 522000.0,
        "Impairment Of Capital Assets": 522000.0,
        "Net Non Operating Interest Income Expense": -674000.0,
        "Interest Expense Non Operating": 674000.0,
        "Operating Income": 5864000.0,
        "Operating Expense": 16485000.0,
        "Selling General And Administration": 16485000.0,
        "Selling And Marketing Expense": 3078000.0,
        "General And Administrative Expense": 13407000.0,
        "Other Gand A": 13407000.0,
        "Gross Profit": 22349000.0,
        "Cost Of Revenue": 45920000.0,
        "Total Revenue": 68269000.0,
        "Operating Revenue": 68269000.0
    },
    "2022-03-31": {
        "Diluted EPS": 4.84,
        "Total Revenue": 70,
        "Gross Profit": 25,
        "Operating Income": 8,
        "EBIT": 10,
        "Net Income": 15
    },
    "2021-12-31": {
        "Diluted EPS": 2.04,
        "Total Revenue": 75,
        "Gross Profit": 28,
        "Operating Income": 10,
        "EBIT": 12,
        "Net Income": 7
    },
    "2021-09-30": {
        "Diluted EPS": 2.5,
        "Total Revenue": 71,
        "Gross Profit": 26,
        "Operating Income": 9,
        "EBIT": 11,
        "Net Income": 7
    },
    "2021-06-30": {
        "Diluted EPS": 3.01,
        "Total Revenue": 69,
        "Gross Profit": 25,
        "Operating Income": 8,
        "EBIT": 10,
        "Net Income": 10
    },
    "2021-03-31": {
        "Diluted EPS": 2.66,
        "Total Revenue": 71,
        "Gross Profit": 26,
        "Operating Income": 11,
        "EBIT": 13,
        "Net Income": 9
    },
    "2020-12-31": {
        "Diluted EPS": 1.63,
        "Total Revenue": 62,
        "Gross Profit": 22,
        "Operating Income": 7,
        "EBIT": 9,
        "Net Income": 5
    },
    "2020-09-30": {
        "Diluted EPS": 1.33,
        "Total Revenue": 61,
        "Gross Profit": 24,
        "Operating Income": 8,
        "EBIT": 10,
        "Net Income": 5
    },
    "2020-06-30": {
        "Diluted EPS": 1.07,
        "Total Revenue": 42,
        "Gross Profit": 17,
        "Operating Income": 6,
        "EBIT": 8,
        "Net Income": 4
    },
    "2020-03-31": {
        "Diluted EPS": 0.54,
        "Total Revenue": 46,
        "Gross Profit": 18,
        "Operating Income": 3,
        "EBIT": 5,
        "Net Income": 2
    },
    "2019-12-31": {
        "Diluted EPS": 0.15,
        "Total Revenue": 42,
        "Gross Profit": 17,
        "Operating Income": 3,
        "EBIT": 5,
        "Net Income": 1
    },
    "2019-09-30": {
        "Diluted EPS": -3.06,
        "Total Revenue": 46,
        "Gross Profit": 14,
        "Operating Income": -5,
        "EBIT": -3,
        "Net Income": -7
    },
    "2019-06-30": {
        "Diluted EPS": 0.41,
        "Total Revenue": 47,
        "Gross Profit": 19,
        "Operating Income": 4,
        "EBIT": 5,
        "Net Income": 1
    },
    "2019-03-31": {
        "Diluted EPS": 0.13,
        "Total Revenue": 47,
        "Gross Profit": 19,
        "Operating Income": 2,
        "EBIT": 4,
        "Net Income": 0
    },
    "2018-12-31": {
        "Diluted EPS": 0.41,
        "Total Revenue": 53,
        "Gross Profit": 19,
        "Operating Income": 2,
        "EBIT": 4,
        "Net Income": 2
    },
    "2018-09-30": {
        "Diluted EPS": 0.02,
        "Total Revenue": 52,
        "Gross Profit": 19,
        "Operating Income": 2,
        "EBIT": 4,
        "Net Income": 0
    },
    "2018-06-30": {
        "Diluted EPS": 0.56,
        "Total Revenue": 55,
        "Gross Profit": 19,
        "Operating Income": 1,
        "EBIT": 4,
        "Net Income": 2
    },
    "2018-03-31": {
        "Diluted EPS": 0.5,
        "Total Revenue": 52,
        "Gross Profit": 20,
        "Operating Income": 4,
        "EBIT": 5,
        "Net Income": 2
    },
    "2017-12-31": {
        "Diluted EPS": 0.5,
        "Total Revenue": 40,
        "Gross Profit": 16,
        "Operating Income": 4,
        "EBIT": 5,
        "Net Income": 2
    },
    "2017-09-30": {
        "Diluted EPS": 0.22,
        "Total Revenue": 40,
        "Gross Profit": 16,
        "Operating Income": 4,
        "EBIT": 6,
        "Net Income": 1
    },
    "2017-06-30": {
        "Diluted EPS": 0.55,
        "Total Revenue": 41,
        "Gross Profit": 17,
        "Operating Income": 5,
        "EBIT": 7,
        "Net Income": 2
    },
    "2017-03-31": {
        "Diluted EPS": 0.47,
        "Total Revenue": 39,
        "Gross Profit": 16,
        "Operating Income": 5,
        "EBIT": 6,
        "Net Income": 2
    },
    "2016-12-31": {
        "Diluted EPS": 0.37,
        "Total Revenue": 32,
        "Gross Profit": 13,
        "Operating Income": 4,
        "EBIT": 5,
        "Net Income": 1
    },
    "2016-09-30": {
        "Diluted EPS": 0.93,
        "Total Revenue": 19,
        "Gross Profit": 3,
        "Operating Income": -1,
        "EBIT": 1,
        "Net Income": 3
    },
    "2016-06-30": {
        "Diluted EPS": 4.05,
        "Total Revenue": 20,
        "Gross Profit": 5,
        "Operating Income": 1,
        "EBIT": 2,
        "Net Income": 13
    },
    "2016-03-31": {
        "Diluted EPS": 0.37,
        "Total Revenue": 20,
        "Gross Profit": 6,
        "Operating Income": 1,
        "EBIT": 2,
        "Net Income": 1
    },
    "2015-12-31": {
        "Diluted EPS": 0.05,
        "Total Revenue": 20,
        "Gross Profit": 6,
        "Operating Income": 1,
        "EBIT": 2,
        "Net Income": 0
    },
    "2015-09-30": {
        "Diluted EPS": -1.62,
        "Total Revenue": 18,
        "Gross Profit": 5,
        "Operating Income": -4,
        "EBIT": -3,
        "Net Income": -4
    },
    "2015-06-30": {
        "Diluted EPS": -1.56,
        "Total Revenue": 3,
        "Gross Profit": 1,
        "Operating Income": -4,
        "EBIT": -4,
        "Net Income": -4
    },
    "2015-03-31": {
        "Diluted EPS": -0.42,
        "Total Revenue": 4,
        "Gross Profit": 2,
        "Operating Income": -1,
        "EBIT": -1,
        "Net Income": -1
    },
    "2014-12-31": {
        "Diluted EPS": -1.98,
        "Total Revenue": 8,
        "Gross Profit": 3,
        "Operating Income": -1,
        "EBIT": -1,
        "Net Income": -5
    },
    "2014-09-30": {
        "Diluted EPS": -0.78,
        "Total Revenue": 3,
        "Gross Profit": 1,
        "Operating Income": -2,
        "EBIT": -1,
        "Net Income": -2
    },
    "2014-06-30": {
        "Diluted EPS": -0.66,
        "Total Revenue": 3,
        "Gross Profit": 0,
        "Operating Income": -1,
        "EBIT": -1,
        "Net Income": -2
    },
    "2014-03-31": {
        "Diluted EPS": -0.42,
        "Total Revenue": 1,
        "Gross Profit": 0,
        "Operating Income": -1,
        "EBIT": -1,
        "Net Income": -1
    },
    "2013-12-31": {
        "Diluted EPS": -0.24,
        "Total Revenue": 1,
        "Gross Profit": 0,
        "Operating Income": 0,
        "EBIT": 0,
        "Net Income": 0
    },
    "2013-09-30": {
        "Diluted EPS": -0.3,
        "Total Revenue": 1,
        "Gross Profit": 0,
        "Operating Income": -1,
        "EBIT": -1,
        "Net Income": -1
    },
    "2013-06-30": {
        "Diluted EPS": -0.3,
        "Total Revenue": 1,
        "Gross Profit": 0,
        "Operating Income": -1,
        "EBIT": 0,
        "Net Income": -1
    },
    "2013-03-31": {
        "Diluted EPS": -2.28,
        "Total Revenue": 1,
        "Gross Profit": 0,
        "Operating Income": -1,
        "EBIT": -1,
        "Net Income": -3
    },
    "2012-12-31": {
        "Diluted EPS": -0.78,
        "Total Revenue": 1,
        "Gross Profit": 0,
        "Operating Income": 0,
        "EBIT": 0,
        "Net Income": -1
    },
    "2012-09-30": {
        "Diluted EPS": -0.7,
        "Total Revenue": 1,
        "Gross Profit": 0,
        "Operating Income": 0,
        "EBIT": 0,
        "Net Income": -1
    },
    "2012-06-30": {
        "Diluted EPS": -0.24,
        "Total Revenue": 1,
        "Gross Profit": 1,
        "Operating Income": 0,
        "EBIT": 0,
        "Net Income": 0
    },
    "2012-03-31": {
        "Diluted EPS": -0.22,
        "Total Revenue": 1,
        "Gross Profit": 1,
        "Operating Income": 0,
        "EBIT": 0,
        "Net Income": 0
    },
    "2011-12-31": {
        "Diluted EPS": -0.36,
        "Total Revenue": 1,
        "Gross Profit": 1,
        "Operating Income": 0,
        "EBIT": 0,
        "Net Income": 0
    },
    "2011-09-30": {
        "Diluted EPS": -0.94,
        "Total Revenue": 1,
        "Gross Profit": 1,
        "Operating Income": 0,
        "EBIT": 0,
        "Net Income": 0
    },
    "2011-06-30": {
        "Diluted EPS": -3.36,
        "Total Revenue": 1,
        "Gross Profit": 0,
        "Operating Income": -1,
        "EBIT": -1,
        "Net Income": -1
    },
    "2011-03-31": {
        "Diluted EPS": -7.02,
        "Total Revenue": 1,
        "Gross Profit": 0,
        "Operating Income": -2,
        "EBIT": -2,
        "Net Income": -2
    },
    "2010-12-31": {
        "Diluted EPS": -5.44,
        "Total Revenue": 1,
        "Gross Profit": 0,
        "Operating Income": -2,
        "EBIT": -2,
        "Net Income": -2
    },
    "2010-09-30": {
        "Diluted EPS": -5.76,
        "Total Revenue": 1,
        "Gross Profit": 2,
        "Operating Income": 0,
        "EBIT": 0,
        "Net Income": -2
    },
    "2010-06-30": {
        "Diluted EPS": -0.42,
        "Total Revenue": 2,
        "Gross Profit": 1,
        "Operating Income": -1,
        "EBIT": -1,
        "Net Income": -1
    },
    "2010-03-31": {
        "Diluted EPS": -5.7,
        "Total Revenue": 2,
        "Gross Profit": 1,
        "Operating Income": -2,
        "EBIT": -2,
        "Net Income": -2
    },
    "2009-12-31": {
        "Diluted EPS": 0.0,
        "Total Revenue": 2,
        "Gross Profit": 2,
        "Operating Income": -2,
        "EBIT": -2,
        "Net Income": -3
    },
    "2009-09-30": {
        "Diluted EPS": -7.07,
        "Total Revenue": 2,
        "Gross Profit": 0,
        "Operating Income": -11,
        "EBIT": -11,
        "Net Income": -2
    },
    "2009-06-30": {
        "Diluted EPS": -6.65,
        "Total Revenue": 2,
        "Gross Profit": 2,
        "Operating Income": -2,
        "EBIT": -2,
        "Net Income": -2
    },
    "2009-03-31": {
        "Diluted EPS": -60.6,
        "Total Revenue": 4,
        "Gross Profit": 2,
        "Operating Income": -3,
        "EBIT": -2,
        "Net Income": -19
    },
    "2023-06-30": {
        "Tax Effect Of Unusual Items": -152330.140015,
        "Tax Rate For Calcs": 0.218865,
        "Normalized EBITDA": 9891000.0,
        "Total Unusual Items": -696000.0,
        "Total Unusual Items Excluding Goodwill": -696000.0,
        "Net Income From Continuing Operation Net Minority Interest": 1060000.0,
        "Reconciled Depreciation": 4353000.0,
        "Reconciled Cost Of Revenue": 59347000.0,
        "EBITDA": 9195000.0,
        "EBIT": 4842000.0,
        "Net Interest Income": -3485000.0,
        "Interest Expense": 3485000.0,
        "Normalized Income": 1603669.859985,
        "Net Income From Continuing And Discontinued Operation": 1060000.0,
        "Total Expenses": 85955000.0,
        "Total Operating Income As Reported": 5561000.0,
        "Diluted Average Shares": 3186904.0,
        "Basic Average Shares": 3166842.0,
        "Diluted EPS": 0.33,
        "Basic EPS": 0.33,
        "Diluted NI Availto Com Stockholders": 1060000.0,
        "Average Dilution Earnings": 0.0,
        "Net Income Common Stockholders": 1060000.0,
        "Net Income": 1060000.0,
        "Minority Interests": NaN,
        "Net Income Including Noncontrolling Interests": 1060000.0,
        "Net Income Continuous Operations": 1060000.0,
        "Tax Provision": 297000.0,
        "Pretax Income": 1357000.0,
        "Other Income Expense": -719000.0,
        "Other Non Operating Income Expenses": -23000.0,
        "Special Income Charges": -696000.0,
        "Gain On Sale Of Ppe": -29000.0,
        "Gain On Sale Of Business": -696000.0,
        "Impairment Of Capital Assets": 0.0,
        "Net Non Operating Interest Income Expense": -3485000.0,
        "Interest Expense Non Operating": 3485000.0,
        "Operating Income": 5561000.0,
        "Operating Expense": 26608000.0,
        "Selling General And Administration": 26608000.0,
        "Selling And Marketing Expense": 3382000.0,
        "General And Administrative Expense": 23226000.0,
        "Other Gand A": 23226000.0,
        "Gross Profit": 32169000.0,
        "Cost Of Revenue": 59347000.0,
        "Total Revenue": 91516000.0,
        "Operating Revenue": 91516000.0
    },
    "2023-09-30": {
        "Tax Effect Of Unusual Items": 162120.0,
        "Tax Rate For Calcs": 0.21,
        "Normalized EBITDA": 5757000.0,
        "Total Unusual Items": 772000.0,
        "Total Unusual Items Excluding Goodwill": 772000.0,
        "Net Income From Continuing Operation Net Minority Interest": -4564000.0,
        "Reconciled Depreciation": 7010000.0,
        "Reconciled Cost Of Revenue": 73702000.0,
        "EBITDA": 6529000.0,
        "EBIT": -481000.0,
        "Net Interest Income": -3974000.0,
        "Interest Expense": 3974000.0,
        "Normalized Income": -5173880.0,
        "Net Income From Continuing And Discontinued Operation": -4564000.0,
        "Total Expenses": 103178000.0,
        "Total Operating Income As Reported": 369000.0,
        "Diluted Average Shares": NaN,
        "Basic Average Shares": NaN,
        "Diluted EPS": NaN,
        "Basic EPS": NaN,
        "Diluted NI Availto Com Stockholders": -4564000.0,
        "Average Dilution Earnings": 0.0,
        "Net Income Common Stockholders": -4564000.0,
        "Net Income": -4564000.0,
        "Minority Interests": NaN,
        "Net Income Including Noncontrolling Interests": -4564000.0,
        "Net Income Continuous Operations": -4564000.0,
        "Tax Provision": 109000.0,
        "Pretax Income": -4455000.0,
        "Other Income Expense": -850000.0,
        "Other Non Operating Income Expenses": -1622000.0,
        "Special Income Charges": 772000.0,
        "Gain On Sale Of Ppe": NaN,
        "Gain On Sale Of Business": 750000.0,
        "Impairment Of Capital Assets": 0.0,
        "Net Non Operating Interest Income Expense": -3974000.0,
        "Interest Expense Non Operating": 3974000.0,
        "Operating Income": 369000.0,
        "Operating Expense": 29476000.0,
        "Selling General And Administration": 29476000.0,
        "Selling And Marketing Expense": 3249000.0,
        "General And Administrative Expense": 26227000.0,
        "Other Gand A": 26227000.0,
        "Gross Profit": 29845000.0,
        "Cost Of Revenue": 73702000.0,
        "Total Revenue": 103547000.0,
        "Operating Revenue": 103547000.0
    },
    "2023-12-31": {
        "Tax Effect Of Unusual Items": 0.0,
        "Tax Rate For Calcs": 0.247241,
        "Normalized EBITDA": 8700000.0,
        "Total Unusual Items": NaN,
        "Total Unusual Items Excluding Goodwill": NaN,
        "Net Income From Continuing Operation Net Minority Interest": -682000.0,
        "Reconciled Depreciation": 5443000.0,
        "Reconciled Cost Of Revenue": 81266000.0,
        "EBITDA": 8700000.0,
        "EBIT": 3257000.0,
        "Net Interest Income": -4163000.0,
        "Interest Expense": 4163000.0,
        "Normalized Income": -682000.0,
        "Net Income From Continuing And Discontinued Operation": -682000.0,
        "Total Expenses": 114052000.0,
        "Total Operating Income As Reported": 3541000.0,
        "Diluted Average Shares": 3163541.0,
        "Basic Average Shares": 3163541.0,
        "Diluted EPS": -0.22,
        "Basic EPS": -0.22,
        "Diluted NI Availto Com Stockholders": -682000.0,
        "Average Dilution Earnings": NaN,
        "Net Income Common Stockholders": -682000.0,
        "Net Income": -682000.0,
        "Minority Interests": NaN,
        "Net Income Including Noncontrolling Interests": -682000.0,
        "Net Income Continuous Operations": -682000.0,
        "Tax Provision": -224000.0,
        "Pretax Income": -906000.0,
        "Other Income Expense": -284000.0,
        "Other Non Operating Income Expenses": -284000.0,
        "Special Income Charges": NaN,
        "Gain On Sale Of Ppe": NaN,
        "Gain On Sale Of Business": NaN,
        "Impairment Of Capital Assets": NaN,
        "Net Non Operating Interest Income Expense": -4163000.0,
        "Interest Expense Non Operating": 4163000.0,
        "Operating Income": 3541000.0,
        "Operating Expense": 32786000.0,
        "Selling General And Administration": 32786000.0,
        "Selling And Marketing Expense": 5107000.0,
        "General And Administrative Expense": 27679000.0,
        "Other Gand A": 27679000.0,
        "Gross Profit": 36327000.0,
        "Cost Of Revenue": 81266000.0,
        "Total Revenue": 117593000.0,
        "Operating Revenue": 117593000.0
    },
    "2024-03-31": {
        "Tax Effect Of Unusual Items": 0.0,
        "Tax Rate For Calcs": 0.270565,
        "Normalized EBITDA": 4717000.0,
        "Total Unusual Items": NaN,
        "Total Unusual Items Excluding Goodwill": NaN,
        "Net Income From Continuing Operation Net Minority Interest": -3281000.0,
        "Reconciled Depreciation": 5048000.0,
        "Reconciled Cost Of Revenue": 83159000.0,
        "EBITDA": 4717000.0,
        "EBIT": -331000.0,
        "Net Interest Income": -4167000.0,
        "Interest Expense": 4167000.0,
        "Normalized Income": -3281000.0,
        "Net Income From Continuing And Discontinued Operation": -3281000.0,
        "Total Expenses": 119464000.0,
        "Total Operating Income As Reported": -838000.0,
        "Diluted Average Shares": 3154771.0,
        "Basic Average Shares": 3154771.0,
        "Diluted EPS": -1.04,
        "Basic EPS": -1.04,
        "Diluted NI Availto Com Stockholders": -3281000.0,
        "Average Dilution Earnings": 0.0,
        "Net Income Common Stockholders": -3281000.0,
        "Net Income": -3281000.0,
        "Minority Interests": NaN,
        "Net Income Including Noncontrolling Interests": -3281000.0,
        "Net Income Continuous Operations": -3281000.0,
        "Tax Provision": -1217000.0,
        "Pretax Income": -4498000.0,
        "Other Income Expense": 507000.0,
        "Other Non Operating Income Expenses": 507000.0,
        "Special Income Charges": NaN,
        "Gain On Sale Of Ppe": NaN,
        "Gain On Sale Of Business": NaN,
        "Impairment Of Capital Assets": NaN,
        "Net Non Operating Interest Income Expense": -4167000.0,
        "Interest Expense Non Operating": 4167000.0,
        "Operating Income": -838000.0,
        "Operating Expense": 36305000.0,
        "Selling General And Administration": 36305000.0,
        "Selling And Marketing Expense": 6481000.0,
        "General And Administrative Expense": 29824000.0,
        "Other Gand A": 29824000.0,
        "Gross Profit": 35467000.0,
        "Cost Of Revenue": 83159000.0,
        "Total Revenue": 118626000.0,
        "Operating Revenue": 118626000.0
    },
    "2024-06-30": {
        "Tax Effect Of Unusual Items": -76214.491237,
        "Tax Rate For Calcs": 0.253204,
        "Normalized EBITDA": 5965000.0,
        "Total Unusual Items": -301000.0,
        "Total Unusual Items Excluding Goodwill": -301000.0,
        "Net Income From Continuing Operation Net Minority Interest": -2855000.0,
        "Reconciled Depreciation": 5254000.0,
        "Reconciled Cost Of Revenue": 86833000.0,
        "EBITDA": 5664000.0,
        "EBIT": 410000.0,
        "Net Interest Income": -4233000.0,
        "Interest Expense": 4233000.0,
        "Normalized Income": -2630214.491237,
        "Net Income From Continuing And Discontinued Operation": -2855000.0,
        "Total Expenses": 122747000.0,
        "Total Operating Income As Reported": 1131000.0,
        "Diluted Average Shares": 3140191.0,
        "Basic Average Shares": 3140191.0,
        "Diluted EPS": -0.91,
        "Basic EPS": -0.91,
        "Diluted NI Availto Com Stockholders": -2855000.0,
        "Average Dilution Earnings": 0.0,
        "Net Income Common Stockholders": -2855000.0,
        "Net Income": -2855000.0,
        "Minority Interests": NaN,
        "Net Income Including Noncontrolling Interests": -2855000.0,
        "Net Income Continuous Operations": -2855000.0,
        "Tax Provision": -968000.0,
        "Pretax Income": -3823000.0,
        "Other Income Expense": -721000.0,
        "Other Non Operating Income Expenses": -420000.0,
        "Special Income Charges": -301000.0,
        "Gain On Sale Of Ppe": NaN,
        "Gain On Sale Of Business": -301000.0,
        "Impairment Of Capital Assets": NaN,
        "Net Non Operating Interest Income Expense": -4233000.0,
        "Interest Expense Non Operating": 4233000.0,
        "Operating Income": 1131000.0,
        "Operating Expense": 35914000.0,
        "Selling General And Administration": 35914000.0,
        "Selling And Marketing Expense": 5852000.0,
        "General And Administrative Expense": 30062000.0,
        "Other Gand A": 30062000.0,
        "Gross Profit": 37045000.0,
        "Cost Of Revenue": 86833000.0,
        "Total Revenue": 123878000.0,
        "Operating Revenue": 123878000.0
    }
}