{
    "2023-06-30": {
        "Tax Effect Of Unusual Items": NaN,
        "Tax Rate For Calcs": NaN,
        "Total Unusual Items": -18058000.0,
        "Total Unusual Items Excluding Goodwill": -18058000.0,
        "Net Income From Continuing Operation Net Minority Interest": NaN,
        "Reconciled Depreciation": NaN,
        "Net Interest Income": NaN,
        "Interest Expense": NaN,
        "Interest Income": NaN,
        "Normalized Income": NaN,
        "Net Income From Continuing And Discontinued Operation": NaN,
        "Diluted Average Shares": NaN,
        "Basic Average Shares": NaN,
        "Diluted EPS": NaN,
        "Basic EPS": NaN,
        "Diluted NI Availto Com Stockholders": NaN,
        "Net Income Common Stockholders": NaN,
        "Net Income": NaN,
        "Net Income Including Noncontrolling Interests": NaN,
        "Net Income Continuous Operations": NaN,
        "Tax Provision": NaN,
        "Pretax Income": NaN,
        "Special Income Charges": -18058000.0,
        "Other Special Charges": 18058000.0,
        "Gain On Sale Of Security": NaN,
        "Selling General And Administration": NaN,
        "General And Administrative Expense": NaN,
        "Other Gand A": NaN,
        "Insurance And Claims": NaN,
        "Salaries And Wages": NaN,
        "Total Revenue": NaN,
        "Operating Revenue": NaN,
        "Occupancy And Equipment": NaN,
        "Professional Expense And Contract Services Expense": NaN,
        "Other Non Interest Expense": NaN
    },
    "2023-03-31": {
        "Tax Effect Of Unusual Items": NaN,
        "Tax Rate For Calcs": NaN,
        "Total Unusual Items": NaN,
        "Total Unusual Items Excluding Goodwill": NaN,
        "Net Income From Continuing Operation Net Minority Interest": NaN,
        "Reconciled Depreciation": NaN,
        "Net Interest Income": NaN,
        "Interest Expense": NaN,
        "Interest Income": NaN,
        "Normalized Income": NaN,
        "Net Income From Continuing And Discontinued Operation": NaN,
        "Diluted Average Shares": NaN,
        "Basic Average Shares": NaN,
        "Diluted EPS": NaN,
        "Basic EPS": NaN,
        "Diluted NI Availto Com Stockholders": NaN,
        "Net Income Common Stockholders": NaN,
        "Net Income": NaN,
        "Net Income Including Noncontrolling Interests": NaN,
        "Net Income Continuous Operations": NaN,
        "Tax Provision": NaN,
        "Pretax Income": NaN,
        "Special Income Charges": NaN,
        "Other Special Charges": NaN,
        "Gain On Sale Of Security": NaN,
        "Selling General And Administration": NaN,
        "General And Administrative Expense": NaN,
        "Other Gand A": 1431000.0,
        "Insurance And Claims": NaN,
        "Salaries And Wages": NaN,
        "Total Revenue": NaN,
        "Operating Revenue": NaN,
        "Occupancy And Equipment": NaN,
        "Professional Expense And Contract Services Expense": NaN,
        "Other Non Interest Expense": NaN
    },
    "2022-12-31": {
        "Tax Effect Of Unusual Items": 0.0,
        "Tax Rate For Calcs": 0.161058,
        "Total Unusual Items": NaN,
        "Total Unusual Items Excluding Goodwill": NaN,
        "Net Income From Continuing Operation Net Minority Interest": 25977000.0,
        "Reconciled Depreciation": 1700000.0,
        "Net Interest Income": 56837000.0,
        "Interest Expense": 18516000.0,
        "Interest Income": 75353000.0,
        "Normalized Income": 25977000.0,
        "Net Income From Continuing And Discontinued Operation": 25977000.0,
        "Diluted Average Shares": 25754274.0,
        "Basic Average Shares": 25536026.0,
        "Diluted EPS": 1.01,
        "Basic EPS": 1.02,
        "Diluted NI Availto Com Stockholders": 25977000.0,
        "Net Income Common Stockholders": 25977000.0,
        "Net Income": 25977000.0,
        "Net Income Including Noncontrolling Interests": 25977000.0,
        "Net Income Continuous Operations": 25977000.0,
        "Tax Provision": 4987000.0,
        "Pretax Income": 30964000.0,
        "Special Income Charges": NaN,
        "Other Special Charges": NaN,
        "Gain On Sale Of Security": 21000.0,
        "Selling General And Administration": 11095000.0,
        "General And Administrative Expense": 11095000.0,
        "Other Gand A": NaN,
        "Insurance And Claims": 483000.0,
        "Salaries And Wages": 14690000.0,
        "Total Revenue": 76866000.0,
        "Operating Revenue": 76866000.0
    },
    "2022-09-30": {
        "Tax Effect Of Unusual Items": NaN,
        "Tax Rate For Calcs": NaN,
        "Total Unusual Items": 0.0,
        "Total Unusual Items Excluding Goodwill": 0.0,
        "Net Income From Continuing Operation Net Minority Interest": NaN,
        "Reconciled Depreciation": NaN,
        "Net Interest Income": NaN,
        "Interest Expense": NaN,
        "Interest Income": NaN,
        "Normalized Income": NaN,
        "Net Income From Continuing And Discontinued Operation": NaN,
        "Diluted Average Shares": NaN,
        "Basic Average Shares": NaN,
        "Diluted EPS": NaN,
        "Basic EPS": NaN,
        "Diluted NI Availto Com Stockholders": NaN,
        "Net Income Common Stockholders": NaN,
        "Net Income": NaN,
        "Net Income Including Noncontrolling Interests": NaN,
        "Net Income Continuous Operations": NaN,
        "Tax Provision": NaN,
        "Pretax Income": NaN,
        "Special Income Charges": 0.0,
        "Other Special Charges": NaN,
        "Gain On Sale Of Security": NaN,
        "Selling General And Administration": NaN,
        "General And Administrative Expense": NaN,
        "Other Gand A": 1426000.0,
        "Insurance And Claims": NaN,
        "Salaries And Wages": NaN,
        "Total Revenue": NaN,
        "Operating Revenue": NaN
    },
    "2022-06-30": {
        "Tax Effect Of Unusual Items": 0.0,
        "Tax Rate For Calcs": 0.178648,
        "Total Unusual Items": NaN,
        "Total Unusual Items Excluding Goodwill": NaN,
        "Net Income From Continuing Operation Net Minority Interest": 25673000.0,
        "Reconciled Depreciation": 1666000.0,
        "Net Interest Income": 48678000.0,
        "Interest Expense": 4944000.0,
        "Interest Income": 53622000.0,
        "Normalized Income": 25673000.0,
        "Net Income From Continuing And Discontinued Operation": 25673000.0,
        "Diluted Average Shares": 25697577.0,
        "Basic Average Shares": 25527896.0,
        "Diluted EPS": 1.0,
        "Basic EPS": 1.0,
        "Diluted NI Availto Com Stockholders": 25673000.0,
        "Net Income Common Stockholders": 25673000.0,
        "Net Income": 25673000.0,
        "Net Income Including Noncontrolling Interests": 25673000.0,
        "Net Income Continuous Operations": 25673000.0,
        "Tax Provision": 5584000.0,
        "Pretax Income": 31257000.0,
        "Special Income Charges": NaN,
        "Other Special Charges": NaN,
        "Gain On Sale Of Security": 354000.0,
        "Selling General And Administration": 16850000.0,
        "General And Administrative Expense": 16850000.0,
        "Other Gand A": 1433000.0,
        "Insurance And Claims": 619000.0,
        "Salaries And Wages": 14798000.0,
        "Total Revenue": 55967000.0,
        "Operating Revenue": 55967000.0
    },
    "2022-03-31": {
        "Diluted EPS": 0.92,
        "Total Revenue": 59,
        "Gross Profit": 56,
        "Operating Income": 28,
        "EBIT": NaN,
        "Net Income": 24
    },
    "2021-12-31": {
        "Diluted EPS": 0.95,
        "Total Revenue": 58,
        "Gross Profit": 55,
        "Operating Income": 30,
        "EBIT": NaN,
        "Net Income": 24
    },
    "2021-09-30": {
        "Diluted EPS": 0.94,
        "Total Revenue": 60,
        "Gross Profit": 57,
        "Operating Income": 30,
        "EBIT": NaN,
        "Net Income": 24
    },
    "2021-06-30": {
        "Diluted EPS": 0.95,
        "Total Revenue": 59,
        "Gross Profit": 55,
        "Operating Income": 30,
        "EBIT": NaN,
        "Net Income": 24
    },
    "2021-03-31": {
        "Diluted EPS": 0.9,
        "Total Revenue": 61,
        "Gross Profit": 56,
        "Operating Income": 28,
        "EBIT": NaN,
        "Net Income": 23
    },
    "2020-12-31": {
        "Diluted EPS": 0.97,
        "Total Revenue": 62,
        "Gross Profit": 56,
        "Operating Income": 31,
        "EBIT": NaN,
        "Net Income": 25
    },
    "2020-09-30": {
        "Diluted EPS": 0.89,
        "Total Revenue": 59,
        "Gross Profit": 53,
        "Operating Income": 28,
        "EBIT": NaN,
        "Net Income": 23
    },
    "2020-06-30": {
        "Diluted EPS": 0.77,
        "Total Revenue": 58,
        "Gross Profit": 51,
        "Operating Income": 24,
        "EBIT": NaN,
        "Net Income": 20
    },
    "2020-03-31": {
        "Diluted EPS": 0.67,
        "Total Revenue": 61,
        "Gross Profit": 50,
        "Operating Income": 21,
        "EBIT": NaN,
        "Net Income": 17
    },
    "2019-12-31": {
        "Diluted EPS": 0.86,
        "Total Revenue": 63,
        "Gross Profit": 50,
        "Operating Income": 28,
        "EBIT": NaN,
        "Net Income": 22
    },
    "2019-09-30": {
        "Diluted EPS": 0.83,
        "Total Revenue": 66,
        "Gross Profit": 50,
        "Operating Income": 27,
        "EBIT": NaN,
        "Net Income": 21
    },
    "2019-06-30": {
        "Diluted EPS": 0.85,
        "Total Revenue": 66,
        "Gross Profit": 50,
        "Operating Income": 27,
        "EBIT": NaN,
        "Net Income": 22
    },
    "2019-03-31": {
        "Diluted EPS": 0.84,
        "Total Revenue": 65,
        "Gross Profit": 50,
        "Operating Income": 26,
        "EBIT": NaN,
        "Net Income": 22
    },
    "2018-12-31": {
        "Diluted EPS": 0.84,
        "Total Revenue": 64,
        "Gross Profit": 50,
        "Operating Income": 27,
        "EBIT": NaN,
        "Net Income": 21
    },
    "2018-09-30": {
        "Diluted EPS": 0.8,
        "Total Revenue": 61,
        "Gross Profit": 49,
        "Operating Income": 25,
        "EBIT": NaN,
        "Net Income": 21
    },
    "2018-06-30": {
        "Diluted EPS": 0.78,
        "Total Revenue": 59,
        "Gross Profit": 47,
        "Operating Income": 25,
        "EBIT": NaN,
        "Net Income": 20
    },
    "2018-03-31": {
        "Diluted EPS": 0.71,
        "Total Revenue": 56,
        "Gross Profit": 46,
        "Operating Income": 22,
        "EBIT": NaN,
        "Net Income": 18
    },
    "2017-12-31": {
        "Diluted EPS": 0.44,
        "Total Revenue": 54,
        "Gross Profit": 45,
        "Operating Income": 23,
        "EBIT": NaN,
        "Net Income": 12
    },
    "2017-09-30": {
        "Diluted EPS": 0.62,
        "Total Revenue": 52,
        "Gross Profit": 44,
        "Operating Income": 23,
        "EBIT": NaN,
        "Net Income": 16
    },
    "2017-06-30": {
        "Diluted EPS": 0.6,
        "Total Revenue": 50,
        "Gross Profit": 43,
        "Operating Income": 23,
        "EBIT": NaN,
        "Net Income": 15
    },
    "2017-03-31": {
        "Diluted EPS": 0.57,
        "Total Revenue": 46,
        "Gross Profit": 40,
        "Operating Income": 20,
        "EBIT": NaN,
        "Net Income": 15
    },
    "2016-12-31": {
        "Diluted EPS": 0.54,
        "Total Revenue": 45,
        "Gross Profit": 40,
        "Operating Income": 21,
        "EBIT": NaN,
        "Net Income": 14
    },
    "2016-09-30": {
        "Diluted EPS": 0.53,
        "Total Revenue": 44,
        "Gross Profit": 39,
        "Operating Income": 20,
        "EBIT": NaN,
        "Net Income": 13
    },
    "2016-06-30": {
        "Diluted EPS": 0.5,
        "Total Revenue": 42,
        "Gross Profit": 37,
        "Operating Income": 19,
        "EBIT": NaN,
        "Net Income": 13
    },
    "2016-03-31": {
        "Diluted EPS": 0.48,
        "Total Revenue": 40,
        "Gross Profit": 36,
        "Operating Income": 18,
        "EBIT": NaN,
        "Net Income": 12
    },
    "2015-12-31": {
        "Diluted EPS": 0.49,
        "Total Revenue": 40,
        "Gross Profit": 36,
        "Operating Income": 18,
        "EBIT": NaN,
        "Net Income": 12
    },
    "2015-09-30": {
        "Diluted EPS": 0.46,
        "Total Revenue": 39,
        "Gross Profit": 35,
        "Operating Income": 17,
        "EBIT": NaN,
        "Net Income": 12
    },
    "2015-06-30": {
        "Diluted EPS": 0.45,
        "Total Revenue": 38,
        "Gross Profit": 34,
        "Operating Income": 17,
        "EBIT": NaN,
        "Net Income": 11
    },
    "2015-03-31": {
        "Diluted EPS": 0.44,
        "Total Revenue": 37,
        "Gross Profit": 33,
        "Operating Income": 17,
        "EBIT": NaN,
        "Net Income": 11
    },
    "2014-12-31": {
        "Diluted EPS": 0.43,
        "Total Revenue": 37,
        "Gross Profit": 33,
        "Operating Income": 17,
        "EBIT": NaN,
        "Net Income": 11
    },
    "2014-09-30": {
        "Diluted EPS": 0.46,
        "Total Revenue": 38,
        "Gross Profit": 34,
        "Operating Income": 17,
        "EBIT": NaN,
        "Net Income": 12
    },
    "2014-06-30": {
        "Diluted EPS": 0.45,
        "Total Revenue": 37,
        "Gross Profit": 33,
        "Operating Income": 17,
        "EBIT": NaN,
        "Net Income": 11
    },
    "2014-03-31": {
        "Diluted EPS": 0.39,
        "Total Revenue": 36,
        "Gross Profit": 32,
        "Operating Income": 15,
        "EBIT": NaN,
        "Net Income": 10
    },
    "2013-12-31": {
        "Diluted EPS": 0.41,
        "Total Revenue": 36,
        "Gross Profit": 32,
        "Operating Income": 16,
        "EBIT": NaN,
        "Net Income": 11
    },
    "2013-09-30": {
        "Diluted EPS": 0.39,
        "Total Revenue": 35,
        "Gross Profit": 31,
        "Operating Income": 15,
        "EBIT": NaN,
        "Net Income": 10
    },
    "2013-06-30": {
        "Diluted EPS": 0.37,
        "Total Revenue": 34,
        "Gross Profit": 29,
        "Operating Income": 14,
        "EBIT": NaN,
        "Net Income": 9
    },
    "2013-03-31": {
        "Diluted EPS": 0.37,
        "Total Revenue": 34,
        "Gross Profit": 29,
        "Operating Income": 14,
        "EBIT": NaN,
        "Net Income": 9
    },
    "2012-12-31": {
        "Diluted EPS": 0.35,
        "Total Revenue": 34,
        "Gross Profit": 28,
        "Operating Income": 15,
        "EBIT": NaN,
        "Net Income": 9
    },
    "2012-09-30": {
        "Diluted EPS": 0.38,
        "Total Revenue": 35,
        "Gross Profit": 28,
        "Operating Income": 14,
        "EBIT": NaN,
        "Net Income": 9
    },
    "2012-06-30": {
        "Diluted EPS": 0.36,
        "Total Revenue": 35,
        "Gross Profit": 28,
        "Operating Income": 13,
        "EBIT": NaN,
        "Net Income": 9
    },
    "2012-03-31": {
        "Diluted EPS": 0.35,
        "Total Revenue": 36,
        "Gross Profit": 28,
        "Operating Income": 13,
        "EBIT": NaN,
        "Net Income": 9
    },
    "2011-12-31": {
        "Diluted EPS": 0.33,
        "Total Revenue": 36,
        "Gross Profit": 28,
        "Operating Income": 14,
        "EBIT": NaN,
        "Net Income": 8
    },
    "2011-09-30": {
        "Diluted EPS": 0.35,
        "Total Revenue": 36,
        "Gross Profit": 29,
        "Operating Income": 13,
        "EBIT": NaN,
        "Net Income": 8
    },
    "2011-06-30": {
        "Diluted EPS": 0.33,
        "Total Revenue": 36,
        "Gross Profit": 29,
        "Operating Income": 12,
        "EBIT": NaN,
        "Net Income": 8
    },
    "2011-03-31": {
        "Diluted EPS": 0.25,
        "Total Revenue": 36,
        "Gross Profit": 28,
        "Operating Income": 9,
        "EBIT": NaN,
        "Net Income": 6
    },
    "2010-12-31": {
        "Diluted EPS": 0.24,
        "Total Revenue": 36,
        "Gross Profit": 28,
        "Operating Income": 9,
        "EBIT": NaN,
        "Net Income": 6
    },
    "2010-09-30": {
        "Diluted EPS": 0.27,
        "Total Revenue": 37,
        "Gross Profit": 29,
        "Operating Income": 10,
        "EBIT": NaN,
        "Net Income": 7
    },
    "2010-06-30": {
        "Diluted EPS": 0.16,
        "Total Revenue": 36,
        "Gross Profit": 29,
        "Operating Income": 9,
        "EBIT": NaN,
        "Net Income": 4
    },
    "2010-03-31": {
        "Diluted EPS": 0.21,
        "Total Revenue": 35,
        "Gross Profit": 28,
        "Operating Income": 9,
        "EBIT": NaN,
        "Net Income": 5
    },
    "2009-12-31": {
        "Diluted EPS": 0.21,
        "Total Revenue": 35,
        "Gross Profit": 28,
        "Operating Income": 8,
        "EBIT": NaN,
        "Net Income": 5
    },
    "2009-09-30": {
        "Diluted EPS": 0.24,
        "Total Revenue": 35,
        "Gross Profit": 27,
        "Operating Income": 8,
        "EBIT": NaN,
        "Net Income": 4
    },
    "2009-06-30": {
        "Diluted EPS": 0.19,
        "Total Revenue": 35,
        "Gross Profit": 26,
        "Operating Income": 6,
        "EBIT": NaN,
        "Net Income": 4
    },
    "2009-03-31": {
        "Diluted EPS": 0.19,
        "Total Revenue": 34,
        "Gross Profit": 23,
        "Operating Income": 5,
        "EBIT": NaN,
        "Net Income": 4
    },
    "2023-09-30": {
        "Tax Effect Of Unusual Items": 0.0,
        "Tax Rate For Calcs": 0.150651,
        "Total Unusual Items": 0.0,
        "Total Unusual Items Excluding Goodwill": 0.0,
        "Net Income From Continuing Operation Net Minority Interest": 25252000.0,
        "Reconciled Depreciation": 1655000.0,
        "Net Interest Income": 48393000.0,
        "Interest Expense": 40230000.0,
        "Interest Income": 88623000.0,
        "Normalized Income": 25252000.0,
        "Net Income From Continuing And Discontinued Operation": 25252000.0,
        "Diluted Average Shares": 25693535.0,
        "Basic Average Shares": 25613456.0,
        "Diluted EPS": 0.98,
        "Basic EPS": 0.99,
        "Diluted NI Availto Com Stockholders": 25252000.0,
        "Net Income Common Stockholders": 25252000.0,
        "Net Income": 25252000.0,
        "Net Income Including Noncontrolling Interests": 25252000.0,
        "Net Income Continuous Operations": 25252000.0,
        "Tax Provision": 4479000.0,
        "Pretax Income": 29731000.0,
        "Special Income Charges": 0.0,
        "Other Special Charges": NaN,
        "Gain On Sale Of Security": -35000.0,
        "Selling General And Administration": 16848000.0,
        "General And Administrative Expense": 16848000.0,
        "Other Gand A": NaN,
        "Insurance And Claims": 871000.0,
        "Salaries And Wages": 15977000.0,
        "Total Revenue": 59228000.0,
        "Operating Revenue": 59228000.0,
        "Occupancy And Equipment": 2946000.0,
        "Professional Expense And Contract Services Expense": 2114000.0,
        "Other Non Interest Expense": 7189000.0
    },
    "2023-12-31": {
        "Tax Effect Of Unusual Items": 0.0,
        "Tax Rate For Calcs": 0.17847,
        "Total Unusual Items": NaN,
        "Total Unusual Items Excluding Goodwill": NaN,
        "Net Income From Continuing Operation Net Minority Interest": 29626000.0,
        "Reconciled Depreciation": 1163000.0,
        "Net Interest Income": 48599000.0,
        "Interest Expense": 42343000.0,
        "Interest Income": 90942000.0,
        "Normalized Income": 29626000.0,
        "Net Income From Continuing And Discontinued Operation": 29626000.0,
        "Diluted Average Shares": 25732870.0,
        "Basic Average Shares": 25614420.0,
        "Diluted EPS": 1.16,
        "Basic EPS": 1.16,
        "Diluted NI Availto Com Stockholders": 29626000.0,
        "Net Income Common Stockholders": 29626000.0,
        "Net Income": 29626000.0,
        "Net Income Including Noncontrolling Interests": 29626000.0,
        "Net Income Continuous Operations": 29626000.0,
        "Tax Provision": 6436000.0,
        "Pretax Income": 36062000.0,
        "Special Income Charges": NaN,
        "Other Special Charges": NaN,
        "Gain On Sale Of Security": -9000.0,
        "Selling General And Administration": 16627000.0,
        "General And Administrative Expense": 16627000.0,
        "Other Gand A": NaN,
        "Insurance And Claims": 894000.0,
        "Salaries And Wages": 15733000.0,
        "Total Revenue": 65807000.0,
        "Operating Revenue": 65807000.0,
        "Occupancy And Equipment": 2929000.0,
        "Professional Expense And Contract Services Expense": 2299000.0,
        "Other Non Interest Expense": 25648000.0
    },
    "2024-03-31": {
        "Tax Effect Of Unusual Items": 0.0,
        "Tax Rate For Calcs": 0.158,
        "Total Unusual Items": NaN,
        "Total Unusual Items Excluding Goodwill": NaN,
        "Net Income From Continuing Operation Net Minority Interest": 23401000.0,
        "Reconciled Depreciation": 1643000.0,
        "Net Interest Income": 47416000.0,
        "Interest Expense": 43618000.0,
        "Interest Income": 91034000.0,
        "Normalized Income": 23401000.0,
        "Net Income From Continuing And Discontinued Operation": 23401000.0,
        "Diluted Average Shares": 25747643.0,
        "Basic Average Shares": 25657063.0,
        "Diluted EPS": 0.91,
        "Basic EPS": 0.91,
        "Diluted NI Availto Com Stockholders": 23401000.0,
        "Net Income Common Stockholders": 23401000.0,
        "Net Income": 23401000.0,
        "Net Income Including Noncontrolling Interests": 23401000.0,
        "Net Income Continuous Operations": 23401000.0,
        "Tax Provision": 4402000.0,
        "Pretax Income": 27803000.0,
        "Special Income Charges": NaN,
        "Other Special Charges": NaN,
        "Gain On Sale Of Security": -46000.0,
        "Selling General And Administration": 17622000.0,
        "General And Administrative Expense": 17622000.0,
        "Other Gand A": NaN,
        "Insurance And Claims": 789000.0,
        "Salaries And Wages": 16833000.0,
        "Total Revenue": 60028000.0,
        "Operating Revenue": 60028000.0,
        "Occupancy And Equipment": 3152000.0,
        "Professional Expense And Contract Services Expense": 2463000.0,
        "Other Non Interest Expense": 7468000.0
    },
    "2024-06-30": {
        "Tax Effect Of Unusual Items": 0.0,
        "Tax Rate For Calcs": 0.162432,
        "Total Unusual Items": 0.0,
        "Total Unusual Items Excluding Goodwill": 0.0,
        "Net Income From Continuing Operation Net Minority Interest": 22549000.0,
        "Reconciled Depreciation": 1609000.0,
        "Net Interest Income": 48296000.0,
        "Interest Expense": 45440000.0,
        "Interest Income": 93736000.0,
        "Normalized Income": 22549000.0,
        "Net Income From Continuing And Discontinued Operation": 22549000.0,
        "Diluted Average Shares": 25742871.0,
        "Basic Average Shares": 25678231.0,
        "Diluted EPS": 0.87,
        "Basic EPS": 0.88,
        "Diluted NI Availto Com Stockholders": 22549000.0,
        "Net Income Common Stockholders": 22549000.0,
        "Net Income": 22549000.0,
        "Net Income Including Noncontrolling Interests": 22549000.0,
        "Net Income Continuous Operations": 22549000.0,
        "Tax Provision": 4373000.0,
        "Pretax Income": 26922000.0,
        "Special Income Charges": 0.0,
        "Other Special Charges": NaN,
        "Gain On Sale Of Security": 9011000.0,
        "Selling General And Administration": 16974000.0,
        "General And Administrative Expense": 16974000.0,
        "Other Gand A": NaN,
        "Insurance And Claims": 816000.0,
        "Salaries And Wages": 16158000.0,
        "Total Revenue": 68735000.0,
        "Operating Revenue": 68735000.0,
        "Occupancy And Equipment": 3041000.0,
        "Professional Expense And Contract Services Expense": 2123000.0,
        "Other Non Interest Expense": 11195000.0
    },
    "2024-09-30": {
        "Tax Effect Of Unusual Items": 0.0,
        "Tax Rate For Calcs": 0.158627,
        "Total Unusual Items": 0.0,
        "Total Unusual Items Excluding Goodwill": 0.0,
        "Net Income From Continuing Operation Net Minority Interest": 23338000.0,
        "Reconciled Depreciation": 1596000.0,
        "Net Interest Income": 49273000.0,
        "Interest Expense": 45745000.0,
        "Interest Income": 95018000.0,
        "Normalized Income": 23338000.0,
        "Net Income From Continuing And Discontinued Operation": 23338000.0,
        "Diluted Average Shares": 25767739.0,
        "Basic Average Shares": 25684407.0,
        "Diluted EPS": 0.91,
        "Basic EPS": 0.91,
        "Diluted NI Availto Com Stockholders": 23338000.0,
        "Net Income Common Stockholders": 23338000.0,
        "Net Income": 23338000.0,
        "Net Income Including Noncontrolling Interests": 23338000.0,
        "Net Income Continuous Operations": 23338000.0,
        "Tax Provision": 4400000.0,
        "Pretax Income": 27738000.0,
        "Special Income Charges": 0.0,
        "Other Special Charges": NaN,
        "Gain On Sale Of Security": -15000.0,
        "Selling General And Administration": 17442000.0,
        "General And Administrative Expense": 17442000.0,
        "Other Gand A": NaN,
        "Insurance And Claims": 966000.0,
        "Salaries And Wages": 16476000.0,
        "Total Revenue": 61190000.0,
        "Operating Revenue": 61190000.0,
        "Occupancy And Equipment": 3173000.0,
        "Professional Expense And Contract Services Expense": 2089000.0,
        "Other Non Interest Expense": 7689000.0
    }
}