{
    "2023-03-31": {
        "Tax Effect Of Unusual Items": 0.0,
        "Tax Rate For Calcs": 0.0,
        "Normalized EBITDA": -32840000.0,
        "Total Unusual Items": -9455000.0,
        "Total Unusual Items Excluding Goodwill": -9455000.0,
        "Net Income From Continuing Operation Net Minority Interest": -54445000.0,
        "Reconciled Depreciation": 1198000.0,
        "Reconciled Cost Of Revenue": 29597000.0,
        "EBITDA": -42295000.0,
        "EBIT": -43493000.0,
        "Net Interest Income": -10934000.0,
        "Interest Expense": 10934000.0,
        "Normalized Income": -44990000.0,
        "Net Income From Continuing And Discontinued Operation": -54445000.0,
        "Total Expenses": 62127000.0,
        "Total Operating Income As Reported": -33929000.0,
        "Diluted Average Shares": 144062103.0,
        "Basic Average Shares": 144062103.0,
        "Diluted EPS": -0.38,
        "Basic EPS": -0.38,
        "Diluted NI Availto Com Stockholders": -54445000.0,
        "Net Income Common Stockholders": -54445000.0,
        "Net Income": -54445000.0,
        "Net Income Including Noncontrolling Interests": -54445000.0,
        "Net Income Continuous Operations": -54445000.0,
        "Tax Provision": 18000.0,
        "Pretax Income": -54427000.0,
        "Other Income Expense": -9564000.0,
        "Other Non Operating Income Expenses": -109000.0,
        "Special Income Charges": 0.0,
        "Gain On Sale Of Security": -9455000.0,
        "Net Non Operating Interest Income Expense": -10934000.0,
        "Interest Expense Non Operating": 10934000.0,
        "Operating Income": -33929000.0,
        "Operating Expense": 32530000.0,
        "Selling General And Administration": 32530000.0,
        "Gross Profit": -1399000.0,
        "Cost Of Revenue": 29597000.0,
        "Total Revenue": 28198000.0,
        "Operating Revenue": 28198000.0
    },
    "2022-12-31": {
        "Tax Effect Of Unusual Items": 3629010.0,
        "Tax Rate For Calcs": 0.21,
        "Normalized EBITDA": -39134000.0,
        "Total Unusual Items": 17281000.0,
        "Total Unusual Items Excluding Goodwill": 17281000.0,
        "Net Income From Continuing Operation Net Minority Interest": -32979000.0,
        "Reconciled Depreciation": 1387000.0,
        "Reconciled Cost Of Revenue": 42710000.0,
        "EBITDA": -21853000.0,
        "EBIT": -23240000.0,
        "Net Interest Income": -9637000.0,
        "Interest Expense": 9637000.0,
        "Normalized Income": -46630990.0,
        "Net Income From Continuing And Discontinued Operation": -32979000.0,
        "Total Expenses": 70297000.0,
        "Total Operating Income As Reported": -62068000.0,
        "Diluted Average Shares": 142930585.0,
        "Basic Average Shares": 142930585.0,
        "Diluted EPS": -0.23,
        "Basic EPS": -0.23,
        "Diluted NI Availto Com Stockholders": -32979000.0,
        "Net Income Common Stockholders": -32979000.0,
        "Net Income": -32979000.0,
        "Net Income Including Noncontrolling Interests": -32979000.0,
        "Net Income Continuous Operations": -32979000.0,
        "Tax Provision": 102000.0,
        "Pretax Income": -32877000.0,
        "Other Income Expense": 15134000.0,
        "Other Non Operating Income Expenses": -2147000.0,
        "Special Income Charges": -23694000.0,
        "Other Special Charges": 0.0,
        "Gain On Sale Of Security": 40975000.0,
        "Net Non Operating Interest Income Expense": -9637000.0,
        "Interest Expense Non Operating": 9637000.0,
        "Operating Income": -38374000.0,
        "Operating Expense": 27587000.0,
        "Selling General And Administration": 27587000.0,
        "Gross Profit": -10787000.0,
        "Cost Of Revenue": 42710000.0,
        "Total Revenue": 31923000.0,
        "Operating Revenue": 31923000.0
    },
    "2022-09-30": {
        "Tax Effect Of Unusual Items": 1260210.0,
        "Tax Rate For Calcs": 0.21,
        "Normalized EBITDA": -24934000.0,
        "Total Unusual Items": 6001000.0,
        "Total Unusual Items Excluding Goodwill": 6001000.0,
        "Net Income From Continuing Operation Net Minority Interest": -27355000.0,
        "Reconciled Depreciation": 1221000.0,
        "Reconciled Cost Of Revenue": 27793000.0,
        "EBITDA": -18933000.0,
        "EBIT": -20154000.0,
        "Net Interest Income": -7147000.0,
        "Interest Expense": 7147000.0,
        "Normalized Income": -32095790.0,
        "Net Income From Continuing And Discontinued Operation": -27355000.0,
        "Total Expenses": 52489000.0,
        "Total Operating Income As Reported": -24659000.0,
        "Diluted Average Shares": 143276708.0,
        "Basic Average Shares": 143276708.0,
        "Diluted EPS": -0.19,
        "Basic EPS": -0.19,
        "Diluted NI Availto Com Stockholders": -27355000.0,
        "Net Income Common Stockholders": -27355000.0,
        "Net Income": -27355000.0,
        "Net Income Including Noncontrolling Interests": -27355000.0,
        "Net Income Continuous Operations": -27355000.0,
        "Tax Provision": 54000.0,
        "Pretax Income": -27301000.0,
        "Other Income Expense": 4505000.0,
        "Other Non Operating Income Expenses": -1496000.0,
        "Special Income Charges": 0.0,
        "Other Special Charges": NaN,
        "Write Off": NaN,
        "Gain On Sale Of Security": 6001000.0,
        "Net Non Operating Interest Income Expense": -7147000.0,
        "Interest Expense Non Operating": 7147000.0,
        "Operating Income": -24659000.0,
        "Operating Expense": 24696000.0,
        "Selling General And Administration": 24696000.0,
        "General And Administrative Expense": 24696000.0,
        "Other Gand A": 18207000.0,
        "Salaries And Wages": 6489000.0,
        "Gross Profit": 37000.0,
        "Cost Of Revenue": 27793000.0,
        "Total Revenue": 27830000.0,
        "Operating Revenue": 27830000.0
    },
    "2022-06-30": {
        "Tax Effect Of Unusual Items": 3270800.0,
        "Tax Rate For Calcs": 0.4,
        "Normalized EBITDA": -33512000.0,
        "Total Unusual Items": 8177000.0,
        "Total Unusual Items Excluding Goodwill": 8177000.0,
        "Net Income From Continuing Operation Net Minority Interest": -32274000.0,
        "Reconciled Depreciation": 1243000.0,
        "Reconciled Cost Of Revenue": 25038000.0,
        "EBITDA": -25335000.0,
        "EBIT": -25335000.0,
        "Net Interest Income": -6937000.0,
        "Interest Expense": 6937000.0,
        "Normalized Income": -37180200.0,
        "Net Income From Continuing And Discontinued Operation": -32274000.0,
        "Total Expenses": 54408000.0,
        "Total Operating Income As Reported": -33044000.0,
        "Diluted Average Shares": 142378037.0,
        "Basic Average Shares": 142378037.0,
        "Diluted EPS": -0.23,
        "Basic EPS": -0.23,
        "Diluted NI Availto Com Stockholders": -32274000.0,
        "Net Income Common Stockholders": -32274000.0,
        "Net Income": -32274000.0,
        "Net Income Including Noncontrolling Interests": -32274000.0,
        "Net Income Continuous Operations": -32274000.0,
        "Tax Provision": 2000.0,
        "Pretax Income": -32272000.0,
        "Other Income Expense": 7709000.0,
        "Other Non Operating Income Expenses": -468000.0,
        "Special Income Charges": 0.0,
        "Other Special Charges": NaN,
        "Write Off": NaN,
        "Gain On Sale Of Security": 8177000.0,
        "Net Non Operating Interest Income Expense": -6937000.0,
        "Interest Expense Non Operating": 6937000.0,
        "Operating Income": -33044000.0,
        "Operating Expense": 29370000.0,
        "Selling General And Administration": 29370000.0,
        "General And Administrative Expense": 29370000.0,
        "Other Gand A": 20784000.0,
        "Salaries And Wages": 8586000.0,
        "Gross Profit": -3674000.0,
        "Cost Of Revenue": 25038000.0,
        "Total Revenue": 21364000.0,
        "Operating Revenue": 21364000.0
    },
    "2022-03-31": {
        "Diluted EPS": -0.85,
        "Total Revenue": 13,
        "Gross Profit": -3,
        "Operating Income": -33,
        "EBIT": -32,
        "Net Income": -71
    },
    "2021-12-31": {
        "Diluted EPS": -0.46,
        "Total Revenue": 11,
        "Gross Profit": 1,
        "Operating Income": -12,
        "EBIT": -12,
        "Net Income": -40
    },
    "2021-09-30": {
        "Diluted EPS": -0.16,
        "Total Revenue": 10,
        "Gross Profit": 1,
        "Operating Income": -10,
        "EBIT": -9,
        "Net Income": -12
    },
    "2021-06-30": {
        "Diluted EPS": -0.11,
        "Total Revenue": 9,
        "Gross Profit": 4,
        "Operating Income": -8,
        "EBIT": -8,
        "Net Income": -9
    },
    "2021-03-31": {
        "Diluted EPS": -1.08,
        "Total Revenue": 10,
        "Gross Profit": 1,
        "Operating Income": -6,
        "EBIT": -5,
        "Net Income": -77
    },
    "2020-12-31": {
        "Diluted EPS": 0.0,
        "Total Revenue": NaN,
        "Gross Profit": NaN,
        "Operating Income": NaN,
        "EBIT": NaN,
        "Net Income": NaN
    },
    "2023-06-30": {
        "Tax Effect Of Unusual Items": 11486.0,
        "Tax Rate For Calcs": 0.001,
        "Normalized EBITDA": -25818000.0,
        "Total Unusual Items": 11486000.0,
        "Total Unusual Items Excluding Goodwill": 11486000.0,
        "Net Income From Continuing Operation Net Minority Interest": -28130000.0,
        "Reconciled Depreciation": 2086000.0,
        "Reconciled Cost Of Revenue": 31430000.0,
        "EBITDA": -14332000.0,
        "EBIT": -16418000.0,
        "Net Interest Income": -11729000.0,
        "Interest Expense": 11729000.0,
        "Normalized Income": -39604514.0,
        "Net Income From Continuing And Discontinued Operation": -28130000.0,
        "Total Expenses": 60162000.0,
        "Total Operating Income As Reported": -27930000.0,
        "Diluted Average Shares": 156502662.0,
        "Basic Average Shares": 156502662.0,
        "Diluted EPS": -0.18,
        "Basic EPS": -0.18,
        "Diluted NI Availto Com Stockholders": -28130000.0,
        "Net Income Common Stockholders": -28130000.0,
        "Net Income": -28130000.0,
        "Net Income Including Noncontrolling Interests": -28130000.0,
        "Net Income Continuous Operations": -28130000.0,
        "Tax Provision": -17000.0,
        "Pretax Income": -28147000.0,
        "Other Income Expense": 11512000.0,
        "Other Non Operating Income Expenses": 26000.0,
        "Special Income Charges": 0.0,
        "Gain On Sale Of Security": 11486000.0,
        "Net Non Operating Interest Income Expense": -11729000.0,
        "Interest Expense Non Operating": 11729000.0,
        "Operating Income": -27930000.0,
        "Operating Expense": 28732000.0,
        "Selling General And Administration": 28732000.0,
        "Gross Profit": 802000.0,
        "Cost Of Revenue": 31430000.0,
        "Total Revenue": 32232000.0,
        "Operating Revenue": 32232000.0
    },
    "2023-09-30": {
        "Tax Effect Of Unusual Items": 5503.0,
        "Tax Rate For Calcs": 0.001,
        "Normalized EBITDA": -16633000.0,
        "Total Unusual Items": 5503000.0,
        "Total Unusual Items Excluding Goodwill": 5503000.0,
        "Net Income From Continuing Operation Net Minority Interest": -26429000.0,
        "Reconciled Depreciation": 2620000.0,
        "Reconciled Cost Of Revenue": 34194000.0,
        "EBITDA": -11130000.0,
        "EBIT": -13750000.0,
        "Net Interest Income": -12657000.0,
        "Interest Expense": 12657000.0,
        "Normalized Income": -31926497.0,
        "Net Income From Continuing And Discontinued Operation": -26429000.0,
        "Total Expenses": 63197000.0,
        "Total Operating Income As Reported": -19312000.0,
        "Diluted Average Shares": 178624492.0,
        "Basic Average Shares": 178624492.0,
        "Diluted EPS": -0.15,
        "Basic EPS": -0.15,
        "Diluted NI Availto Com Stockholders": -26429000.0,
        "Net Income Common Stockholders": -26429000.0,
        "Net Income": -26429000.0,
        "Net Income Including Noncontrolling Interests": -26429000.0,
        "Net Income Continuous Operations": -26429000.0,
        "Tax Provision": 22000.0,
        "Pretax Income": -26407000.0,
        "Other Income Expense": 5562000.0,
        "Other Non Operating Income Expenses": 59000.0,
        "Special Income Charges": 0.0,
        "Gain On Sale Of Security": 5503000.0,
        "Net Non Operating Interest Income Expense": -12657000.0,
        "Interest Expense Non Operating": 12657000.0,
        "Operating Income": -19312000.0,
        "Operating Expense": 29003000.0,
        "Selling General And Administration": 29003000.0,
        "Gross Profit": 9691000.0,
        "Cost Of Revenue": 34194000.0,
        "Total Revenue": 43885000.0,
        "Operating Revenue": 43885000.0
    },
    "2023-12-31": {
        "Tax Effect Of Unusual Items": -429660.0,
        "Tax Rate For Calcs": 0.21,
        "Normalized EBITDA": -24437000.0,
        "Total Unusual Items": -2046000.0,
        "Total Unusual Items Excluding Goodwill": -2046000.0,
        "Net Income From Continuing Operation Net Minority Interest": -42839000.0,
        "Reconciled Depreciation": 3163000.0,
        "Reconciled Cost Of Revenue": 32134000.0,
        "EBITDA": -26483000.0,
        "EBIT": -29646000.0,
        "Net Interest Income": -13182000.0,
        "Interest Expense": 13182000.0,
        "Normalized Income": -41222660.0,
        "Net Income From Continuing And Discontinued Operation": -42839000.0,
        "Total Expenses": 59327000.0,
        "Total Operating Income As Reported": -27727000.0,
        "Diluted Average Shares": NaN,
        "Basic Average Shares": NaN,
        "Diluted EPS": NaN,
        "Basic EPS": NaN,
        "Diluted NI Availto Com Stockholders": -42839000.0,
        "Net Income Common Stockholders": -42839000.0,
        "Net Income": -42839000.0,
        "Net Income Including Noncontrolling Interests": -42839000.0,
        "Net Income Continuous Operations": -42839000.0,
        "Tax Provision": 11000.0,
        "Pretax Income": -42828000.0,
        "Other Income Expense": -1919000.0,
        "Other Non Operating Income Expenses": 127000.0,
        "Special Income Charges": 0.0,
        "Gain On Sale Of Security": -2046000.0,
        "Net Non Operating Interest Income Expense": -13182000.0,
        "Interest Expense Non Operating": 13182000.0,
        "Operating Income": -27727000.0,
        "Operating Expense": 27193000.0,
        "Selling General And Administration": 27193000.0,
        "Gross Profit": -534000.0,
        "Cost Of Revenue": 32134000.0,
        "Total Revenue": 31600000.0,
        "Operating Revenue": 31600000.0
    }
}