{
    "2023-03-31": {
        "Tax Effect Of Unusual Items": -178850.0,
        "Tax Rate For Calcs": 0.245,
        "Normalized EBITDA": 11260000.0,
        "Total Unusual Items": -730000.0,
        "Total Unusual Items Excluding Goodwill": -730000.0,
        "Net Income From Continuing Operation Net Minority Interest": 6040000.0,
        "Reconciled Depreciation": 2351000.0,
        "Reconciled Cost Of Revenue": 16192000.0,
        "EBITDA": 10530000.0,
        "EBIT": 8179000.0,
        "Net Interest Income": 568000.0,
        "Interest Expense": NaN,
        "Interest Income": 568000.0,
        "Normalized Income": 6591150.0,
        "Net Income From Continuing And Discontinued Operation": 6040000.0,
        "Total Expenses": 38896000.0,
        "Total Operating Income As Reported": 7874000.0,
        "Diluted Average Shares": 22274000.0,
        "Basic Average Shares": 22111000.0,
        "Diluted EPS": 0.27,
        "Basic EPS": 0.27,
        "Diluted NI Availto Com Stockholders": 6040000.0,
        "Net Income Common Stockholders": 6040000.0,
        "Net Income": 6040000.0,
        "Net Income Including Noncontrolling Interests": 6040000.0,
        "Net Income Continuous Operations": 6040000.0,
        "Tax Provision": 1977000.0,
        "Pretax Income": 8017000.0,
        "Other Income Expense": -730000.0,
        "Special Income Charges": -305000.0,
        "Restructuring And Mergern Acquisition": 305000.0,
        "Gain On Sale Of Security": -425000.0,
        "Net Non Operating Interest Income Expense": 568000.0,
        "Interest Expense Non Operating": NaN,
        "Interest Income Non Operating": 568000.0,
        "Operating Income": 8179000.0,
        "Operating Expense": 22704000.0,
        "Research And Development": 3875000.0,
        "Selling General And Administration": 18829000.0,
        "Selling And Marketing Expense": 10897000.0,
        "General And Administrative Expense": 7932000.0,
        "Other Gand A": 7932000.0,
        "Gross Profit": 30883000.0,
        "Cost Of Revenue": 16192000.0,
        "Total Revenue": 47075000.0,
        "Operating Revenue": 47075000.0
    },
    "2022-12-31": {
        "Tax Effect Of Unusual Items": 197388.945884,
        "Tax Rate For Calcs": 0.278405,
        "Normalized EBITDA": 9377000.0,
        "Total Unusual Items": 709000.0,
        "Total Unusual Items Excluding Goodwill": 709000.0,
        "Net Income From Continuing Operation Net Minority Interest": 5627000.0,
        "Reconciled Depreciation": 2288000.0,
        "Reconciled Cost Of Revenue": 14900000.0,
        "EBITDA": 10086000.0,
        "EBIT": 7798000.0,
        "Net Interest Income": 447000.0,
        "Interest Expense": 0.0,
        "Interest Income": 447000.0,
        "Normalized Income": 5115388.945884,
        "Net Income From Continuing And Discontinued Operation": 5627000.0,
        "Total Expenses": 33987000.0,
        "Total Operating Income As Reported": 6967000.0,
        "Diluted Average Shares": 22238000.0,
        "Basic Average Shares": 22023000.0,
        "Diluted EPS": 0.25,
        "Basic EPS": 0.26,
        "Diluted NI Availto Com Stockholders": 5627000.0,
        "Net Income Common Stockholders": 5627000.0,
        "Net Income": 5627000.0,
        "Net Income Including Noncontrolling Interests": 5627000.0,
        "Net Income Continuous Operations": 5627000.0,
        "Tax Provision": 2171000.0,
        "Pretax Income": 7798000.0,
        "Other Income Expense": 384000.0,
        "Special Income Charges": 0.0,
        "Restructuring And Mergern Acquisition": 0.0,
        "Gain On Sale Of Security": NaN,
        "Net Non Operating Interest Income Expense": 447000.0,
        "Interest Expense Non Operating": 0.0,
        "Interest Income Non Operating": 447000.0,
        "Operating Income": 6967000.0,
        "Operating Expense": 19087000.0,
        "Research And Development": 3554000.0,
        "Selling General And Administration": 15533000.0,
        "Selling And Marketing Expense": 8600000.0,
        "General And Administrative Expense": 6933000.0,
        "Other Gand A": 6933000.0,
        "Gross Profit": 26054000.0,
        "Cost Of Revenue": 14900000.0,
        "Total Revenue": 40954000.0,
        "Operating Revenue": 40954000.0
    },
    "2022-09-30": {
        "Tax Effect Of Unusual Items": -29940.143136,
        "Tax Rate For Calcs": 0.112557,
        "Normalized EBITDA": 6414000.0,
        "Total Unusual Items": -266000.0,
        "Total Unusual Items Excluding Goodwill": -266000.0,
        "Net Income From Continuing Operation Net Minority Interest": 5456000.0,
        "Reconciled Depreciation": 2328000.0,
        "Reconciled Cost Of Revenue": 13958000.0,
        "EBITDA": 6148000.0,
        "EBIT": 6148000.0,
        "Net Interest Income": 264000.0,
        "Interest Expense": 0.0,
        "Interest Income": 264000.0,
        "Normalized Income": 5692059.856864,
        "Net Income From Continuing And Discontinued Operation": 5456000.0,
        "Total Expenses": 32878000.0,
        "Total Operating Income As Reported": 6150000.0,
        "Diluted Average Shares": 22217000.0,
        "Basic Average Shares": 21984000.0,
        "Diluted EPS": 0.25,
        "Basic EPS": 0.25,
        "Diluted NI Availto Com Stockholders": 5456000.0,
        "Net Income Common Stockholders": 5456000.0,
        "Net Income": 5456000.0,
        "Net Income Including Noncontrolling Interests": 5456000.0,
        "Net Income Continuous Operations": 5456000.0,
        "Tax Provision": 692000.0,
        "Pretax Income": 6148000.0,
        "Other Income Expense": -266000.0,
        "Other Non Operating Income Expenses": NaN,
        "Special Income Charges": 0.0,
        "Restructuring And Mergern Acquisition": 0.0,
        "Gain On Sale Of Security": -266000.0,
        "Net Non Operating Interest Income Expense": 264000.0,
        "Interest Expense Non Operating": 0.0,
        "Interest Income Non Operating": 264000.0,
        "Operating Income": 6150000.0,
        "Operating Expense": 18920000.0,
        "Research And Development": 3462000.0,
        "Selling General And Administration": 15458000.0,
        "Selling And Marketing Expense": 8229000.0,
        "General And Administrative Expense": 7229000.0,
        "Other Gand A": 7229000.0,
        "Gross Profit": 25070000.0,
        "Cost Of Revenue": 13958000.0,
        "Total Revenue": 39028000.0,
        "Operating Revenue": 39028000.0
    },
    "2022-06-30": {
        "Tax Effect Of Unusual Items": -1286198.630137,
        "Tax Rate For Calcs": 0.366438,
        "Normalized EBITDA": 9058000.0,
        "Total Unusual Items": -3510000.0,
        "Total Unusual Items Excluding Goodwill": -3510000.0,
        "Net Income From Continuing Operation Net Minority Interest": 3515000.0,
        "Reconciled Depreciation": 2444000.0,
        "Reconciled Cost Of Revenue": 14298000.0,
        "EBITDA": 5548000.0,
        "EBIT": 5548000.0,
        "Net Interest Income": 167000.0,
        "Interest Expense": 0.0,
        "Interest Income": 167000.0,
        "Normalized Income": 5738801.369863,
        "Net Income From Continuing And Discontinued Operation": 3515000.0,
        "Total Expenses": 33217000.0,
        "Total Operating Income As Reported": 5784000.0,
        "Diluted Average Shares": 22129000.0,
        "Basic Average Shares": 21958000.0,
        "Diluted EPS": 0.16,
        "Basic EPS": 0.16,
        "Diluted NI Availto Com Stockholders": 3515000.0,
        "Net Income Common Stockholders": 3515000.0,
        "Net Income": 3515000.0,
        "Net Income Including Noncontrolling Interests": 3515000.0,
        "Net Income Continuous Operations": 3515000.0,
        "Tax Provision": 2033000.0,
        "Pretax Income": 5548000.0,
        "Other Income Expense": -3510000.0,
        "Other Non Operating Income Expenses": NaN,
        "Special Income Charges": -3107000.0,
        "Restructuring And Mergern Acquisition": 3107000.0,
        "Gain On Sale Of Security": -403000.0,
        "Net Non Operating Interest Income Expense": 167000.0,
        "Interest Expense Non Operating": 0.0,
        "Interest Income Non Operating": 167000.0,
        "Operating Income": 8891000.0,
        "Operating Expense": 18919000.0,
        "Research And Development": 3346000.0,
        "Selling General And Administration": 15573000.0,
        "Selling And Marketing Expense": 8242000.0,
        "General And Administrative Expense": 7331000.0,
        "Other Gand A": 7331000.0,
        "Gross Profit": 27810000.0,
        "Cost Of Revenue": 14298000.0,
        "Total Revenue": 42108000.0,
        "Operating Revenue": 42108000.0
    },
    "2023-06-30": {
        "Tax Effect Of Unusual Items": 1075.0,
        "Tax Rate For Calcs": 0.215,
        "Normalized EBITDA": 11953000.0,
        "Total Unusual Items": 5000.0,
        "Total Unusual Items Excluding Goodwill": 5000.0,
        "Net Income From Continuing Operation Net Minority Interest": 8098000.0,
        "Reconciled Depreciation": 2326000.0,
        "Reconciled Cost Of Revenue": 18029000.0,
        "EBITDA": 11958000.0,
        "EBIT": 9632000.0,
        "Net Interest Income": 682000.0,
        "Interest Expense": NaN,
        "Interest Income": 682000.0,
        "Normalized Income": 8094075.0,
        "Net Income From Continuing And Discontinued Operation": 8098000.0,
        "Total Expenses": 40483000.0,
        "Total Operating Income As Reported": 9452000.0,
        "Diluted Average Shares": 22451000.0,
        "Basic Average Shares": 22213000.0,
        "Diluted EPS": 0.36,
        "Basic EPS": 0.36,
        "Diluted NI Availto Com Stockholders": 8098000.0,
        "Net Income Common Stockholders": 8098000.0,
        "Net Income": 8098000.0,
        "Net Income Including Noncontrolling Interests": 8098000.0,
        "Net Income Continuous Operations": 8098000.0,
        "Tax Provision": 2221000.0,
        "Pretax Income": 10319000.0,
        "Other Income Expense": 5000.0,
        "Special Income Charges": -180000.0,
        "Restructuring And Mergern Acquisition": 180000.0,
        "Gain On Sale Of Security": 185000.0,
        "Net Non Operating Interest Income Expense": 682000.0,
        "Interest Expense Non Operating": NaN,
        "Interest Income Non Operating": 682000.0,
        "Operating Income": 9632000.0,
        "Operating Expense": 22454000.0,
        "Research And Development": 4516000.0,
        "Selling General And Administration": 17938000.0,
        "Selling And Marketing Expense": 10216000.0,
        "General And Administrative Expense": 7722000.0,
        "Other Gand A": 7722000.0,
        "Gross Profit": 32086000.0,
        "Cost Of Revenue": 18029000.0,
        "Total Revenue": 50115000.0,
        "Operating Revenue": 50115000.0
    },
    "2022-03-31": {
        "Diluted EPS": 0.27,
        "Total Revenue": 40,
        "Gross Profit": 26,
        "Operating Income": 8,
        "EBIT": 10,
        "Net Income": 6
    },
    "2021-12-31": {
        "Diluted EPS": 0.27,
        "Total Revenue": 40,
        "Gross Profit": 26,
        "Operating Income": 8,
        "EBIT": 11,
        "Net Income": 6
    },
    "2021-09-30": {
        "Diluted EPS": 0.3,
        "Total Revenue": 38,
        "Gross Profit": 25,
        "Operating Income": 9,
        "EBIT": 12,
        "Net Income": 7
    },
    "2021-06-30": {
        "Diluted EPS": 0.4,
        "Total Revenue": 41,
        "Gross Profit": 27,
        "Operating Income": 11,
        "EBIT": 14,
        "Net Income": 8
    },
    "2021-03-31": {
        "Diluted EPS": 0.28,
        "Total Revenue": 36,
        "Gross Profit": 24,
        "Operating Income": 8,
        "EBIT": 11,
        "Net Income": 6
    },
    "2020-12-31": {
        "Diluted EPS": 0.34,
        "Total Revenue": 38,
        "Gross Profit": 24,
        "Operating Income": 10,
        "EBIT": 12,
        "Net Income": 7
    },
    "2020-09-30": {
        "Diluted EPS": 0.37,
        "Total Revenue": 36,
        "Gross Profit": 23,
        "Operating Income": 10,
        "EBIT": 13,
        "Net Income": 8
    },
    "2020-06-30": {
        "Diluted EPS": 0.17,
        "Total Revenue": 25,
        "Gross Profit": 17,
        "Operating Income": 5,
        "EBIT": 7,
        "Net Income": 4
    },
    "2020-03-31": {
        "Diluted EPS": 0.16,
        "Total Revenue": 31,
        "Gross Profit": 20,
        "Operating Income": 4,
        "EBIT": 6,
        "Net Income": 3
    },
    "2019-12-31": {
        "Diluted EPS": 0.23,
        "Total Revenue": 30,
        "Gross Profit": 20,
        "Operating Income": 5,
        "EBIT": 6,
        "Net Income": 5
    },
    "2019-09-30": {
        "Diluted EPS": 0.25,
        "Total Revenue": 29,
        "Gross Profit": 20,
        "Operating Income": 6,
        "EBIT": 7,
        "Net Income": 5
    },
    "2019-06-30": {
        "Diluted EPS": 0.23,
        "Total Revenue": 29,
        "Gross Profit": 20,
        "Operating Income": 6,
        "EBIT": 7,
        "Net Income": 5
    },
    "2019-03-31": {
        "Diluted EPS": 0.17,
        "Total Revenue": 28,
        "Gross Profit": 19,
        "Operating Income": 4,
        "EBIT": 6,
        "Net Income": 4
    },
    "2018-12-31": {
        "Diluted EPS": 0.3,
        "Total Revenue": 28,
        "Gross Profit": 19,
        "Operating Income": 7,
        "EBIT": 8,
        "Net Income": 6
    },
    "2018-09-30": {
        "Diluted EPS": 0.21,
        "Total Revenue": 24,
        "Gross Profit": 17,
        "Operating Income": 5,
        "EBIT": 6,
        "Net Income": 4
    },
    "2018-06-30": {
        "Diluted EPS": 0.43,
        "Total Revenue": 27,
        "Gross Profit": 19,
        "Operating Income": 12,
        "EBIT": 13,
        "Net Income": 9
    },
    "2018-03-31": {
        "Diluted EPS": 0.19,
        "Total Revenue": 26,
        "Gross Profit": 18,
        "Operating Income": 5,
        "EBIT": 6,
        "Net Income": 4
    },
    "2017-12-31": {
        "Diluted EPS": 0.22,
        "Total Revenue": 26,
        "Gross Profit": 18,
        "Operating Income": 6,
        "EBIT": 7,
        "Net Income": 4
    },
    "2017-09-30": {
        "Diluted EPS": 0.25,
        "Total Revenue": 25,
        "Gross Profit": 18,
        "Operating Income": 5,
        "EBIT": 6,
        "Net Income": 5
    },
    "2017-06-30": {
        "Diluted EPS": 0.23,
        "Total Revenue": 26,
        "Gross Profit": 18,
        "Operating Income": 6,
        "EBIT": 7,
        "Net Income": 5
    },
    "2017-03-31": {
        "Diluted EPS": 0.16,
        "Total Revenue": 24,
        "Gross Profit": 17,
        "Operating Income": 4,
        "EBIT": 5,
        "Net Income": 3
    },
    "2016-12-31": {
        "Diluted EPS": 0.13,
        "Total Revenue": 23,
        "Gross Profit": 16,
        "Operating Income": 4,
        "EBIT": 5,
        "Net Income": 3
    },
    "2016-09-30": {
        "Diluted EPS": 0.17,
        "Total Revenue": 23,
        "Gross Profit": 17,
        "Operating Income": 5,
        "EBIT": 6,
        "Net Income": 3
    },
    "2016-06-30": {
        "Diluted EPS": 0.14,
        "Total Revenue": 22,
        "Gross Profit": 15,
        "Operating Income": 4,
        "EBIT": 5,
        "Net Income": 3
    },
    "2016-03-31": {
        "Diluted EPS": 0.11,
        "Total Revenue": 20,
        "Gross Profit": 14,
        "Operating Income": 3,
        "EBIT": 4,
        "Net Income": 2
    },
    "2015-12-31": {
        "Diluted EPS": 0.13,
        "Total Revenue": 20,
        "Gross Profit": 14,
        "Operating Income": 3,
        "EBIT": 4,
        "Net Income": 3
    },
    "2015-09-30": {
        "Diluted EPS": 0.11,
        "Total Revenue": 19,
        "Gross Profit": 14,
        "Operating Income": 3,
        "EBIT": 4,
        "Net Income": 2
    },
    "2015-06-30": {
        "Diluted EPS": 0.1,
        "Total Revenue": 20,
        "Gross Profit": 13,
        "Operating Income": 3,
        "EBIT": 4,
        "Net Income": 2
    },
    "2015-03-31": {
        "Diluted EPS": 0.08,
        "Total Revenue": 19,
        "Gross Profit": 13,
        "Operating Income": 2,
        "EBIT": 3,
        "Net Income": 1
    },
    "2014-12-31": {
        "Diluted EPS": 0.11,
        "Total Revenue": 19,
        "Gross Profit": 13,
        "Operating Income": 3,
        "EBIT": 4,
        "Net Income": 2
    },
    "2014-09-30": {
        "Diluted EPS": 0.05,
        "Total Revenue": 18,
        "Gross Profit": 12,
        "Operating Income": 2,
        "EBIT": 3,
        "Net Income": 1
    },
    "2014-06-30": {
        "Diluted EPS": 0.08,
        "Total Revenue": 18,
        "Gross Profit": 12,
        "Operating Income": 2,
        "EBIT": 3,
        "Net Income": 1
    },
    "2014-03-31": {
        "Diluted EPS": -0.01,
        "Total Revenue": 17,
        "Gross Profit": 11,
        "Operating Income": 0,
        "EBIT": 1,
        "Net Income": 0
    },
    "2013-12-31": {
        "Diluted EPS": 0.04,
        "Total Revenue": 18,
        "Gross Profit": 12,
        "Operating Income": 1,
        "EBIT": 2,
        "Net Income": 1
    },
    "2013-09-30": {
        "Diluted EPS": 0.05,
        "Total Revenue": 15,
        "Gross Profit": 11,
        "Operating Income": 1,
        "EBIT": 1,
        "Net Income": 1
    },
    "2013-06-30": {
        "Diluted EPS": 0.06,
        "Total Revenue": 16,
        "Gross Profit": 11,
        "Operating Income": 1,
        "EBIT": 2,
        "Net Income": 1
    },
    "2013-03-31": {
        "Diluted EPS": 0.05,
        "Total Revenue": 15,
        "Gross Profit": 11,
        "Operating Income": 1,
        "EBIT": 2,
        "Net Income": 1
    },
    "2012-12-31": {
        "Diluted EPS": 0.05,
        "Total Revenue": 15,
        "Gross Profit": 10,
        "Operating Income": 1,
        "EBIT": 2,
        "Net Income": 1
    },
    "2012-09-30": {
        "Diluted EPS": 0.04,
        "Total Revenue": 14,
        "Gross Profit": 10,
        "Operating Income": 1,
        "EBIT": 2,
        "Net Income": 1
    },
    "2012-06-30": {
        "Diluted EPS": 0.05,
        "Total Revenue": 14,
        "Gross Profit": 11,
        "Operating Income": 1,
        "EBIT": 2,
        "Net Income": 1
    },
    "2012-03-31": {
        "Diluted EPS": 0.02,
        "Total Revenue": 14,
        "Gross Profit": 10,
        "Operating Income": 1,
        "EBIT": 1,
        "Net Income": 0
    },
    "2011-12-31": {
        "Diluted EPS": 0.02,
        "Total Revenue": 13,
        "Gross Profit": 10,
        "Operating Income": 1,
        "EBIT": 1,
        "Net Income": 0
    },
    "2011-09-30": {
        "Diluted EPS": 0.08,
        "Total Revenue": 15,
        "Gross Profit": 10,
        "Operating Income": 2,
        "EBIT": 3,
        "Net Income": 1
    },
    "2011-06-30": {
        "Diluted EPS": 0.03,
        "Total Revenue": 15,
        "Gross Profit": 10,
        "Operating Income": 1,
        "EBIT": 1,
        "Net Income": 1
    },
    "2011-03-31": {
        "Diluted EPS": 0.0,
        "Total Revenue": 15,
        "Gross Profit": 10,
        "Operating Income": 0,
        "EBIT": 0,
        "Net Income": 0
    },
    "2010-12-31": {
        "Diluted EPS": 0.13,
        "Total Revenue": 14,
        "Gross Profit": 10,
        "Operating Income": -1,
        "EBIT": -1,
        "Net Income": 2
    },
    "2010-09-30": {
        "Diluted EPS": 0.09,
        "Total Revenue": 14,
        "Gross Profit": 10,
        "Operating Income": 2,
        "EBIT": 2,
        "Net Income": 2
    },
    "2010-06-30": {
        "Diluted EPS": 0.09,
        "Total Revenue": 14,
        "Gross Profit": 11,
        "Operating Income": 2,
        "EBIT": 2,
        "Net Income": 2
    },
    "2010-03-31": {
        "Diluted EPS": 0.06,
        "Total Revenue": 14,
        "Gross Profit": 10,
        "Operating Income": 1,
        "EBIT": 2,
        "Net Income": 1
    },
    "2009-12-31": {
        "Diluted EPS": 0.08,
        "Total Revenue": 14,
        "Gross Profit": 10,
        "Operating Income": 1,
        "EBIT": 2,
        "Net Income": 1
    },
    "2009-09-30": {
        "Diluted EPS": 0.08,
        "Total Revenue": 13,
        "Gross Profit": 10,
        "Operating Income": 1,
        "EBIT": 2,
        "Net Income": 1
    },
    "2009-06-30": {
        "Diluted EPS": 0.06,
        "Total Revenue": 13,
        "Gross Profit": 9,
        "Operating Income": 1,
        "EBIT": 1,
        "Net Income": 1
    },
    "2009-03-31": {
        "Diluted EPS": -0.12,
        "Total Revenue": 11,
        "Gross Profit": 8,
        "Operating Income": -2,
        "EBIT": -1,
        "Net Income": -2
    },
    "2023-09-30": {
        "Tax Effect Of Unusual Items": -44604.0,
        "Tax Rate For Calcs": 0.236,
        "Normalized EBITDA": 11764000.0,
        "Total Unusual Items": -189000.0,
        "Total Unusual Items Excluding Goodwill": -189000.0,
        "Net Income From Continuing Operation Net Minority Interest": 7502000.0,
        "Reconciled Depreciation": 2395000.0,
        "Reconciled Cost Of Revenue": 16596000.0,
        "EBITDA": 11575000.0,
        "EBIT": 9180000.0,
        "Net Interest Income": 835000.0,
        "Interest Expense": NaN,
        "Interest Income": 835000.0,
        "Normalized Income": 7646396.0,
        "Net Income From Continuing And Discontinued Operation": 7502000.0,
        "Total Expenses": 38231000.0,
        "Total Operating Income As Reported": 9180000.0,
        "Diluted Average Shares": 22481000.0,
        "Basic Average Shares": 22263000.0,
        "Diluted EPS": 0.33,
        "Basic EPS": 0.34,
        "Diluted NI Availto Com Stockholders": 7502000.0,
        "Net Income Common Stockholders": 7502000.0,
        "Net Income": 7502000.0,
        "Net Income Including Noncontrolling Interests": 7502000.0,
        "Net Income Continuous Operations": 7502000.0,
        "Tax Provision": 2324000.0,
        "Pretax Income": 9826000.0,
        "Other Income Expense": -189000.0,
        "Special Income Charges": 0.0,
        "Restructuring And Mergern Acquisition": 0.0,
        "Gain On Sale Of Security": -189000.0,
        "Net Non Operating Interest Income Expense": 835000.0,
        "Interest Expense Non Operating": NaN,
        "Interest Income Non Operating": 835000.0,
        "Operating Income": 9180000.0,
        "Operating Expense": 21635000.0,
        "Research And Development": 4224000.0,
        "Selling General And Administration": 17411000.0,
        "Selling And Marketing Expense": 9673000.0,
        "General And Administrative Expense": 7738000.0,
        "Other Gand A": 7738000.0,
        "Gross Profit": 30815000.0,
        "Cost Of Revenue": 16596000.0,
        "Total Revenue": 47411000.0,
        "Operating Revenue": 47411000.0
    }
}