{
    "2023-03-31": {
        "Tax Effect Of Unusual Items": NaN,
        "Tax Rate For Calcs": NaN,
        "Normalized EBITDA": NaN,
        "Total Unusual Items": NaN,
        "Total Unusual Items Excluding Goodwill": NaN,
        "Net Income From Continuing Operation Net Minority Interest": NaN,
        "Reconciled Depreciation": NaN,
        "Reconciled Cost Of Revenue": NaN,
        "EBITDA": NaN,
        "EBIT": NaN,
        "Net Interest Income": NaN,
        "Interest Expense": NaN,
        "Interest Income": NaN,
        "Normalized Income": NaN,
        "Net Income From Continuing And Discontinued Operation": NaN,
        "Total Expenses": NaN,
        "Total Operating Income As Reported": NaN,
        "Diluted Average Shares": 11040063.0,
        "Basic Average Shares": 10475364.0,
        "Diluted EPS": 0.27,
        "Basic EPS": 0.29,
        "Diluted NI Availto Com Stockholders": NaN,
        "Net Income Common Stockholders": NaN,
        "Net Income": NaN,
        "Net Income Including Noncontrolling Interests": NaN,
        "Net Income Continuous Operations": NaN,
        "Tax Provision": NaN,
        "Pretax Income": NaN,
        "Other Income Expense": NaN,
        "Special Income Charges": NaN,
        "Gain On Sale Of Ppe": NaN,
        "Other Special Charges": NaN,
        "Restructuring And Mergern Acquisition": NaN,
        "Gain On Sale Of Security": NaN,
        "Net Non Operating Interest Income Expense": NaN,
        "Interest Expense Non Operating": NaN,
        "Interest Income Non Operating": NaN,
        "Operating Income": NaN,
        "Operating Expense": NaN,
        "Depreciation Amortization Depletion Income Statement": NaN,
        "Depreciation And Amortization In Income Statement": NaN,
        "Amortization": NaN,
        "Amortization Of Intangibles Income Statement": NaN,
        "Selling General And Administration": NaN,
        "Gross Profit": NaN,
        "Cost Of Revenue": NaN,
        "Total Revenue": NaN,
        "Operating Revenue": NaN
    },
    "2022-12-31": {
        "Tax Effect Of Unusual Items": NaN,
        "Tax Rate For Calcs": NaN,
        "Normalized EBITDA": NaN,
        "Total Unusual Items": NaN,
        "Total Unusual Items Excluding Goodwill": NaN,
        "Net Income From Continuing Operation Net Minority Interest": NaN,
        "Reconciled Depreciation": NaN,
        "Reconciled Cost Of Revenue": NaN,
        "EBITDA": NaN,
        "EBIT": NaN,
        "Net Interest Income": NaN,
        "Interest Expense": NaN,
        "Interest Income": NaN,
        "Normalized Income": NaN,
        "Net Income From Continuing And Discontinued Operation": NaN,
        "Total Expenses": NaN,
        "Total Operating Income As Reported": NaN,
        "Diluted Average Shares": NaN,
        "Basic Average Shares": NaN,
        "Diluted EPS": NaN,
        "Basic EPS": NaN,
        "Diluted NI Availto Com Stockholders": NaN,
        "Net Income Common Stockholders": NaN,
        "Net Income": NaN,
        "Net Income Including Noncontrolling Interests": NaN,
        "Net Income Continuous Operations": NaN,
        "Tax Provision": NaN,
        "Pretax Income": NaN,
        "Other Income Expense": NaN,
        "Special Income Charges": NaN,
        "Gain On Sale Of Ppe": NaN,
        "Other Special Charges": 0.0,
        "Restructuring And Mergern Acquisition": NaN,
        "Gain On Sale Of Security": NaN,
        "Net Non Operating Interest Income Expense": NaN,
        "Interest Expense Non Operating": NaN,
        "Interest Income Non Operating": NaN,
        "Operating Income": NaN,
        "Operating Expense": NaN,
        "Depreciation Amortization Depletion Income Statement": NaN,
        "Depreciation And Amortization In Income Statement": NaN,
        "Amortization": NaN,
        "Amortization Of Intangibles Income Statement": NaN,
        "Selling General And Administration": NaN,
        "Gross Profit": NaN,
        "Cost Of Revenue": NaN,
        "Total Revenue": NaN,
        "Operating Revenue": NaN
    },
    "2022-09-30": {
        "Tax Effect Of Unusual Items": 19344.0,
        "Tax Rate For Calcs": 0.312,
        "Normalized EBITDA": 7805000.0,
        "Total Unusual Items": 62000.0,
        "Total Unusual Items Excluding Goodwill": 62000.0,
        "Net Income From Continuing Operation Net Minority Interest": 3641000.0,
        "Reconciled Depreciation": 2025000.0,
        "Reconciled Cost Of Revenue": 95864000.0,
        "EBITDA": 7867000.0,
        "EBIT": 5842000.0,
        "Net Interest Income": -547000.0,
        "Interest Expense": 547000.0,
        "Interest Income": NaN,
        "Normalized Income": 3598344.0,
        "Net Income From Continuing And Discontinued Operation": 3641000.0,
        "Total Expenses": 116577000.0,
        "Total Operating Income As Reported": 5394000.0,
        "Diluted Average Shares": 10690434.0,
        "Basic Average Shares": 10444987.0,
        "Diluted EPS": 0.34,
        "Basic EPS": 0.35,
        "Diluted NI Availto Com Stockholders": 3641000.0,
        "Net Income Common Stockholders": 3641000.0,
        "Net Income": 3641000.0,
        "Net Income Including Noncontrolling Interests": 3641000.0,
        "Net Income Continuous Operations": 3641000.0,
        "Tax Provision": 1654000.0,
        "Pretax Income": 5295000.0,
        "Other Income Expense": 62000.0,
        "Special Income Charges": -236000.0,
        "Gain On Sale Of Ppe": 150000.0,
        "Other Special Charges": NaN,
        "Restructuring And Mergern Acquisition": 386000.0,
        "Gain On Sale Of Security": 298000.0,
        "Net Non Operating Interest Income Expense": -547000.0,
        "Interest Expense Non Operating": 547000.0,
        "Interest Income Non Operating": NaN,
        "Operating Income": 5780000.0,
        "Operating Expense": 19074000.0,
        "Depreciation Amortization Depletion Income Statement": 386000.0,
        "Depreciation And Amortization In Income Statement": 386000.0,
        "Amortization": 386000.0,
        "Amortization Of Intangibles Income Statement": 386000.0,
        "Selling General And Administration": 18688000.0,
        "Gross Profit": 24854000.0,
        "Cost Of Revenue": 97503000.0,
        "Total Revenue": 122357000.0,
        "Operating Revenue": 122357000.0
    },
    "2022-06-30": {
        "Tax Effect Of Unusual Items": -139750.0,
        "Tax Rate For Calcs": 0.215,
        "Normalized EBITDA": 4317000.0,
        "Total Unusual Items": -650000.0,
        "Total Unusual Items Excluding Goodwill": -650000.0,
        "Net Income From Continuing Operation Net Minority Interest": 866000.0,
        "Reconciled Depreciation": 2086000.0,
        "Reconciled Cost Of Revenue": 93113000.0,
        "EBITDA": 3667000.0,
        "EBIT": 1581000.0,
        "Net Interest Income": -478000.0,
        "Interest Expense": 478000.0,
        "Interest Income": NaN,
        "Normalized Income": 1376250.0,
        "Net Income From Continuing And Discontinued Operation": 866000.0,
        "Total Expenses": 113889000.0,
        "Total Operating Income As Reported": 1466000.0,
        "Diluted Average Shares": 10567304.0,
        "Basic Average Shares": 10423068.0,
        "Diluted EPS": 0.08,
        "Basic EPS": 0.08,
        "Diluted NI Availto Com Stockholders": 866000.0,
        "Net Income Common Stockholders": 866000.0,
        "Net Income": 866000.0,
        "Net Income Including Noncontrolling Interests": 866000.0,
        "Net Income Continuous Operations": 866000.0,
        "Tax Provision": 237000.0,
        "Pretax Income": 1103000.0,
        "Other Income Expense": -650000.0,
        "Special Income Charges": -650000.0,
        "Gain On Sale Of Ppe": 147000.0,
        "Other Special Charges": 32000.0,
        "Restructuring And Mergern Acquisition": 765000.0,
        "Gain On Sale Of Security": NaN,
        "Net Non Operating Interest Income Expense": -478000.0,
        "Interest Expense Non Operating": 478000.0,
        "Interest Income Non Operating": NaN,
        "Operating Income": 2231000.0,
        "Operating Expense": 19089000.0,
        "Depreciation Amortization Depletion Income Statement": 399000.0,
        "Depreciation And Amortization In Income Statement": 399000.0,
        "Amortization": 399000.0,
        "Amortization Of Intangibles Income Statement": 399000.0,
        "Selling General And Administration": 18690000.0,
        "Gross Profit": 21320000.0,
        "Cost Of Revenue": 94800000.0,
        "Total Revenue": 116120000.0,
        "Operating Revenue": 116120000.0
    },
    "2022-03-31": {
        "Diluted EPS": -0.15,
        "Total Revenue": 115,
        "Gross Profit": 18,
        "Operating Income": -1,
        "EBIT": 1,
        "Net Income": -2
    },
    "2021-12-31": {
        "Diluted EPS": 0.46,
        "Total Revenue": 127,
        "Gross Profit": 26,
        "Operating Income": 7,
        "EBIT": 8,
        "Net Income": 4
    },
    "2021-09-30": {
        "Diluted EPS": 0.38,
        "Total Revenue": 129,
        "Gross Profit": 24,
        "Operating Income": 6,
        "EBIT": 7,
        "Net Income": 4
    },
    "2021-06-30": {
        "Diluted EPS": 0.07,
        "Total Revenue": 121,
        "Gross Profit": 19,
        "Operating Income": 1,
        "EBIT": 3,
        "Net Income": 1
    },
    "2021-03-31": {
        "Diluted EPS": -0.25,
        "Total Revenue": 113,
        "Gross Profit": 17,
        "Operating Income": 0,
        "EBIT": 2,
        "Net Income": -2
    },
    "2020-12-31": {
        "Diluted EPS": 0.05,
        "Total Revenue": 130,
        "Gross Profit": 19,
        "Operating Income": 3,
        "EBIT": 5,
        "Net Income": 0
    },
    "2020-09-30": {
        "Diluted EPS": 0.31,
        "Total Revenue": 164,
        "Gross Profit": 24,
        "Operating Income": 7,
        "EBIT": 9,
        "Net Income": 3
    },
    "2020-06-30": {
        "Diluted EPS": 0.37,
        "Total Revenue": 135,
        "Gross Profit": 20,
        "Operating Income": 6,
        "EBIT": 8,
        "Net Income": 3
    },
    "2020-03-31": {
        "Diluted EPS": -0.01,
        "Total Revenue": 139,
        "Gross Profit": 18,
        "Operating Income": 1,
        "EBIT": 3,
        "Net Income": 0
    },
    "2019-12-31": {
        "Diluted EPS": 0.09,
        "Total Revenue": 139,
        "Gross Profit": 16,
        "Operating Income": 3,
        "EBIT": 5,
        "Net Income": 1
    },
    "2019-09-30": {
        "Diluted EPS": -0.39,
        "Total Revenue": 148,
        "Gross Profit": 18,
        "Operating Income": 2,
        "EBIT": 3,
        "Net Income": -3
    },
    "2019-06-30": {
        "Diluted EPS": -0.17,
        "Total Revenue": 133,
        "Gross Profit": 18,
        "Operating Income": 0,
        "EBIT": 2,
        "Net Income": -1
    },
    "2019-03-31": {
        "Diluted EPS": 0.24,
        "Total Revenue": 134,
        "Gross Profit": 20,
        "Operating Income": 3,
        "EBIT": 5,
        "Net Income": 2
    },
    "2018-12-31": {
        "Diluted EPS": 0.45,
        "Total Revenue": 151,
        "Gross Profit": 20,
        "Operating Income": 5,
        "EBIT": 7,
        "Net Income": 3
    },
    "2018-09-30": {
        "Diluted EPS": -0.46,
        "Total Revenue": 135,
        "Gross Profit": 11,
        "Operating Income": -3,
        "EBIT": -1,
        "Net Income": -4
    },
    "2018-06-30": {
        "Diluted EPS": 0.09,
        "Total Revenue": 140,
        "Gross Profit": 16,
        "Operating Income": 2,
        "EBIT": 3,
        "Net Income": 1
    },
    "2018-03-31": {
        "Diluted EPS": -0.6,
        "Total Revenue": 121,
        "Gross Profit": 13,
        "Operating Income": -3,
        "EBIT": -1,
        "Net Income": -5
    },
    "2017-12-31": {
        "Diluted EPS": 0.13,
        "Total Revenue": 131,
        "Gross Profit": 21,
        "Operating Income": 5,
        "EBIT": 7,
        "Net Income": 1
    },
    "2017-09-30": {
        "Diluted EPS": -0.12,
        "Total Revenue": 121,
        "Gross Profit": 15,
        "Operating Income": 1,
        "EBIT": 3,
        "Net Income": -1
    },
    "2017-06-30": {
        "Diluted EPS": 0.05,
        "Total Revenue": 118,
        "Gross Profit": 16,
        "Operating Income": 2,
        "EBIT": 4,
        "Net Income": 0
    },
    "2017-03-31": {
        "Diluted EPS": -0.19,
        "Total Revenue": 115,
        "Gross Profit": 14,
        "Operating Income": -2,
        "EBIT": 1,
        "Net Income": -1
    },
    "2016-12-31": {
        "Diluted EPS": 0.13,
        "Total Revenue": 134,
        "Gross Profit": 15,
        "Operating Income": -1,
        "EBIT": 3,
        "Net Income": -3
    },
    "2016-09-30": {
        "Diluted EPS": 0.11,
        "Total Revenue": 119,
        "Gross Profit": 15,
        "Operating Income": 0,
        "EBIT": 3,
        "Net Income": 1
    },
    "2016-06-30": {
        "Diluted EPS": 0.0,
        "Total Revenue": 97,
        "Gross Profit": 13,
        "Operating Income": 3,
        "EBIT": 4,
        "Net Income": 2
    },
    "2016-03-31": {
        "Diluted EPS": 0.0,
        "Total Revenue": 98,
        "Gross Profit": 12,
        "Operating Income": 2,
        "EBIT": 3,
        "Net Income": 1
    },
    "2015-12-31": {
        "Diluted EPS": 0.0,
        "Total Revenue": 248,
        "Gross Profit": 34,
        "Operating Income": 6,
        "EBIT": 6,
        "Net Income": 3
    },
    "2015-09-30": {
        "Diluted EPS": 0.0,
        "Total Revenue": 83,
        "Gross Profit": 12,
        "Operating Income": 2,
        "EBIT": 2,
        "Net Income": 1
    },
    "2015-06-30": {
        "Diluted EPS": -0.04,
        "Total Revenue": NaN,
        "Gross Profit": NaN,
        "Operating Income": 0,
        "EBIT": 0,
        "Net Income": 0
    },
    "2015-03-31": {
        "Diluted EPS": -0.07,
        "Total Revenue": NaN,
        "Gross Profit": NaN,
        "Operating Income": 0,
        "EBIT": 0,
        "Net Income": 0
    },
    "2014-12-31": {
        "Diluted EPS": 0.0,
        "Total Revenue": NaN,
        "Gross Profit": NaN,
        "Operating Income": NaN,
        "EBIT": NaN,
        "Net Income": NaN
    },
    "2014-09-30": {
        "Diluted EPS": -0.05,
        "Total Revenue": NaN,
        "Gross Profit": NaN,
        "Operating Income": 0,
        "EBIT": 0,
        "Net Income": 0
    },
    "2014-06-30": {
        "Diluted EPS": -0.0,
        "Total Revenue": NaN,
        "Gross Profit": NaN,
        "Operating Income": 0,
        "EBIT": 0,
        "Net Income": 0
    },
    "2023-06-30": {
        "Tax Effect Of Unusual Items": -28948.264125,
        "Tax Rate For Calcs": 0.275698,
        "Normalized EBITDA": 9898000.0,
        "Total Unusual Items": -105000.0,
        "Total Unusual Items Excluding Goodwill": -105000.0,
        "Net Income From Continuing Operation Net Minority Interest": 5320000.0,
        "Reconciled Depreciation": 1937000.0,
        "Reconciled Cost Of Revenue": 94815000.0,
        "EBITDA": 9793000.0,
        "EBIT": 7856000.0,
        "Net Interest Income": -264000.0,
        "Interest Expense": 511000.0,
        "Interest Income": 247000.0,
        "Normalized Income": 5396051.735875,
        "Net Income From Continuing And Discontinued Operation": 5320000.0,
        "Total Expenses": 117168000.0,
        "Total Operating Income As Reported": 7552000.0,
        "Diluted Average Shares": 11507311.0,
        "Basic Average Shares": 10644423.0,
        "Diluted EPS": 0.46,
        "Basic EPS": 0.5,
        "Diluted NI Availto Com Stockholders": 5320000.0,
        "Net Income Common Stockholders": 5320000.0,
        "Net Income": 5320000.0,
        "Net Income Including Noncontrolling Interests": 5320000.0,
        "Net Income Continuous Operations": 5320000.0,
        "Tax Provision": 2025000.0,
        "Pretax Income": 7345000.0,
        "Other Income Expense": -105000.0,
        "Special Income Charges": -298000.0,
        "Gain On Sale Of Ppe": 175000.0,
        "Other Special Charges": 311000.0,
        "Restructuring And Mergern Acquisition": 162000.0,
        "Gain On Sale Of Security": 193000.0,
        "Net Non Operating Interest Income Expense": -264000.0,
        "Interest Expense Non Operating": 511000.0,
        "Interest Income Non Operating": 247000.0,
        "Operating Income": 7714000.0,
        "Operating Expense": 20799000.0,
        "Depreciation Amortization Depletion Income Statement": 383000.0,
        "Depreciation And Amortization In Income Statement": 383000.0,
        "Amortization": 383000.0,
        "Amortization Of Intangibles Income Statement": 383000.0,
        "Selling General And Administration": 20416000.0,
        "Gross Profit": 28513000.0,
        "Cost Of Revenue": 96369000.0,
        "Total Revenue": 124882000.0,
        "Operating Revenue": 124882000.0
    },
    "2023-09-30": {
        "Tax Effect Of Unusual Items": 6371.0,
        "Tax Rate For Calcs": 0.277,
        "Normalized EBITDA": 12258000.0,
        "Total Unusual Items": 23000.0,
        "Total Unusual Items Excluding Goodwill": 23000.0,
        "Net Income From Continuing Operation Net Minority Interest": 7192000.0,
        "Reconciled Depreciation": 1892000.0,
        "Reconciled Cost Of Revenue": 94920000.0,
        "EBITDA": 12281000.0,
        "EBIT": 10389000.0,
        "Net Interest Income": -60000.0,
        "Interest Expense": 437000.0,
        "Interest Income": 377000.0,
        "Normalized Income": 7175371.0,
        "Net Income From Continuing And Discontinued Operation": 7192000.0,
        "Total Expenses": 117779000.0,
        "Total Operating Income As Reported": 9828000.0,
        "Diluted Average Shares": 11789137.0,
        "Basic Average Shares": 10962622.0,
        "Diluted EPS": 0.61,
        "Basic EPS": 0.66,
        "Diluted NI Availto Com Stockholders": 7192000.0,
        "Net Income Common Stockholders": 7192000.0,
        "Net Income": 7192000.0,
        "Net Income Including Noncontrolling Interests": 7192000.0,
        "Net Income Continuous Operations": 7192000.0,
        "Tax Provision": 2760000.0,
        "Pretax Income": 9952000.0,
        "Other Income Expense": 23000.0,
        "Special Income Charges": -93000.0,
        "Gain On Sale Of Ppe": 68000.0,
        "Other Special Charges": NaN,
        "Restructuring And Mergern Acquisition": 161000.0,
        "Gain On Sale Of Security": 116000.0,
        "Net Non Operating Interest Income Expense": -60000.0,
        "Interest Expense Non Operating": 437000.0,
        "Interest Income Non Operating": 377000.0,
        "Operating Income": 9989000.0,
        "Operating Expense": 21255000.0,
        "Depreciation Amortization Depletion Income Statement": 288000.0,
        "Depreciation And Amortization In Income Statement": 288000.0,
        "Amortization": 288000.0,
        "Amortization Of Intangibles Income Statement": 288000.0,
        "Selling General And Administration": 20967000.0,
        "Gross Profit": 31244000.0,
        "Cost Of Revenue": 96524000.0,
        "Total Revenue": 127768000.0,
        "Operating Revenue": 127768000.0
    },
    "2023-12-31": {
        "Tax Effect Of Unusual Items": -132180.022259,
        "Tax Rate For Calcs": 0.269755,
        "Normalized EBITDA": 10602000.0,
        "Total Unusual Items": -490000.0,
        "Total Unusual Items Excluding Goodwill": -490000.0,
        "Net Income From Continuing Operation Net Minority Interest": 5249000.0,
        "Reconciled Depreciation": 2493000.0,
        "Reconciled Cost Of Revenue": 107718000.0,
        "EBITDA": 10112000.0,
        "EBIT": 7619000.0,
        "Net Interest Income": 162000.0,
        "Interest Expense": 431000.0,
        "Interest Income": 593000.0,
        "Normalized Income": 5606819.977741,
        "Net Income From Continuing And Discontinued Operation": 5249000.0,
        "Total Expenses": 135175000.0,
        "Total Operating Income As Reported": 7251000.0,
        "Diluted Average Shares": NaN,
        "Basic Average Shares": NaN,
        "Diluted EPS": NaN,
        "Basic EPS": NaN,
        "Diluted NI Availto Com Stockholders": 5249000.0,
        "Net Income Common Stockholders": 5249000.0,
        "Net Income": 5249000.0,
        "Net Income Including Noncontrolling Interests": 5249000.0,
        "Net Income Continuous Operations": 5249000.0,
        "Tax Provision": 1939000.0,
        "Pretax Income": 7188000.0,
        "Other Income Expense": -490000.0,
        "Special Income Charges": -213000.0,
        "Gain On Sale Of Ppe": 52000.0,
        "Other Special Charges": 0.0,
        "Restructuring And Mergern Acquisition": 265000.0,
        "Gain On Sale Of Security": -277000.0,
        "Net Non Operating Interest Income Expense": 162000.0,
        "Interest Expense Non Operating": 431000.0,
        "Interest Income Non Operating": 593000.0,
        "Operating Income": 7516000.0,
        "Operating Expense": 25790000.0,
        "Depreciation Amortization Depletion Income Statement": 826000.0,
        "Depreciation And Amortization In Income Statement": 826000.0,
        "Amortization": 826000.0,
        "Amortization Of Intangibles Income Statement": 826000.0,
        "Selling General And Administration": 24964000.0,
        "Gross Profit": 33306000.0,
        "Cost Of Revenue": 109385000.0,
        "Total Revenue": 142691000.0,
        "Operating Revenue": 142691000.0
    },
    "2024-03-31": {
        "Tax Effect Of Unusual Items": 3570.0,
        "Tax Rate For Calcs": 0.21,
        "Normalized EBITDA": 10429000.0,
        "Total Unusual Items": 17000.0,
        "Total Unusual Items Excluding Goodwill": 17000.0,
        "Net Income From Continuing Operation Net Minority Interest": 7586000.0,
        "Reconciled Depreciation": 2712000.0,
        "Reconciled Cost Of Revenue": 86233000.0,
        "EBITDA": 10446000.0,
        "EBIT": 7734000.0,
        "Net Interest Income": 87000.0,
        "Interest Expense": 475000.0,
        "Interest Income": 562000.0,
        "Normalized Income": 7572570.0,
        "Net Income From Continuing And Discontinued Operation": 7586000.0,
        "Total Expenses": 111821000.0,
        "Total Operating Income As Reported": 6532000.0,
        "Diluted Average Shares": 11894747.0,
        "Basic Average Shares": 11159849.0,
        "Diluted EPS": 0.64,
        "Basic EPS": 0.68,
        "Diluted NI Availto Com Stockholders": 7586000.0,
        "Net Income Common Stockholders": 7586000.0,
        "Net Income": 7586000.0,
        "Net Income Including Noncontrolling Interests": 7586000.0,
        "Net Income Continuous Operations": 7586000.0,
        "Tax Provision": -327000.0,
        "Pretax Income": 7259000.0,
        "Other Income Expense": 17000.0,
        "Special Income Charges": -132000.0,
        "Gain On Sale Of Ppe": 491000.0,
        "Other Special Charges": NaN,
        "Restructuring And Mergern Acquisition": 623000.0,
        "Gain On Sale Of Security": 149000.0,
        "Net Non Operating Interest Income Expense": 87000.0,
        "Interest Expense Non Operating": 475000.0,
        "Interest Income Non Operating": 562000.0,
        "Operating Income": 7155000.0,
        "Operating Expense": 23933000.0,
        "Depreciation Amortization Depletion Income Statement": 1057000.0,
        "Depreciation And Amortization In Income Statement": 1057000.0,
        "Amortization": 1057000.0,
        "Amortization Of Intangibles Income Statement": 1057000.0,
        "Selling General And Administration": 22876000.0,
        "Gross Profit": 31088000.0,
        "Cost Of Revenue": 87888000.0,
        "Total Revenue": 118976000.0,
        "Operating Revenue": 118976000.0
    },
    "2024-06-30": {
        "Tax Effect Of Unusual Items": -302885.259631,
        "Tax Rate For Calcs": 0.286552,
        "Normalized EBITDA": 12655000.0,
        "Total Unusual Items": -1057000.0,
        "Total Unusual Items Excluding Goodwill": -1057000.0,
        "Net Income From Continuing Operation Net Minority Interest": 5963000.0,
        "Reconciled Depreciation": 2808000.0,
        "Reconciled Cost Of Revenue": 86950000.0,
        "EBITDA": 11598000.0,
        "EBIT": 8790000.0,
        "Net Interest Income": 114000.0,
        "Interest Expense": 432000.0,
        "Interest Income": 546000.0,
        "Normalized Income": 6717114.740369,
        "Net Income From Continuing And Discontinued Operation": 5963000.0,
        "Total Expenses": 112934000.0,
        "Total Operating Income As Reported": 8190000.0,
        "Diluted Average Shares": 11966917.0,
        "Basic Average Shares": 11268465.0,
        "Diluted EPS": 0.5,
        "Basic EPS": 0.53,
        "Diluted NI Availto Com Stockholders": 5963000.0,
        "Net Income Common Stockholders": 5963000.0,
        "Net Income": 5963000.0,
        "Net Income Including Noncontrolling Interests": 5963000.0,
        "Net Income Continuous Operations": 5963000.0,
        "Tax Provision": 2395000.0,
        "Pretax Income": 8358000.0,
        "Other Income Expense": -1057000.0,
        "Special Income Charges": -1045000.0,
        "Gain On Sale Of Ppe": 66000.0,
        "Other Special Charges": NaN,
        "Restructuring And Mergern Acquisition": 1111000.0,
        "Gain On Sale Of Security": -12000.0,
        "Net Non Operating Interest Income Expense": 114000.0,
        "Interest Expense Non Operating": 432000.0,
        "Interest Income Non Operating": 546000.0,
        "Operating Income": 9301000.0,
        "Operating Expense": 24207000.0,
        "Depreciation Amortization Depletion Income Statement": 1031000.0,
        "Depreciation And Amortization In Income Statement": 1031000.0,
        "Amortization": 1031000.0,
        "Amortization Of Intangibles Income Statement": 1031000.0,
        "Selling General And Administration": 23176000.0,
        "Gross Profit": 33508000.0,
        "Cost Of Revenue": 88727000.0,
        "Total Revenue": 122235000.0,
        "Operating Revenue": 122235000.0
    }
}