{
    "2023-03-31": {
        "Tax Effect Of Unusual Items": 0.0,
        "Tax Rate For Calcs": 0.4,
        "Normalized EBITDA": -20837000.0,
        "Net Income From Continuing Operation Net Minority Interest": -44211000.0,
        "Reconciled Depreciation": 7696000.0,
        "Reconciled Cost Of Revenue": 23931000.0,
        "EBITDA": -20837000.0,
        "EBIT": -28533000.0,
        "Net Interest Income": 3572000.0,
        "Interest Expense": 15110000.0,
        "Interest Income": 18682000.0,
        "Normalized Income": -44211000.0,
        "Net Income From Continuing And Discontinued Operation": -44211000.0,
        "Total Expenses": 69388000.0,
        "Total Operating Income As Reported": -47215000.0,
        "Diluted Average Shares": 318682867.0,
        "Basic Average Shares": 318682867.0,
        "Diluted EPS": -0.14,
        "Basic EPS": -0.14,
        "Diluted NI Availto Com Stockholders": -44211000.0,
        "Net Income Common Stockholders": -44211000.0,
        "Net Income": -44211000.0,
        "Minority Interests": -88000.0,
        "Net Income Including Noncontrolling Interests": -44123000.0,
        "Net Income Continuous Operations": -44123000.0,
        "Tax Provision": 480000.0,
        "Pretax Income": -43643000.0,
        "Net Non Operating Interest Income Expense": 3572000.0,
        "Interest Expense Non Operating": 15110000.0,
        "Interest Income Non Operating": 18682000.0,
        "Operating Income": -47215000.0,
        "Operating Expense": 45457000.0,
        "Research And Development": 19481000.0,
        "Selling General And Administration": 25976000.0,
        "General And Administrative Expense": NaN,
        "Other Gand A": NaN,
        "Gross Profit": -1758000.0,
        "Cost Of Revenue": 23931000.0,
        "Total Revenue": 22173000.0,
        "Operating Revenue": 22173000.0
    },
    "2022-12-31": {
        "Tax Effect Of Unusual Items": 0.0,
        "Tax Rate For Calcs": 0.21,
        "Normalized EBITDA": -73371000.0,
        "Net Income From Continuing Operation Net Minority Interest": -102194000.0,
        "Reconciled Depreciation": 8913000.0,
        "Reconciled Cost Of Revenue": 139918000.0,
        "EBITDA": -73371000.0,
        "EBIT": -82284000.0,
        "Net Interest Income": 53586000.0,
        "Interest Expense": 15736000.0,
        "Interest Income": 69322000.0,
        "Normalized Income": -102194000.0,
        "Net Income From Continuing And Discontinued Operation": -102194000.0,
        "Total Expenses": 192726000.0,
        "Total Operating Income As Reported": -151606000.0,
        "Diluted Average Shares": 318840952.0,
        "Basic Average Shares": 318840952.0,
        "Diluted EPS": -0.32,
        "Basic EPS": -0.32,
        "Diluted NI Availto Com Stockholders": -102194000.0,
        "Net Income Common Stockholders": -102194000.0,
        "Net Income": -102194000.0,
        "Minority Interests": 2000.0,
        "Net Income Including Noncontrolling Interests": -102196000.0,
        "Net Income Continuous Operations": -102196000.0,
        "Tax Provision": 4176000.0,
        "Pretax Income": -98020000.0,
        "Net Non Operating Interest Income Expense": 53586000.0,
        "Interest Expense Non Operating": 15736000.0,
        "Interest Income Non Operating": 69322000.0,
        "Operating Income": -151606000.0,
        "Operating Expense": 52808000.0,
        "Research And Development": 21606000.0,
        "Selling General And Administration": 31202000.0,
        "General And Administrative Expense": NaN,
        "Other Gand A": NaN,
        "Gross Profit": -98798000.0,
        "Cost Of Revenue": 139918000.0,
        "Total Revenue": 41120000.0,
        "Operating Revenue": 41120000.0
    },
    "2022-09-30": {
        "Tax Effect Of Unusual Items": 0.0,
        "Tax Rate For Calcs": 0.4,
        "Normalized EBITDA": -45176000.0,
        "Net Income From Continuing Operation Net Minority Interest": -143482000.0,
        "Reconciled Depreciation": 7928000.0,
        "Reconciled Cost Of Revenue": 33585000.0,
        "EBITDA": -45176000.0,
        "EBIT": -53104000.0,
        "Net Interest Income": -83354000.0,
        "Interest Expense": 88184000.0,
        "Interest Income": 4830000.0,
        "Normalized Income": -143482000.0,
        "Net Income From Continuing And Discontinued Operation": -143482000.0,
        "Total Expenses": 100152000.0,
        "Total Operating Income As Reported": -57934000.0,
        "Diluted Average Shares": 304414189.0,
        "Basic Average Shares": 304414189.0,
        "Diluted EPS": -0.47,
        "Basic EPS": -0.47,
        "Diluted NI Availto Com Stockholders": -143482000.0,
        "Net Income Common Stockholders": -143482000.0,
        "Net Income": -143482000.0,
        "Minority Interests": -51000.0,
        "Net Income Including Noncontrolling Interests": -143431000.0,
        "Net Income Continuous Operations": -143431000.0,
        "Tax Provision": 2143000.0,
        "Pretax Income": -141288000.0,
        "Net Non Operating Interest Income Expense": -83354000.0,
        "Interest Expense Non Operating": 88184000.0,
        "Interest Income Non Operating": 4830000.0,
        "Operating Income": -57934000.0,
        "Operating Expense": 66567000.0,
        "Research And Development": 31255000.0,
        "Selling General And Administration": 35312000.0,
        "General And Administrative Expense": 35312000.0,
        "Other Gand A": 35312000.0,
        "Gross Profit": 8633000.0,
        "Cost Of Revenue": 33585000.0,
        "Total Revenue": 42218000.0,
        "Operating Revenue": 42218000.0
    },
    "2022-06-30": {
        "Tax Effect Of Unusual Items": 0.0,
        "Tax Rate For Calcs": 0.004942,
        "Normalized EBITDA": -150446000.0,
        "Net Income From Continuing Operation Net Minority Interest": -147457000.0,
        "Reconciled Depreciation": 8042000.0,
        "Reconciled Cost Of Revenue": 39889000.0,
        "EBITDA": -150446000.0,
        "EBIT": -158488000.0,
        "Net Interest Income": 2106000.0,
        "Interest Expense": -10360000.0,
        "Interest Income": -5414000.0,
        "Normalized Income": -147457000.0,
        "Net Income From Continuing And Discontinued Operation": -147457000.0,
        "Total Expenses": 125184000.0,
        "Total Operating Income As Reported": -80458000.0,
        "Diluted Average Shares": 254686967.0,
        "Basic Average Shares": 254686967.0,
        "Diluted EPS": -0.58,
        "Basic EPS": -0.58,
        "Diluted NI Availto Com Stockholders": -147457000.0,
        "Net Income Common Stockholders": -147457000.0,
        "Net Income": -147457000.0,
        "Minority Interests": -61000.0,
        "Net Income Including Noncontrolling Interests": -147396000.0,
        "Net Income Continuous Operations": -147396000.0,
        "Tax Provision": -732000.0,
        "Pretax Income": -148128000.0,
        "Net Non Operating Interest Income Expense": 2106000.0,
        "Interest Expense Non Operating": -10360000.0,
        "Interest Income Non Operating": -5414000.0,
        "Operating Income": -80458000.0,
        "Operating Expense": 85295000.0,
        "Research And Development": 47450000.0,
        "Selling General And Administration": 37845000.0,
        "General And Administrative Expense": NaN,
        "Other Gand A": NaN,
        "Gross Profit": 4837000.0,
        "Cost Of Revenue": 39889000.0,
        "Total Revenue": 44726000.0,
        "Operating Revenue": 44726000.0
    },
    "2022-03-31": {
        "Diluted EPS": -0.22,
        "Total Revenue": 126,
        "Gross Profit": 50,
        "Operating Income": -31,
        "EBIT": -23,
        "Net Income": -56
    },
    "2021-12-31": {
        "Diluted EPS": 0.15,
        "Total Revenue": 118,
        "Gross Profit": 55,
        "Operating Income": -22,
        "EBIT": -13,
        "Net Income": -37
    },
    "2021-09-30": {
        "Diluted EPS": 0.72,
        "Total Revenue": 109,
        "Gross Profit": 39,
        "Operating Income": -55,
        "EBIT": -48,
        "Net Income": 132
    },
    "2021-06-30": {
        "Diluted EPS": -0.12,
        "Total Revenue": 87,
        "Gross Profit": 15,
        "Operating Income": -46,
        "EBIT": -42,
        "Net Income": -15
    },
    "2021-03-31": {
        "Diluted EPS": -1.37,
        "Total Revenue": 107,
        "Gross Profit": 43,
        "Operating Income": -21,
        "EBIT": -17,
        "Net Income": -181
    },
    "2020-12-31": {
        "Diluted EPS": 0.0,
        "Total Revenue": NaN,
        "Gross Profit": NaN,
        "Operating Income": NaN,
        "EBIT": NaN,
        "Net Income": NaN
    },
    "2020-09-30": {
        "Diluted EPS": -0.47,
        "Total Revenue": 14,
        "Gross Profit": 1,
        "Operating Income": -39,
        "EBIT": -39,
        "Net Income": -62
    },
    "2019-12-31": {
        "Diluted EPS": 0.0,
        "Total Revenue": NaN,
        "Gross Profit": NaN,
        "Operating Income": NaN,
        "EBIT": NaN,
        "Net Income": NaN
    },
    "2023-06-30": {
        "Tax Effect Of Unusual Items": 0.0,
        "Tax Rate For Calcs": 0.4,
        "Normalized EBITDA": -22186000.0,
        "Net Income From Continuing Operation Net Minority Interest": -49737000.0,
        "Reconciled Depreciation": 8139000.0,
        "Reconciled Cost Of Revenue": 30905000.0,
        "EBITDA": -22186000.0,
        "EBIT": -30325000.0,
        "Net Interest Income": -952000.0,
        "Interest Expense": 19057000.0,
        "Interest Income": 18105000.0,
        "Normalized Income": -49737000.0,
        "Net Income From Continuing And Discontinued Operation": -49737000.0,
        "Total Expenses": 69434000.0,
        "Total Operating Income As Reported": -48430000.0,
        "Diluted Average Shares": 318881049.0,
        "Basic Average Shares": 318881049.0,
        "Diluted EPS": -0.16,
        "Basic EPS": -0.16,
        "Diluted NI Availto Com Stockholders": -49737000.0,
        "Net Income Common Stockholders": -49737000.0,
        "Net Income": -49737000.0,
        "Minority Interests": -61000.0,
        "Net Income Including Noncontrolling Interests": -49676000.0,
        "Net Income Continuous Operations": -49676000.0,
        "Tax Provision": 294000.0,
        "Pretax Income": -49382000.0,
        "Net Non Operating Interest Income Expense": -952000.0,
        "Interest Expense Non Operating": 19057000.0,
        "Interest Income Non Operating": 18105000.0,
        "Operating Income": -48430000.0,
        "Operating Expense": 38529000.0,
        "Research And Development": 15834000.0,
        "Selling General And Administration": 22695000.0,
        "General And Administrative Expense": NaN,
        "Other Gand A": NaN,
        "Gross Profit": -9901000.0,
        "Cost Of Revenue": 30905000.0,
        "Total Revenue": 21004000.0,
        "Operating Revenue": 21004000.0
    }
}