{
    "2023-03-31": {
        "Tax Effect Of Unusual Items": NaN,
        "Tax Rate For Calcs": NaN,
        "Net Income From Continuing Operation Net Minority Interest": NaN,
        "Reconciled Depreciation": NaN,
        "Interest Income": NaN,
        "Normalized Income": NaN,
        "Net Income From Continuing And Discontinued Operation": NaN,
        "Total Expenses": NaN,
        "Diluted Average Shares": 69334103.0,
        "Basic Average Shares": 69334103.0,
        "Diluted EPS": -0.95,
        "Basic EPS": -0.95,
        "Diluted NI Availto Com Stockholders": NaN,
        "Net Income Common Stockholders": NaN,
        "Net Income": NaN,
        "Net Income Including Noncontrolling Interests": NaN,
        "Net Income Continuous Operations": NaN,
        "Tax Provision": NaN,
        "Pretax Income": NaN,
        "Other Operating Expenses": NaN,
        "Selling General And Administration": NaN,
        "Selling And Marketing Expense": NaN,
        "General And Administrative Expense": NaN,
        "Other Gand A": NaN,
        "Total Revenue": NaN,
        "Operating Revenue": NaN,
        "Loss Adjustment Expense": NaN,
        "Net Policyholder Benefits And Claims": NaN
    },
    "2022-12-31": {
        "Tax Effect Of Unusual Items": 0.0,
        "Tax Rate For Calcs": 0.064611,
        "Net Income From Continuing Operation Net Minority Interest": -63700000.0,
        "Reconciled Depreciation": 5400000.0,
        "Interest Income": 800000.0,
        "Normalized Income": -63700000.0,
        "Net Income From Continuing And Discontinued Operation": -63700000.0,
        "Total Expenses": 156500000.0,
        "Diluted Average Shares": NaN,
        "Basic Average Shares": NaN,
        "Diluted EPS": NaN,
        "Basic EPS": NaN,
        "Diluted NI Availto Com Stockholders": -63700000.0,
        "Net Income Common Stockholders": -63700000.0,
        "Net Income": -63700000.0,
        "Net Income Including Noncontrolling Interests": -63700000.0,
        "Net Income Continuous Operations": -63700000.0,
        "Tax Provision": -4400000.0,
        "Pretax Income": -68100000.0,
        "Other Operating Expenses": 23500000.0,
        "Selling General And Administration": 58400000.0,
        "Selling And Marketing Expense": 27200000.0,
        "General And Administrative Expense": 31200000.0,
        "Other Gand A": 31200000.0,
        "Total Revenue": 88400000.0,
        "Operating Revenue": 88400000.0
    },
    "2022-09-30": {
        "Tax Effect Of Unusual Items": NaN,
        "Tax Rate For Calcs": NaN,
        "Net Income From Continuing Operation Net Minority Interest": NaN,
        "Reconciled Depreciation": NaN,
        "Interest Income": NaN,
        "Normalized Income": NaN,
        "Net Income From Continuing And Discontinued Operation": NaN,
        "Total Expenses": NaN,
        "Diluted Average Shares": 66877100.0,
        "Basic Average Shares": 66877100.0,
        "Diluted EPS": -1.37,
        "Basic EPS": -1.37,
        "Diluted NI Availto Com Stockholders": NaN,
        "Net Income Common Stockholders": NaN,
        "Net Income": NaN,
        "Net Income Including Noncontrolling Interests": NaN,
        "Net Income Continuous Operations": NaN,
        "Tax Provision": NaN,
        "Pretax Income": NaN,
        "Other Operating Expenses": NaN,
        "Selling General And Administration": NaN,
        "Selling And Marketing Expense": NaN,
        "General And Administrative Expense": NaN,
        "Other Gand A": NaN,
        "Total Revenue": NaN,
        "Operating Revenue": NaN
    },
    "2022-06-30": {
        "Tax Effect Of Unusual Items": 0.0,
        "Tax Rate For Calcs": 0.4,
        "Net Income From Continuing Operation Net Minority Interest": -67900000.0,
        "Reconciled Depreciation": 1600000.0,
        "Interest Income": NaN,
        "Normalized Income": -67900000.0,
        "Net Income From Continuing And Discontinued Operation": -67900000.0,
        "Total Expenses": 115000000.0,
        "Diluted Average Shares": 61816225.0,
        "Basic Average Shares": 61816225.0,
        "Diluted EPS": -1.1,
        "Basic EPS": -1.1,
        "Diluted NI Availto Com Stockholders": -67900000.0,
        "Net Income Common Stockholders": -67900000.0,
        "Net Income": -67900000.0,
        "Net Income Including Noncontrolling Interests": -67900000.0,
        "Net Income Continuous Operations": -67900000.0,
        "Tax Provision": 2900000.0,
        "Pretax Income": -65000000.0,
        "Other Operating Expenses": 17800000.0,
        "Selling General And Administration": 59400000.0,
        "Selling And Marketing Expense": 37000000.0,
        "General And Administrative Expense": 22400000.0,
        "Other Gand A": 22400000.0,
        "Total Revenue": 50000000.0,
        "Operating Revenue": 50000000.0
    },
    "2022-03-31": {
        "Diluted EPS": -1.21,
        "Total Revenue": 44,
        "Gross Profit": 20,
        "Operating Income": -73,
        "EBIT": -69,
        "Net Income": -75
    },
    "2021-12-31": {
        "Diluted EPS": -1.15,
        "Total Revenue": 41,
        "Gross Profit": 16,
        "Operating Income": -68,
        "EBIT": -70,
        "Net Income": -70
    },
    "2021-09-30": {
        "Diluted EPS": -1.08,
        "Total Revenue": 36,
        "Gross Profit": 18,
        "Operating Income": -64,
        "EBIT": -65,
        "Net Income": -66
    },
    "2021-06-30": {
        "Diluted EPS": -0.9,
        "Total Revenue": 28,
        "Gross Profit": 15,
        "Operating Income": -53,
        "EBIT": -52,
        "Net Income": -56
    },
    "2021-03-31": {
        "Diluted EPS": -0.81,
        "Total Revenue": 24,
        "Gross Profit": 7,
        "Operating Income": -48,
        "EBIT": -47,
        "Net Income": -49
    },
    "2020-12-31": {
        "Diluted EPS": 1.87,
        "Total Revenue": 21,
        "Gross Profit": 11,
        "Operating Income": -33,
        "EBIT": -33,
        "Net Income": -34
    },
    "2020-09-30": {
        "Diluted EPS": -0.57,
        "Total Revenue": 18,
        "Gross Profit": 11,
        "Operating Income": -31,
        "EBIT": -30,
        "Net Income": -31
    },
    "2020-06-30": {
        "Diluted EPS": -1.77,
        "Total Revenue": 30,
        "Gross Profit": 9,
        "Operating Income": -21,
        "EBIT": -20,
        "Net Income": -21
    },
    "2020-03-31": {
        "Diluted EPS": -3.16,
        "Total Revenue": 26,
        "Gross Profit": 8,
        "Operating Income": -36,
        "EBIT": -36,
        "Net Income": -37
    },
    "2019-12-31": {
        "Diluted EPS": 0.0,
        "Total Revenue": NaN,
        "Gross Profit": NaN,
        "Operating Income": NaN,
        "EBIT": NaN,
        "Net Income": NaN
    },
    "2019-09-30": {
        "Diluted EPS": -2.78,
        "Total Revenue": 19,
        "Gross Profit": 6,
        "Operating Income": -31,
        "EBIT": -31,
        "Net Income": -31
    },
    "2019-06-30": {
        "Diluted EPS": -2.09,
        "Total Revenue": 14,
        "Gross Profit": 4,
        "Operating Income": -23,
        "EBIT": -23,
        "Net Income": -23
    },
    "2018-12-31": {
        "Diluted EPS": 0.0,
        "Total Revenue": NaN,
        "Gross Profit": NaN,
        "Operating Income": NaN,
        "EBIT": NaN,
        "Net Income": NaN
    },
    "2023-06-30": {
        "Tax Effect Of Unusual Items": NaN,
        "Tax Rate For Calcs": NaN,
        "Net Income From Continuing Operation Net Minority Interest": NaN,
        "Reconciled Depreciation": NaN,
        "Interest Income": NaN,
        "Normalized Income": NaN,
        "Net Income From Continuing And Discontinued Operation": NaN,
        "Total Expenses": NaN,
        "Diluted Average Shares": 69534731.0,
        "Basic Average Shares": 69534731.0,
        "Diluted EPS": -0.97,
        "Basic EPS": -0.97,
        "Diluted NI Availto Com Stockholders": NaN,
        "Net Income Common Stockholders": NaN,
        "Net Income": NaN,
        "Net Income Including Noncontrolling Interests": NaN,
        "Net Income Continuous Operations": NaN,
        "Tax Provision": NaN,
        "Pretax Income": NaN,
        "Other Operating Expenses": NaN,
        "Selling General And Administration": NaN,
        "Selling And Marketing Expense": NaN,
        "General And Administrative Expense": NaN,
        "Other Gand A": NaN,
        "Total Revenue": NaN,
        "Operating Revenue": NaN,
        "Loss Adjustment Expense": NaN,
        "Net Policyholder Benefits And Claims": NaN
    },
    "2023-09-30": {
        "Tax Effect Of Unusual Items": 0.0,
        "Tax Rate For Calcs": 0.21,
        "Net Income From Continuing Operation Net Minority Interest": -61500000.0,
        "Reconciled Depreciation": 5000000.0,
        "Interest Income": 800000.0,
        "Normalized Income": -61500000.0,
        "Net Income From Continuing And Discontinued Operation": -61500000.0,
        "Total Expenses": 174100000.0,
        "Diluted Average Shares": 69753576.0,
        "Basic Average Shares": 69753576.0,
        "Diluted EPS": -0.88,
        "Basic EPS": -0.88,
        "Diluted NI Availto Com Stockholders": -61500000.0,
        "Net Income Common Stockholders": -61500000.0,
        "Net Income": -61500000.0,
        "Net Income Including Noncontrolling Interests": -61500000.0,
        "Net Income Continuous Operations": -61500000.0,
        "Tax Provision": 1900000.0,
        "Pretax Income": -59600000.0,
        "Other Operating Expenses": 21800000.0,
        "Selling General And Administration": 61300000.0,
        "Selling And Marketing Expense": 24400000.0,
        "General And Administrative Expense": 36900000.0,
        "Other Gand A": 36900000.0,
        "Total Revenue": 114500000.0,
        "Operating Revenue": 114500000.0,
        "Loss Adjustment Expense": 91000000.0,
        "Net Policyholder Benefits And Claims": 91000000.0
    },
    "2023-12-31": {
        "Tax Effect Of Unusual Items": 0.0,
        "Tax Rate For Calcs": 0.21,
        "Net Income From Continuing Operation Net Minority Interest": -42400000.0,
        "Reconciled Depreciation": 4800000.0,
        "Interest Income": 1200000.0,
        "Normalized Income": -42400000.0,
        "Net Income From Continuing And Discontinued Operation": -42400000.0,
        "Total Expenses": 155100000.0,
        "Diluted Average Shares": NaN,
        "Basic Average Shares": NaN,
        "Diluted EPS": NaN,
        "Basic EPS": NaN,
        "Diluted NI Availto Com Stockholders": -42400000.0,
        "Net Income Common Stockholders": -42400000.0,
        "Net Income": -42400000.0,
        "Net Income Including Noncontrolling Interests": -42400000.0,
        "Net Income Continuous Operations": -42400000.0,
        "Tax Provision": 2800000.0,
        "Pretax Income": -39600000.0,
        "Other Operating Expenses": 21100000.0,
        "Selling General And Administration": 53500000.0,
        "Selling And Marketing Expense": 24500000.0,
        "General And Administrative Expense": 29000000.0,
        "Other Gand A": 29000000.0,
        "Total Revenue": 115500000.0,
        "Operating Revenue": 115500000.0,
        "Loss Adjustment Expense": 58700000.0,
        "Net Policyholder Benefits And Claims": 58700000.0
    },
    "2024-03-31": {
        "Tax Effect Of Unusual Items": 0.0,
        "Tax Rate For Calcs": 0.21,
        "Net Income From Continuing Operation Net Minority Interest": -47300000.0,
        "Reconciled Depreciation": 5000000.0,
        "Interest Income": 1500000.0,
        "Normalized Income": -47300000.0,
        "Net Income From Continuing And Discontinued Operation": -47300000.0,
        "Total Expenses": 164300000.0,
        "Diluted Average Shares": 70284486.0,
        "Basic Average Shares": 70284486.0,
        "Diluted EPS": -0.67,
        "Basic EPS": -0.67,
        "Diluted NI Availto Com Stockholders": -47300000.0,
        "Net Income Common Stockholders": -47300000.0,
        "Net Income": -47300000.0,
        "Net Income Including Noncontrolling Interests": -47300000.0,
        "Net Income Continuous Operations": -47300000.0,
        "Tax Provision": 2100000.0,
        "Pretax Income": -45200000.0,
        "Other Operating Expenses": 20900000.0,
        "Selling General And Administration": 60200000.0,
        "Selling And Marketing Expense": 30400000.0,
        "General And Administrative Expense": 29800000.0,
        "Other Gand A": 29800000.0,
        "Total Revenue": 119100000.0,
        "Operating Revenue": 119100000.0,
        "Loss Adjustment Expense": 83200000.0,
        "Net Policyholder Benefits And Claims": 83200000.0
    },
    "2024-06-30": {
        "Tax Effect Of Unusual Items": 0.0,
        "Tax Rate For Calcs": 0.21,
        "Net Income From Continuing Operation Net Minority Interest": -57200000.0,
        "Reconciled Depreciation": 5200000.0,
        "Interest Income": 2200000.0,
        "Normalized Income": -57200000.0,
        "Net Income From Continuing And Discontinued Operation": -57200000.0,
        "Total Expenses": 177100000.0,
        "Diluted Average Shares": 70721227.0,
        "Basic Average Shares": 70721227.0,
        "Diluted EPS": -0.81,
        "Basic EPS": -0.81,
        "Diluted NI Availto Com Stockholders": -57200000.0,
        "Net Income Common Stockholders": -57200000.0,
        "Net Income": -57200000.0,
        "Net Income Including Noncontrolling Interests": -57200000.0,
        "Net Income Continuous Operations": -57200000.0,
        "Tax Provision": 2100000.0,
        "Pretax Income": -55100000.0,
        "Other Operating Expenses": 21200000.0,
        "Selling General And Administration": 66600000.0,
        "Selling And Marketing Expense": 36800000.0,
        "General And Administrative Expense": 29800000.0,
        "Other Gand A": 29800000.0,
        "Total Revenue": 122000000.0,
        "Operating Revenue": 122000000.0,
        "Loss Adjustment Expense": 89300000.0,
        "Net Policyholder Benefits And Claims": 89300000.0
    },
    "2024-09-30": {
        "Tax Effect Of Unusual Items": 0.0,
        "Tax Rate For Calcs": 0.21,
        "Net Income From Continuing Operation Net Minority Interest": -67700000.0,
        "Reconciled Depreciation": 5100000.0,
        "Interest Income": 2000000.0,
        "Normalized Income": -67700000.0,
        "Net Income From Continuing And Discontinued Operation": -67700000.0,
        "Total Expenses": 202400000.0,
        "Diluted Average Shares": NaN,
        "Basic Average Shares": NaN,
        "Diluted EPS": NaN,
        "Basic EPS": NaN,
        "Diluted NI Availto Com Stockholders": -67700000.0,
        "Net Income Common Stockholders": -67700000.0,
        "Net Income": -67700000.0,
        "Net Income Including Noncontrolling Interests": -67700000.0,
        "Net Income Continuous Operations": -67700000.0,
        "Tax Provision": 1900000.0,
        "Pretax Income": -65800000.0,
        "Other Operating Expenses": 21900000.0,
        "Selling General And Administration": 82800000.0,
        "Selling And Marketing Expense": 51400000.0,
        "General And Administrative Expense": 31400000.0,
        "Other Gand A": 31400000.0,
        "Total Revenue": 136600000.0,
        "Operating Revenue": 136600000.0,
        "Loss Adjustment Expense": 97700000.0,
        "Net Policyholder Benefits And Claims": 97700000.0
    }
}