{
    "2023-04-30": {
        "Tax Effect Of Unusual Items": NaN,
        "Tax Rate For Calcs": NaN,
        "Normalized EBITDA": NaN,
        "Total Unusual Items": NaN,
        "Total Unusual Items Excluding Goodwill": NaN,
        "Net Income From Continuing Operation Net Minority Interest": NaN,
        "Reconciled Depreciation": NaN,
        "Reconciled Cost Of Revenue": NaN,
        "EBITDA": NaN,
        "EBIT": NaN,
        "Net Interest Income": NaN,
        "Interest Expense": NaN,
        "Interest Income": NaN,
        "Normalized Income": NaN,
        "Net Income From Continuing And Discontinued Operation": NaN,
        "Total Expenses": NaN,
        "Total Operating Income As Reported": NaN,
        "Diluted Average Shares": NaN,
        "Basic Average Shares": NaN,
        "Diluted EPS": NaN,
        "Basic EPS": NaN,
        "Diluted NI Availto Com Stockholders": NaN,
        "Average Dilution Earnings": NaN,
        "Net Income Common Stockholders": NaN,
        "Otherunder Preferred Stock Dividend": 23000.0,
        "Preferred Stock Dividends": NaN,
        "Net Income": NaN,
        "Minority Interests": NaN,
        "Net Income Including Noncontrolling Interests": NaN,
        "Net Income Continuous Operations": NaN,
        "Tax Provision": NaN,
        "Pretax Income": NaN,
        "Other Income Expense": NaN,
        "Other Non Operating Income Expenses": NaN,
        "Special Income Charges": NaN,
        "Gain On Sale Of Ppe": NaN,
        "Other Special Charges": -2269000.0,
        "Impairment Of Capital Assets": NaN,
        "Earnings From Equity Interest": NaN,
        "Net Non Operating Interest Income Expense": NaN,
        "Interest Expense Non Operating": NaN,
        "Interest Income Non Operating": NaN,
        "Operating Income": NaN,
        "Operating Expense": NaN,
        "Selling General And Administration": NaN,
        "Gross Profit": NaN,
        "Cost Of Revenue": NaN,
        "Total Revenue": NaN,
        "Operating Revenue": NaN
    },
    "2023-01-31": {
        "Tax Effect Of Unusual Items": NaN,
        "Tax Rate For Calcs": NaN,
        "Normalized EBITDA": NaN,
        "Total Unusual Items": NaN,
        "Total Unusual Items Excluding Goodwill": NaN,
        "Net Income From Continuing Operation Net Minority Interest": NaN,
        "Reconciled Depreciation": NaN,
        "Reconciled Cost Of Revenue": NaN,
        "EBITDA": NaN,
        "EBIT": NaN,
        "Net Interest Income": NaN,
        "Interest Expense": 1172000.0,
        "Interest Income": NaN,
        "Normalized Income": NaN,
        "Net Income From Continuing And Discontinued Operation": NaN,
        "Total Expenses": NaN,
        "Total Operating Income As Reported": NaN,
        "Diluted Average Shares": NaN,
        "Basic Average Shares": NaN,
        "Diluted EPS": NaN,
        "Basic EPS": NaN,
        "Diluted NI Availto Com Stockholders": NaN,
        "Average Dilution Earnings": 125000.0,
        "Net Income Common Stockholders": NaN,
        "Otherunder Preferred Stock Dividend": 161000.0,
        "Preferred Stock Dividends": NaN,
        "Net Income": NaN,
        "Minority Interests": NaN,
        "Net Income Including Noncontrolling Interests": NaN,
        "Net Income Continuous Operations": NaN,
        "Tax Provision": NaN,
        "Pretax Income": NaN,
        "Other Income Expense": NaN,
        "Other Non Operating Income Expenses": NaN,
        "Special Income Charges": NaN,
        "Gain On Sale Of Ppe": NaN,
        "Other Special Charges": NaN,
        "Earnings From Equity Interest": NaN,
        "Net Non Operating Interest Income Expense": NaN,
        "Interest Expense Non Operating": 1172000.0,
        "Interest Income Non Operating": NaN,
        "Operating Income": NaN,
        "Operating Expense": NaN,
        "Selling General And Administration": NaN,
        "Gross Profit": NaN,
        "Cost Of Revenue": NaN,
        "Total Revenue": NaN,
        "Operating Revenue": NaN
    },
    "2022-10-31": {
        "Tax Effect Of Unusual Items": NaN,
        "Tax Rate For Calcs": NaN,
        "Normalized EBITDA": NaN,
        "Total Unusual Items": NaN,
        "Total Unusual Items Excluding Goodwill": NaN,
        "Net Income From Continuing Operation Net Minority Interest": NaN,
        "Reconciled Depreciation": NaN,
        "Reconciled Cost Of Revenue": NaN,
        "EBITDA": NaN,
        "EBIT": NaN,
        "Net Interest Income": NaN,
        "Interest Expense": 1038000.0,
        "Interest Income": NaN,
        "Normalized Income": NaN,
        "Net Income From Continuing And Discontinued Operation": NaN,
        "Total Expenses": NaN,
        "Total Operating Income As Reported": NaN,
        "Diluted Average Shares": NaN,
        "Basic Average Shares": NaN,
        "Diluted EPS": NaN,
        "Basic EPS": NaN,
        "Diluted NI Availto Com Stockholders": NaN,
        "Average Dilution Earnings": NaN,
        "Net Income Common Stockholders": NaN,
        "Otherunder Preferred Stock Dividend": NaN,
        "Preferred Stock Dividends": NaN,
        "Net Income": NaN,
        "Minority Interests": NaN,
        "Net Income Including Noncontrolling Interests": NaN,
        "Net Income Continuous Operations": NaN,
        "Tax Provision": NaN,
        "Pretax Income": NaN,
        "Other Income Expense": NaN,
        "Other Non Operating Income Expenses": NaN,
        "Special Income Charges": NaN,
        "Gain On Sale Of Ppe": NaN,
        "Other Special Charges": NaN,
        "Earnings From Equity Interest": NaN,
        "Net Non Operating Interest Income Expense": NaN,
        "Interest Expense Non Operating": 1038000.0,
        "Interest Income Non Operating": NaN,
        "Operating Income": NaN,
        "Operating Expense": NaN,
        "Selling General And Administration": NaN,
        "Gross Profit": NaN,
        "Cost Of Revenue": NaN,
        "Total Revenue": NaN,
        "Operating Revenue": NaN
    },
    "2022-07-31": {
        "Tax Effect Of Unusual Items": -75366.234255,
        "Tax Rate For Calcs": 0.311431,
        "Normalized EBITDA": 11652000.0,
        "Total Unusual Items": -242000.0,
        "Total Unusual Items Excluding Goodwill": -242000.0,
        "Net Income From Continuing Operation Net Minority Interest": 7377000.0,
        "Reconciled Depreciation": 2469000.0,
        "Reconciled Cost Of Revenue": 42590000.0,
        "EBITDA": 11410000.0,
        "EBIT": 11410000.0,
        "Net Interest Income": -766000.0,
        "Interest Expense": 772000.0,
        "Interest Income": 6000.0,
        "Normalized Income": 7543633.765745,
        "Net Income From Continuing And Discontinued Operation": 7377000.0,
        "Total Expenses": 47621000.0,
        "Total Operating Income As Reported": 11060000.0,
        "Diluted Average Shares": 18334000.0,
        "Basic Average Shares": 17529000.0,
        "Diluted EPS": 0.4,
        "Basic EPS": 0.41,
        "Diluted NI Availto Com Stockholders": 7252000.0,
        "Average Dilution Earnings": NaN,
        "Net Income Common Stockholders": 7252000.0,
        "Otherunder Preferred Stock Dividend": NaN,
        "Preferred Stock Dividends": 125000.0,
        "Net Income": 7377000.0,
        "Minority Interests": 52000.0,
        "Net Income Including Noncontrolling Interests": 7325000.0,
        "Net Income Continuous Operations": 7325000.0,
        "Tax Provision": 3313000.0,
        "Pretax Income": 10638000.0,
        "Other Income Expense": 102000.0,
        "Other Non Operating Income Expenses": 13000.0,
        "Special Income Charges": -242000.0,
        "Gain On Sale Of Ppe": -242000.0,
        "Other Special Charges": NaN,
        "Earnings From Equity Interest": 331000.0,
        "Net Non Operating Interest Income Expense": -766000.0,
        "Interest Expense Non Operating": 772000.0,
        "Interest Income Non Operating": 6000.0,
        "Operating Income": 11302000.0,
        "Operating Expense": 5031000.0,
        "Selling General And Administration": 5031000.0,
        "Gross Profit": 16333000.0,
        "Cost Of Revenue": 42590000.0,
        "Total Revenue": 58923000.0,
        "Operating Revenue": 57594000.0
    },
    "2022-04-30": {
        "Diluted EPS": 0.08,
        "Total Revenue": 47,
        "Gross Profit": 8,
        "Operating Income": 3,
        "EBIT": 5,
        "Net Income": 1
    },
    "2022-01-31": {
        "Diluted EPS": -0.38,
        "Total Revenue": 39,
        "Gross Profit": -3,
        "Operating Income": -10,
        "EBIT": -7,
        "Net Income": -7
    },
    "2021-10-31": {
        "Diluted EPS": -0.28,
        "Total Revenue": 33,
        "Gross Profit": -2,
        "Operating Income": -6,
        "EBIT": -4,
        "Net Income": -5
    },
    "2021-07-31": {
        "Diluted EPS": 0.2,
        "Total Revenue": 49,
        "Gross Profit": 7,
        "Operating Income": 3,
        "EBIT": 6,
        "Net Income": 4
    },
    "2021-04-30": {
        "Diluted EPS": 0.1,
        "Total Revenue": 45,
        "Gross Profit": 8,
        "Operating Income": 2,
        "EBIT": 5,
        "Net Income": 2
    },
    "2021-01-31": {
        "Diluted EPS": -0.25,
        "Total Revenue": 38,
        "Gross Profit": 0,
        "Operating Income": -6,
        "EBIT": -3,
        "Net Income": -4
    },
    "2020-10-31": {
        "Diluted EPS": -0.42,
        "Total Revenue": 30,
        "Gross Profit": -3,
        "Operating Income": -10,
        "EBIT": -7,
        "Net Income": -8
    },
    "2020-07-31": {
        "Diluted EPS": 0.12,
        "Total Revenue": 54,
        "Gross Profit": 6,
        "Operating Income": 2,
        "EBIT": 4,
        "Net Income": 2
    },
    "2020-04-30": {
        "Diluted EPS": -0.29,
        "Total Revenue": 40,
        "Gross Profit": 3,
        "Operating Income": -3,
        "EBIT": 0,
        "Net Income": -5
    },
    "2020-01-31": {
        "Diluted EPS": -0.37,
        "Total Revenue": 42,
        "Gross Profit": -2,
        "Operating Income": -8,
        "EBIT": -6,
        "Net Income": -7
    },
    "2019-10-31": {
        "Diluted EPS": -0.18,
        "Total Revenue": 36,
        "Gross Profit": 2,
        "Operating Income": -4,
        "EBIT": -1,
        "Net Income": -3
    },
    "2019-07-31": {
        "Diluted EPS": -0.06,
        "Total Revenue": 51,
        "Gross Profit": 7,
        "Operating Income": 2,
        "EBIT": 4,
        "Net Income": -1
    },
    "2019-04-30": {
        "Diluted EPS": 0.15,
        "Total Revenue": 42,
        "Gross Profit": 4,
        "Operating Income": -1,
        "EBIT": 1,
        "Net Income": 3
    },
    "2019-01-31": {
        "Diluted EPS": -0.28,
        "Total Revenue": 42,
        "Gross Profit": 2,
        "Operating Income": -3,
        "EBIT": -1,
        "Net Income": -5
    },
    "2018-10-31": {
        "Diluted EPS": -0.27,
        "Total Revenue": 15,
        "Gross Profit": -3,
        "Operating Income": -10,
        "EBIT": -8,
        "Net Income": -3
    },
    "2018-07-31": {
        "Diluted EPS": 0.5,
        "Total Revenue": 40,
        "Gross Profit": 15,
        "Operating Income": 11,
        "EBIT": 13,
        "Net Income": 8
    },
    "2018-04-30": {
        "Diluted EPS": 0.44,
        "Total Revenue": 43,
        "Gross Profit": 13,
        "Operating Income": 9,
        "EBIT": 11,
        "Net Income": 6
    },
    "2018-01-31": {
        "Diluted EPS": 0.58,
        "Total Revenue": 32,
        "Gross Profit": 2,
        "Operating Income": -2,
        "EBIT": 0,
        "Net Income": 9
    },
    "2017-10-31": {
        "Diluted EPS": -0.18,
        "Total Revenue": 16,
        "Gross Profit": -1,
        "Operating Income": -4,
        "EBIT": -3,
        "Net Income": -3
    },
    "2017-07-31": {
        "Diluted EPS": 0.52,
        "Total Revenue": 40,
        "Gross Profit": 16,
        "Operating Income": 13,
        "EBIT": 15,
        "Net Income": 8
    },
    "2017-04-30": {
        "Diluted EPS": 0.24,
        "Total Revenue": 37,
        "Gross Profit": 9,
        "Operating Income": 6,
        "EBIT": 8,
        "Net Income": 3
    },
    "2017-01-31": {
        "Diluted EPS": -0.16,
        "Total Revenue": 28,
        "Gross Profit": 1,
        "Operating Income": -3,
        "EBIT": -2,
        "Net Income": -2
    },
    "2016-10-31": {
        "Diluted EPS": 0.02,
        "Total Revenue": 20,
        "Gross Profit": 3,
        "Operating Income": -1,
        "EBIT": 1,
        "Net Income": 0
    },
    "2016-07-31": {
        "Diluted EPS": 0.71,
        "Total Revenue": 40,
        "Gross Profit": 18,
        "Operating Income": 14,
        "EBIT": 16,
        "Net Income": 11
    },
    "2016-04-30": {
        "Diluted EPS": 0.08,
        "Total Revenue": 27,
        "Gross Profit": 5,
        "Operating Income": 2,
        "EBIT": 3,
        "Net Income": 1
    },
    "2016-01-31": {
        "Diluted EPS": -0.29,
        "Total Revenue": 25,
        "Gross Profit": -3,
        "Operating Income": -6,
        "EBIT": -5,
        "Net Income": -4
    },
    "2015-10-31": {
        "Diluted EPS": 0.04,
        "Total Revenue": 14,
        "Gross Profit": -1,
        "Operating Income": -5,
        "EBIT": -4,
        "Net Income": 0
    },
    "2015-07-31": {
        "Diluted EPS": 0.36,
        "Total Revenue": 30,
        "Gross Profit": 11,
        "Operating Income": 8,
        "EBIT": 9,
        "Net Income": 5
    },
    "2015-04-30": {
        "Diluted EPS": 0.17,
        "Total Revenue": 28,
        "Gross Profit": 7,
        "Operating Income": 4,
        "EBIT": 5,
        "Net Income": 2
    },
    "2015-01-31": {
        "Diluted EPS": -0.11,
        "Total Revenue": 28,
        "Gross Profit": 1,
        "Operating Income": -3,
        "EBIT": -2,
        "Net Income": -2
    },
    "2014-10-31": {
        "Diluted EPS": -0.21,
        "Total Revenue": 16,
        "Gross Profit": -1,
        "Operating Income": -5,
        "EBIT": -4,
        "Net Income": -3
    },
    "2014-07-31": {
        "Diluted EPS": 0.61,
        "Total Revenue": 36,
        "Gross Profit": 17,
        "Operating Income": 13,
        "EBIT": 14,
        "Net Income": 9
    },
    "2014-04-30": {
        "Diluted EPS": 0.15,
        "Total Revenue": 25,
        "Gross Profit": 6,
        "Operating Income": 3,
        "EBIT": 4,
        "Net Income": 2
    },
    "2014-01-31": {
        "Diluted EPS": -0.09,
        "Total Revenue": 26,
        "Gross Profit": 1,
        "Operating Income": -2,
        "EBIT": -1,
        "Net Income": -1
    },
    "2013-10-31": {
        "Diluted EPS": -0.04,
        "Total Revenue": 14,
        "Gross Profit": 1,
        "Operating Income": -2,
        "EBIT": -1,
        "Net Income": -1
    },
    "2013-07-31": {
        "Diluted EPS": 0.49,
        "Total Revenue": 30,
        "Gross Profit": 13,
        "Operating Income": 10,
        "EBIT": 11,
        "Net Income": 7
    },
    "2013-04-30": {
        "Diluted EPS": 0.19,
        "Total Revenue": 23,
        "Gross Profit": 5,
        "Operating Income": 2,
        "EBIT": 3,
        "Net Income": 2
    },
    "2013-01-31": {
        "Diluted EPS": -0.28,
        "Total Revenue": 17,
        "Gross Profit": -2,
        "Operating Income": -5,
        "EBIT": -5,
        "Net Income": -3
    },
    "2012-10-31": {
        "Diluted EPS": 0.01,
        "Total Revenue": 15,
        "Gross Profit": 3,
        "Operating Income": 0,
        "EBIT": 1,
        "Net Income": 0
    },
    "2012-07-31": {
        "Diluted EPS": 0.45,
        "Total Revenue": 25,
        "Gross Profit": 10,
        "Operating Income": 8,
        "EBIT": 8,
        "Net Income": 5
    },
    "2012-04-30": {
        "Diluted EPS": 0.06,
        "Total Revenue": 16,
        "Gross Profit": 4,
        "Operating Income": 1,
        "EBIT": 2,
        "Net Income": 1
    },
    "2012-01-31": {
        "Diluted EPS": -0.26,
        "Total Revenue": 10,
        "Gross Profit": -2,
        "Operating Income": -5,
        "EBIT": -4,
        "Net Income": -3
    },
    "2011-10-31": {
        "Diluted EPS": 0.04,
        "Total Revenue": 11,
        "Gross Profit": 3,
        "Operating Income": 1,
        "EBIT": 1,
        "Net Income": 0
    },
    "2011-07-31": {
        "Diluted EPS": 0.41,
        "Total Revenue": 23,
        "Gross Profit": 9,
        "Operating Income": 7,
        "EBIT": 8,
        "Net Income": 5
    },
    "2011-04-30": {
        "Diluted EPS": -0.03,
        "Total Revenue": 13,
        "Gross Profit": 2,
        "Operating Income": -2,
        "EBIT": -1,
        "Net Income": 0
    },
    "2011-01-31": {
        "Diluted EPS": -0.3,
        "Total Revenue": 6,
        "Gross Profit": -3,
        "Operating Income": -6,
        "EBIT": -5,
        "Net Income": -3
    },
    "2010-10-31": {
        "Diluted EPS": -0.14,
        "Total Revenue": 12,
        "Gross Profit": 3,
        "Operating Income": -2,
        "EBIT": -1,
        "Net Income": -2
    },
    "2010-07-31": {
        "Diluted EPS": 0.43,
        "Total Revenue": 22,
        "Gross Profit": 12,
        "Operating Income": 9,
        "EBIT": 10,
        "Net Income": 5
    },
    "2010-04-30": {
        "Diluted EPS": 0.0,
        "Total Revenue": 13,
        "Gross Profit": 3,
        "Operating Income": 1,
        "EBIT": 2,
        "Net Income": 0
    },
    "2010-01-31": {
        "Diluted EPS": -0.28,
        "Total Revenue": 6,
        "Gross Profit": -1,
        "Operating Income": -5,
        "EBIT": -4,
        "Net Income": -3
    },
    "2009-10-31": {
        "Diluted EPS": 0.0,
        "Total Revenue": NaN,
        "Gross Profit": NaN,
        "Operating Income": NaN,
        "EBIT": NaN,
        "Net Income": NaN
    },
    "2009-07-31": {
        "Diluted EPS": 0.1,
        "Total Revenue": 13,
        "Gross Profit": 4,
        "Operating Income": 2,
        "EBIT": 3,
        "Net Income": 1
    },
    "2009-04-30": {
        "Diluted EPS": -0.09,
        "Total Revenue": 8,
        "Gross Profit": 0,
        "Operating Income": -2,
        "EBIT": -2,
        "Net Income": -1
    },
    "2023-07-31": {
        "Tax Effect Of Unusual Items": -358728.501229,
        "Tax Rate For Calcs": 0.232187,
        "Normalized EBITDA": 2177000.0,
        "Total Unusual Items": -1545000.0,
        "Total Unusual Items Excluding Goodwill": -1545000.0,
        "Net Income From Continuing Operation Net Minority Interest": -1163000.0,
        "Reconciled Depreciation": 2019000.0,
        "Reconciled Cost Of Revenue": 47879000.0,
        "EBITDA": 632000.0,
        "EBIT": -1387000.0,
        "Net Interest Income": -63000.0,
        "Interest Expense": 241000.0,
        "Interest Income": 178000.0,
        "Normalized Income": 23271.498771,
        "Net Income From Continuing And Discontinued Operation": -1163000.0,
        "Total Expenses": 52501000.0,
        "Total Operating Income As Reported": -1549000.0,
        "Diluted Average Shares": 17621000.0,
        "Basic Average Shares": 17621000.0,
        "Diluted EPS": -0.07,
        "Basic EPS": -0.07,
        "Diluted NI Availto Com Stockholders": -1315000.0,
        "Average Dilution Earnings": 0.0,
        "Net Income Common Stockholders": -1315000.0,
        "Otherunder Preferred Stock Dividend": 27000.0,
        "Preferred Stock Dividends": 125000.0,
        "Net Income": -1163000.0,
        "Minority Interests": 87000.0,
        "Net Income Including Noncontrolling Interests": -1250000.0,
        "Net Income Continuous Operations": -1250000.0,
        "Tax Provision": -378000.0,
        "Pretax Income": -1628000.0,
        "Other Income Expense": -1561000.0,
        "Other Non Operating Income Expenses": -215000.0,
        "Special Income Charges": -1545000.0,
        "Gain On Sale Of Ppe": -1545000.0,
        "Other Special Charges": NaN,
        "Impairment Of Capital Assets": 0.0,
        "Earnings From Equity Interest": 199000.0,
        "Net Non Operating Interest Income Expense": -63000.0,
        "Interest Expense Non Operating": 241000.0,
        "Interest Income Non Operating": 178000.0,
        "Operating Income": -4000.0,
        "Operating Expense": 4622000.0,
        "Selling General And Administration": 4622000.0,
        "Gross Profit": 4618000.0,
        "Cost Of Revenue": 47879000.0,
        "Total Revenue": 52497000.0,
        "Operating Revenue": 51092000.0
    },
    "2023-10-31": {
        "Tax Effect Of Unusual Items": -93536.357986,
        "Tax Rate For Calcs": 0.267247,
        "Normalized EBITDA": -2334000.0,
        "Total Unusual Items": -350000.0,
        "Total Unusual Items Excluding Goodwill": -350000.0,
        "Net Income From Continuing Operation Net Minority Interest": -3455000.0,
        "Reconciled Depreciation": 2066000.0,
        "Reconciled Cost Of Revenue": 44225000.0,
        "EBITDA": -2684000.0,
        "EBIT": -4750000.0,
        "Net Interest Income": 39000.0,
        "Interest Expense": 77000.0,
        "Interest Income": 116000.0,
        "Normalized Income": -3198536.357986,
        "Net Income From Continuing And Discontinued Operation": -3455000.0,
        "Total Expenses": 50773000.0,
        "Total Operating Income As Reported": -9690000.0,
        "Diluted Average Shares": 17622000.0,
        "Basic Average Shares": 17622000.0,
        "Diluted EPS": -0.2,
        "Basic EPS": -0.2,
        "Diluted NI Availto Com Stockholders": -3762000.0,
        "Average Dilution Earnings": -376000.0,
        "Net Income Common Stockholders": -3386000.0,
        "Otherunder Preferred Stock Dividend": NaN,
        "Preferred Stock Dividends": 125000.0,
        "Net Income": -3455000.0,
        "Minority Interests": 82000.0,
        "Net Income Including Noncontrolling Interests": -3537000.0,
        "Net Income Continuous Operations": -3537000.0,
        "Tax Provision": -1290000.0,
        "Pretax Income": -4827000.0,
        "Other Income Expense": 4474000.0,
        "Other Non Operating Income Expenses": 16000.0,
        "Special Income Charges": -350000.0,
        "Gain On Sale Of Ppe": -350000.0,
        "Other Special Charges": 0.0,
        "Impairment Of Capital Assets": NaN,
        "Earnings From Equity Interest": 4808000.0,
        "Net Non Operating Interest Income Expense": 39000.0,
        "Interest Expense Non Operating": 77000.0,
        "Interest Income Non Operating": 116000.0,
        "Operating Income": -9340000.0,
        "Operating Expense": 6548000.0,
        "Selling General And Administration": 6548000.0,
        "Gross Profit": -2792000.0,
        "Cost Of Revenue": 44225000.0,
        "Total Revenue": 41433000.0,
        "Operating Revenue": 40085000.0
    },
    "2024-01-31": {
        "Tax Effect Of Unusual Items": 34650.0,
        "Tax Rate For Calcs": 0.21,
        "Normalized EBITDA": -5767000.0,
        "Total Unusual Items": 165000.0,
        "Total Unusual Items Excluding Goodwill": 165000.0,
        "Net Income From Continuing Operation Net Minority Interest": -3585000.0,
        "Reconciled Depreciation": 2058000.0,
        "Reconciled Cost Of Revenue": 40296000.0,
        "EBITDA": -5602000.0,
        "EBIT": -7660000.0,
        "Net Interest Income": -185000.0,
        "Interest Expense": 207000.0,
        "Interest Income": 22000.0,
        "Normalized Income": -3715350.0,
        "Net Income From Continuing And Discontinued Operation": -3585000.0,
        "Total Expenses": 47641000.0,
        "Total Operating Income As Reported": -7745000.0,
        "Diluted Average Shares": 17627000.0,
        "Basic Average Shares": 17627000.0,
        "Diluted EPS": -0.21,
        "Basic EPS": -0.21,
        "Diluted NI Availto Com Stockholders": -3737000.0,
        "Average Dilution Earnings": 0.0,
        "Net Income Common Stockholders": -3737000.0,
        "Otherunder Preferred Stock Dividend": 27000.0,
        "Preferred Stock Dividends": 125000.0,
        "Net Income": -3585000.0,
        "Minority Interests": 92000.0,
        "Net Income Including Noncontrolling Interests": -3677000.0,
        "Net Income Continuous Operations": -3677000.0,
        "Tax Provision": -4190000.0,
        "Pretax Income": -7867000.0,
        "Other Income Expense": 228000.0,
        "Other Non Operating Income Expenses": 22000.0,
        "Special Income Charges": 165000.0,
        "Gain On Sale Of Ppe": 165000.0,
        "Other Special Charges": NaN,
        "Impairment Of Capital Assets": NaN,
        "Earnings From Equity Interest": 41000.0,
        "Net Non Operating Interest Income Expense": -185000.0,
        "Interest Expense Non Operating": 207000.0,
        "Interest Income Non Operating": 22000.0,
        "Operating Income": -7910000.0,
        "Operating Expense": 7345000.0,
        "Selling General And Administration": 7345000.0,
        "Gross Profit": -565000.0,
        "Cost Of Revenue": 40296000.0,
        "Total Revenue": 39731000.0,
        "Operating Revenue": 38339000.0
    },
    "2024-04-30": {
        "Tax Effect Of Unusual Items": -10080.0,
        "Tax Rate For Calcs": 0.21,
        "Normalized EBITDA": 14276000.0,
        "Total Unusual Items": -48000.0,
        "Total Unusual Items Excluding Goodwill": -48000.0,
        "Net Income From Continuing Operation Net Minority Interest": 6567000.0,
        "Reconciled Depreciation": 2100000.0,
        "Reconciled Cost Of Revenue": 41865000.0,
        "EBITDA": 14228000.0,
        "EBIT": 12128000.0,
        "Net Interest Income": -337000.0,
        "Interest Expense": 351000.0,
        "Interest Income": 14000.0,
        "Normalized Income": 6604920.0,
        "Net Income From Continuing And Discontinued Operation": 6567000.0,
        "Total Expenses": 49233000.0,
        "Total Operating Income As Reported": -4675000.0,
        "Diluted Average Shares": 18362000.0,
        "Basic Average Shares": 17707000.0,
        "Diluted EPS": 0.35,
        "Basic EPS": 0.36,
        "Diluted NI Availto Com Stockholders": 6466000.0,
        "Average Dilution Earnings": 126000.0,
        "Net Income Common Stockholders": 6340000.0,
        "Otherunder Preferred Stock Dividend": 101000.0,
        "Preferred Stock Dividends": 126000.0,
        "Net Income": 6567000.0,
        "Minority Interests": 12000.0,
        "Net Income Including Noncontrolling Interests": 6555000.0,
        "Net Income Continuous Operations": 6555000.0,
        "Tax Provision": 5222000.0,
        "Pretax Income": 11777000.0,
        "Other Income Expense": 16741000.0,
        "Other Non Operating Income Expenses": 197000.0,
        "Special Income Charges": -48000.0,
        "Gain On Sale Of Ppe": -48000.0,
        "Other Special Charges": NaN,
        "Impairment Of Capital Assets": NaN,
        "Earnings From Equity Interest": 16592000.0,
        "Net Non Operating Interest Income Expense": -337000.0,
        "Interest Expense Non Operating": 351000.0,
        "Interest Income Non Operating": 14000.0,
        "Operating Income": -4627000.0,
        "Operating Expense": 7368000.0,
        "Selling General And Administration": 7368000.0,
        "Gross Profit": 2741000.0,
        "Cost Of Revenue": 41865000.0,
        "Total Revenue": 44606000.0,
        "Operating Revenue": 43257000.0
    },
    "2024-07-31": {
        "Tax Effect Of Unusual Items": -206279.263671,
        "Tax Rate For Calcs": 0.326909,
        "Normalized EBITDA": 12254000.0,
        "Total Unusual Items": -631000.0,
        "Total Unusual Items Excluding Goodwill": -631000.0,
        "Net Income From Continuing Operation Net Minority Interest": 6593000.0,
        "Reconciled Depreciation": 2115000.0,
        "Reconciled Cost Of Revenue": 46687000.0,
        "EBITDA": 11623000.0,
        "EBIT": 9508000.0,
        "Net Interest Income": -246000.0,
        "Interest Expense": 273000.0,
        "Interest Income": 27000.0,
        "Normalized Income": 7017720.736329,
        "Net Income From Continuing And Discontinued Operation": 6593000.0,
        "Total Expenses": 53681000.0,
        "Total Operating Income As Reported": 8993000.0,
        "Diluted Average Shares": 18363000.0,
        "Basic Average Shares": 17756000.0,
        "Diluted EPS": 0.35,
        "Basic EPS": 0.36,
        "Diluted NI Availto Com Stockholders": 6498000.0,
        "Average Dilution Earnings": 125000.0,
        "Net Income Common Stockholders": 6373000.0,
        "Otherunder Preferred Stock Dividend": 95000.0,
        "Preferred Stock Dividends": 125000.0,
        "Net Income": 6593000.0,
        "Minority Interests": 377000.0,
        "Net Income Including Noncontrolling Interests": 6216000.0,
        "Net Income Continuous Operations": 6216000.0,
        "Tax Provision": 3019000.0,
        "Pretax Income": 9235000.0,
        "Other Income Expense": -143000.0,
        "Other Non Operating Income Expenses": 5000.0,
        "Special Income Charges": -631000.0,
        "Gain On Sale Of Ppe": 12000.0,
        "Other Special Charges": NaN,
        "Impairment Of Capital Assets": 643000.0,
        "Earnings From Equity Interest": 483000.0,
        "Net Non Operating Interest Income Expense": -246000.0,
        "Interest Expense Non Operating": 273000.0,
        "Interest Income Non Operating": 27000.0,
        "Operating Income": 9624000.0,
        "Operating Expense": 6994000.0,
        "Selling General And Administration": 6994000.0,
        "Gross Profit": 16618000.0,
        "Cost Of Revenue": 46687000.0,
        "Total Revenue": 63305000.0,
        "Operating Revenue": 61849000.0
    }
}