{
    "2022-09-30": {
        "Tax Effect Of Unusual Items": NaN,
        "Tax Rate For Calcs": NaN,
        "Normalized EBITDA": NaN,
        "Total Unusual Items": NaN,
        "Total Unusual Items Excluding Goodwill": NaN,
        "Net Income From Continuing Operation Net Minority Interest": NaN,
        "Reconciled Depreciation": NaN,
        "Reconciled Cost Of Revenue": NaN,
        "EBITDA": NaN,
        "EBIT": NaN,
        "Net Interest Income": NaN,
        "Interest Expense": NaN,
        "Interest Income": NaN,
        "Normalized Income": NaN,
        "Net Income From Continuing And Discontinued Operation": NaN,
        "Total Expenses": NaN,
        "Rent Expense Supplemental": NaN,
        "Diluted Average Shares": NaN,
        "Basic Average Shares": NaN,
        "Diluted EPS": NaN,
        "Basic EPS": NaN,
        "Diluted NI Availto Com Stockholders": NaN,
        "Net Income Common Stockholders": NaN,
        "Net Income": NaN,
        "Net Income Including Noncontrolling Interests": NaN,
        "Net Income Continuous Operations": NaN,
        "Tax Provision": NaN,
        "Pretax Income": NaN,
        "Other Income Expense": NaN,
        "Other Non Operating Income Expenses": 3853000.0,
        "Special Income Charges": NaN,
        "Gain On Sale Of Ppe": NaN,
        "Other Special Charges": NaN,
        "Write Off": 11294000.0,
        "Restructuring And Mergern Acquisition": 1298000.0,
        "Earnings From Equity Interest": 0.0,
        "Gain On Sale Of Security": NaN,
        "Net Non Operating Interest Income Expense": NaN,
        "Total Other Finance Cost": NaN,
        "Interest Expense Non Operating": NaN,
        "Interest Income Non Operating": NaN,
        "Operating Income": NaN,
        "Operating Expense": NaN,
        "Other Operating Expenses": NaN,
        "Other Taxes": NaN,
        "Provision For Doubtful Accounts": 0.0,
        "Depreciation Amortization Depletion Income Statement": NaN,
        "Depreciation And Amortization In Income Statement": NaN,
        "Selling General And Administration": NaN,
        "Selling And Marketing Expense": NaN,
        "General And Administrative Expense": NaN,
        "Other Gand A": NaN,
        "Insurance And Claims": NaN,
        "Rent And Landing Fees": NaN,
        "Salaries And Wages": NaN,
        "Gross Profit": NaN,
        "Cost Of Revenue": NaN,
        "Total Revenue": NaN,
        "Operating Revenue": NaN
    },
    "2022-06-30": {
        "Tax Effect Of Unusual Items": -3122800.0,
        "Tax Rate For Calcs": 0.4,
        "Normalized EBITDA": 44812000.0,
        "Total Unusual Items": -7807000.0,
        "Total Unusual Items Excluding Goodwill": -7807000.0,
        "Net Income From Continuing Operation Net Minority Interest": 31111000.0,
        "Reconciled Depreciation": -19656000.0,
        "Reconciled Cost Of Revenue": 237587000.0,
        "EBITDA": 37005000.0,
        "EBIT": 37005000.0,
        "Net Interest Income": 32460000.0,
        "Interest Expense": 15080000.0,
        "Interest Income": 16381000.0,
        "Normalized Income": 35795200.0,
        "Net Income From Continuing And Discontinued Operation": 31111000.0,
        "Total Expenses": 288233000.0,
        "Rent Expense Supplemental": NaN,
        "Diluted Average Shares": 98843510.0,
        "Basic Average Shares": 88479138.0,
        "Diluted EPS": 0.31475,
        "Basic EPS": 0.4818,
        "Diluted NI Availto Com Stockholders": 31111000.0,
        "Net Income Common Stockholders": 31111000.0,
        "Net Income": 31111000.0,
        "Net Income Including Noncontrolling Interests": 31111000.0,
        "Net Income Continuous Operations": 31111000.0,
        "Tax Provision": -9186000.0,
        "Pretax Income": 21925000.0,
        "Other Income Expense": -7838000.0,
        "Other Non Operating Income Expenses": NaN,
        "Special Income Charges": NaN,
        "Gain On Sale Of Ppe": NaN,
        "Other Special Charges": NaN,
        "Write Off": NaN,
        "Restructuring And Mergern Acquisition": NaN,
        "Gain On Sale Of Security": -21954000.0,
        "Net Non Operating Interest Income Expense": 32460000.0,
        "Total Other Finance Cost": -31159000.0,
        "Interest Expense Non Operating": 15080000.0,
        "Interest Income Non Operating": 16381000.0,
        "Operating Income": -2697000.0,
        "Operating Expense": 50646000.0,
        "Other Operating Expenses": 13548000.0,
        "Provision For Doubtful Accounts": NaN,
        "Depreciation Amortization Depletion Income Statement": NaN,
        "Depreciation And Amortization In Income Statement": NaN,
        "Selling General And Administration": 37098000.0,
        "Selling And Marketing Expense": 17201000.0,
        "General And Administrative Expense": 19897000.0,
        "Other Gand A": 19897000.0,
        "Rent And Landing Fees": NaN,
        "Salaries And Wages": NaN,
        "Gross Profit": 47949000.0,
        "Cost Of Revenue": 237587000.0,
        "Total Revenue": 285536000.0,
        "Operating Revenue": 286664000.0
    },
    "2023-03-31": {
        "Tax Effect Of Unusual Items": NaN,
        "Tax Rate For Calcs": NaN,
        "Normalized EBITDA": NaN,
        "Total Unusual Items": NaN,
        "Total Unusual Items Excluding Goodwill": NaN,
        "Net Income From Continuing Operation Net Minority Interest": NaN,
        "Reconciled Depreciation": NaN,
        "Reconciled Cost Of Revenue": NaN,
        "EBITDA": NaN,
        "EBIT": NaN,
        "Net Interest Income": NaN,
        "Interest Expense": NaN,
        "Interest Income": NaN,
        "Normalized Income": NaN,
        "Net Income From Continuing And Discontinued Operation": NaN,
        "Total Expenses": NaN,
        "Rent Expense Supplemental": NaN,
        "Diluted Average Shares": NaN,
        "Basic Average Shares": NaN,
        "Diluted EPS": NaN,
        "Basic EPS": NaN,
        "Diluted NI Availto Com Stockholders": NaN,
        "Net Income Common Stockholders": NaN,
        "Net Income": NaN,
        "Net Income Including Noncontrolling Interests": NaN,
        "Net Income Continuous Operations": NaN,
        "Tax Provision": NaN,
        "Pretax Income": NaN,
        "Other Income Expense": NaN,
        "Other Non Operating Income Expenses": NaN,
        "Special Income Charges": NaN,
        "Gain On Sale Of Ppe": NaN,
        "Other Special Charges": NaN,
        "Write Off": NaN,
        "Restructuring And Mergern Acquisition": NaN,
        "Earnings From Equity Interest": NaN,
        "Gain On Sale Of Security": NaN,
        "Net Non Operating Interest Income Expense": NaN,
        "Total Other Finance Cost": NaN,
        "Interest Expense Non Operating": NaN,
        "Interest Income Non Operating": NaN,
        "Operating Income": NaN,
        "Operating Expense": NaN,
        "Other Operating Expenses": NaN,
        "Other Taxes": 534000.0,
        "Provision For Doubtful Accounts": -95000.0,
        "Depreciation Amortization Depletion Income Statement": NaN,
        "Depreciation And Amortization In Income Statement": NaN,
        "Selling General And Administration": NaN,
        "Selling And Marketing Expense": NaN,
        "General And Administrative Expense": NaN,
        "Other Gand A": NaN,
        "Insurance And Claims": 305000.0,
        "Rent And Landing Fees": NaN,
        "Salaries And Wages": NaN,
        "Gross Profit": NaN,
        "Cost Of Revenue": NaN,
        "Total Revenue": NaN,
        "Operating Revenue": NaN
    },
    "2022-12-31": {
        "Tax Effect Of Unusual Items": 5035740.0,
        "Tax Rate For Calcs": 0.34,
        "Normalized EBITDA": -13499000.0,
        "Total Unusual Items": 14811000.0,
        "Total Unusual Items Excluding Goodwill": 14811000.0,
        "Net Income From Continuing Operation Net Minority Interest": -12881000.0,
        "Reconciled Depreciation": 19622000.0,
        "Reconciled Cost Of Revenue": 148137000.0,
        "EBITDA": 1312000.0,
        "EBIT": -18310000.0,
        "Net Interest Income": -31039000.0,
        "Interest Expense": 10577000.0,
        "Interest Income": 822000.0,
        "Normalized Income": -22656260.0,
        "Net Income From Continuing And Discontinued Operation": -12881000.0,
        "Total Expenses": 197790000.0,
        "Rent Expense Supplemental": 4125000.0,
        "Diluted Average Shares": 102377008.0,
        "Basic Average Shares": 102377008.0,
        "Diluted EPS": -0.1258,
        "Basic EPS": -0.1258,
        "Diluted NI Availto Com Stockholders": -12881000.0,
        "Net Income Common Stockholders": -12881000.0,
        "Net Income": -12881000.0,
        "Net Income Including Noncontrolling Interests": -12881000.0,
        "Net Income Continuous Operations": -12881000.0,
        "Tax Provision": -16006000.0,
        "Pretax Income": -28887000.0,
        "Other Income Expense": 14811000.0,
        "Other Non Operating Income Expenses": NaN,
        "Special Income Charges": 30481000.0,
        "Gain On Sale Of Ppe": -1049000.0,
        "Other Special Charges": -6160000.0,
        "Write Off": -25370000.0,
        "Restructuring And Mergern Acquisition": NaN,
        "Earnings From Equity Interest": 0.0,
        "Gain On Sale Of Security": -15670000.0,
        "Net Non Operating Interest Income Expense": -31039000.0,
        "Total Other Finance Cost": 21284000.0,
        "Interest Expense Non Operating": 10577000.0,
        "Interest Income Non Operating": 822000.0,
        "Operating Income": -12660000.0,
        "Operating Expense": 30347000.0,
        "Other Operating Expenses": 3475000.0,
        "Other Taxes": 838000.0,
        "Provision For Doubtful Accounts": NaN,
        "Depreciation Amortization Depletion Income Statement": 316000.0,
        "Depreciation And Amortization In Income Statement": 316000.0,
        "Selling General And Administration": 25718000.0,
        "Selling And Marketing Expense": 10161000.0,
        "General And Administrative Expense": 15557000.0,
        "Other Gand A": 4275000.0,
        "Insurance And Claims": 272000.0,
        "Rent And Landing Fees": 182000.0,
        "Salaries And Wages": 10828000.0,
        "Gross Profit": 17687000.0,
        "Cost Of Revenue": 167443000.0,
        "Total Revenue": 185130000.0,
        "Operating Revenue": 183645000.0
    },
    "2022-03-31": {
        "Diluted EPS": 0.15,
        "Total Revenue": 73,
        "Gross Profit": 38,
        "Operating Income": 35,
        "EBIT": 42,
        "Net Income": 16
    },
    "2021-12-31": {
        "Diluted EPS": 0.52,
        "Total Revenue": 119,
        "Gross Profit": 71,
        "Operating Income": 67,
        "EBIT": 70,
        "Net Income": 54
    },
    "2021-09-30": {
        "Diluted EPS": 0.2,
        "Total Revenue": 103,
        "Gross Profit": 25,
        "Operating Income": 24,
        "EBIT": 33,
        "Net Income": 21
    },
    "2021-06-30": {
        "Diluted EPS": 0.4,
        "Total Revenue": 77,
        "Gross Profit": 23,
        "Operating Income": 15,
        "EBIT": 15,
        "Net Income": 24
    },
    "2021-03-31": {
        "Diluted EPS": 0.27,
        "Total Revenue": 66,
        "Gross Profit": 42,
        "Operating Income": 39,
        "EBIT": 39,
        "Net Income": 25
    },
    "2020-12-31": {
        "Diluted EPS": -0.07,
        "Total Revenue": 31,
        "Gross Profit": 13,
        "Operating Income": 9,
        "EBIT": 11,
        "Net Income": -4
    },
    "2020-09-30": {
        "Diluted EPS": 0.23,
        "Total Revenue": 52,
        "Gross Profit": 14,
        "Operating Income": 11,
        "EBIT": 16,
        "Net Income": 14
    },
    "2020-06-30": {
        "Diluted EPS": 0.13,
        "Total Revenue": 44,
        "Gross Profit": 11,
        "Operating Income": 7,
        "EBIT": 16,
        "Net Income": 6
    },
    "2020-03-31": {
        "Diluted EPS": 0.07,
        "Total Revenue": 27,
        "Gross Profit": 10,
        "Operating Income": 8,
        "EBIT": 8,
        "Net Income": 6
    },
    "2019-12-31": {
        "Diluted EPS": 0.09,
        "Total Revenue": 32,
        "Gross Profit": 13,
        "Operating Income": 10,
        "EBIT": 12,
        "Net Income": 5
    },
    "2019-09-30": {
        "Diluted EPS": 0.18,
        "Total Revenue": 56,
        "Gross Profit": 15,
        "Operating Income": 12,
        "EBIT": 15,
        "Net Income": 10
    },
    "2019-06-30": {
        "Diluted EPS": 0.22,
        "Total Revenue": 43,
        "Gross Profit": 11,
        "Operating Income": 192,
        "EBIT": 192,
        "Net Income": 10
    },
    "2019-03-31": {
        "Diluted EPS": 0.02,
        "Total Revenue": 8,
        "Gross Profit": 5,
        "Operating Income": 2,
        "EBIT": 3,
        "Net Income": 1
    },
    "2018-12-31": {
        "Diluted EPS": -0.0,
        "Total Revenue": 24,
        "Gross Profit": 9,
        "Operating Income": -179,
        "EBIT": -177,
        "Net Income": 0
    },
    "2018-09-30": {
        "Diluted EPS": 0.61,
        "Total Revenue": 69,
        "Gross Profit": 36,
        "Operating Income": 33,
        "EBIT": 36,
        "Net Income": 35
    },
    "2018-06-30": {
        "Diluted EPS": 0.24,
        "Total Revenue": 45,
        "Gross Profit": 17,
        "Operating Income": 12,
        "EBIT": 13,
        "Net Income": 11
    },
    "2018-03-31": {
        "Diluted EPS": 0.29,
        "Total Revenue": 16,
        "Gross Profit": 11,
        "Operating Income": 24,
        "EBIT": 24,
        "Net Income": 17
    },
    "2017-12-31": {
        "Diluted EPS": 0.06,
        "Total Revenue": 24,
        "Gross Profit": 9,
        "Operating Income": 6,
        "EBIT": 9,
        "Net Income": 4
    },
    "2017-09-30": {
        "Diluted EPS": 0.11,
        "Total Revenue": 31,
        "Gross Profit": 10,
        "Operating Income": 7,
        "EBIT": 10,
        "Net Income": 6
    },
    "2017-06-30": {
        "Diluted EPS": 0.11,
        "Total Revenue": 33,
        "Gross Profit": 9,
        "Operating Income": 3,
        "EBIT": 6,
        "Net Income": 7
    },
    "2017-03-31": {
        "Diluted EPS": 0.03,
        "Total Revenue": 5,
        "Gross Profit": 2,
        "Operating Income": 0,
        "EBIT": 0,
        "Net Income": 1
    },
    "2016-12-31": {
        "Diluted EPS": -0.01,
        "Total Revenue": 6,
        "Gross Profit": 2,
        "Operating Income": -1,
        "EBIT": -1,
        "Net Income": 0
    },
    "2016-09-30": {
        "Diluted EPS": 0.02,
        "Total Revenue": 13,
        "Gross Profit": 1,
        "Operating Income": -2,
        "EBIT": -1,
        "Net Income": 1
    },
    "2016-06-30": {
        "Diluted EPS": 0.0,
        "Total Revenue": NaN,
        "Gross Profit": NaN,
        "Operating Income": NaN,
        "EBIT": NaN,
        "Net Income": NaN
    },
    "2013-03-31": {
        "Diluted EPS": -0.04,
        "Total Revenue": 9,
        "Gross Profit": -2,
        "Operating Income": -5,
        "EBIT": -5,
        "Net Income": -2
    },
    "2023-06-30": {
        "Tax Effect Of Unusual Items": NaN,
        "Tax Rate For Calcs": NaN,
        "Normalized EBITDA": NaN,
        "Total Unusual Items": NaN,
        "Total Unusual Items Excluding Goodwill": NaN,
        "Net Income From Continuing Operation Net Minority Interest": NaN,
        "Reconciled Depreciation": NaN,
        "Reconciled Cost Of Revenue": NaN,
        "EBITDA": NaN,
        "EBIT": NaN,
        "Net Interest Income": NaN,
        "Interest Expense": NaN,
        "Interest Income": NaN,
        "Normalized Income": NaN,
        "Net Income From Continuing And Discontinued Operation": NaN,
        "Total Expenses": NaN,
        "Rent Expense Supplemental": NaN,
        "Diluted Average Shares": 102377008.0,
        "Basic Average Shares": 102377008.0,
        "Diluted EPS": 2.3707,
        "Basic EPS": 2.3707,
        "Diluted NI Availto Com Stockholders": NaN,
        "Net Income Common Stockholders": NaN,
        "Net Income": NaN,
        "Net Income Including Noncontrolling Interests": NaN,
        "Net Income Continuous Operations": NaN,
        "Tax Provision": NaN,
        "Pretax Income": NaN,
        "Other Income Expense": NaN,
        "Other Non Operating Income Expenses": NaN,
        "Special Income Charges": NaN,
        "Gain On Sale Of Ppe": NaN,
        "Other Special Charges": NaN,
        "Write Off": NaN,
        "Restructuring And Mergern Acquisition": -6212000.0,
        "Earnings From Equity Interest": NaN,
        "Gain On Sale Of Security": NaN,
        "Net Non Operating Interest Income Expense": NaN,
        "Total Other Finance Cost": NaN,
        "Interest Expense Non Operating": NaN,
        "Interest Income Non Operating": NaN,
        "Operating Income": NaN,
        "Operating Expense": NaN,
        "Other Operating Expenses": NaN,
        "Other Taxes": NaN,
        "Provision For Doubtful Accounts": -2000.0,
        "Depreciation Amortization Depletion Income Statement": NaN,
        "Depreciation And Amortization In Income Statement": NaN,
        "Selling General And Administration": NaN,
        "Selling And Marketing Expense": NaN,
        "General And Administrative Expense": NaN,
        "Other Gand A": NaN,
        "Insurance And Claims": NaN,
        "Rent And Landing Fees": NaN,
        "Salaries And Wages": NaN,
        "Gross Profit": NaN,
        "Cost Of Revenue": NaN,
        "Total Revenue": NaN,
        "Operating Revenue": NaN
    },
    "2023-12-31": {
        "Tax Effect Of Unusual Items": 11580060.0,
        "Tax Rate For Calcs": 0.34,
        "Normalized EBITDA": -13897000.0,
        "Total Unusual Items": 34059000.0,
        "Total Unusual Items Excluding Goodwill": 34059000.0,
        "Net Income From Continuing Operation Net Minority Interest": -5822000.0,
        "Reconciled Depreciation": 8564000.0,
        "Reconciled Cost Of Revenue": 148333000.0,
        "EBITDA": 20162000.0,
        "EBIT": 11598000.0,
        "Net Interest Income": -8151000.0,
        "Interest Expense": 14856000.0,
        "Interest Income": 867000.0,
        "Normalized Income": -28300940.0,
        "Net Income From Continuing And Discontinued Operation": -5822000.0,
        "Total Expenses": 182936000.0,
        "Rent Expense Supplemental": 776000.0,
        "Diluted Average Shares": 102683444.0,
        "Basic Average Shares": 102683444.0,
        "Diluted EPS": -0.0567,
        "Basic EPS": -0.0567,
        "Diluted NI Availto Com Stockholders": -5822000.0,
        "Net Income Common Stockholders": -5822000.0,
        "Net Income": -5822000.0,
        "Net Income Including Noncontrolling Interests": -5822000.0,
        "Net Income Continuous Operations": -5822000.0,
        "Tax Provision": 2564000.0,
        "Pretax Income": -3258000.0,
        "Other Income Expense": 34059000.0,
        "Other Non Operating Income Expenses": NaN,
        "Special Income Charges": -59000.0,
        "Gain On Sale Of Ppe": 96000.0,
        "Other Special Charges": 155000.0,
        "Write Off": 967000.0,
        "Restructuring And Mergern Acquisition": NaN,
        "Earnings From Equity Interest": 0.0,
        "Gain On Sale Of Security": 34118000.0,
        "Net Non Operating Interest Income Expense": -8151000.0,
        "Total Other Finance Cost": -5838000.0,
        "Interest Expense Non Operating": 14856000.0,
        "Interest Income Non Operating": 867000.0,
        "Operating Income": -29166000.0,
        "Operating Expense": 26298000.0,
        "Other Operating Expenses": 3559000.0,
        "Other Taxes": 714000.0,
        "Provision For Doubtful Accounts": NaN,
        "Depreciation Amortization Depletion Income Statement": 259000.0,
        "Depreciation And Amortization In Income Statement": 259000.0,
        "Selling General And Administration": 21766000.0,
        "Selling And Marketing Expense": 6480000.0,
        "General And Administrative Expense": 15286000.0,
        "Other Gand A": 4359000.0,
        "Insurance And Claims": 211000.0,
        "Rent And Landing Fees": 261000.0,
        "Salaries And Wages": 10455000.0,
        "Gross Profit": -2868000.0,
        "Cost Of Revenue": 156638000.0,
        "Total Revenue": 153770000.0,
        "Operating Revenue": 154149000.0
    },
    "2024-03-31": {
        "Tax Effect Of Unusual Items": 735075.448536,
        "Tax Rate For Calcs": 0.051086,
        "Normalized EBITDA": -13926000.0,
        "Total Unusual Items": 14389000.0,
        "Total Unusual Items Excluding Goodwill": 14389000.0,
        "Net Income From Continuing Operation Net Minority Interest": -30147000.0,
        "Reconciled Depreciation": 12033000.0,
        "Reconciled Cost Of Revenue": 92058000.0,
        "EBITDA": 463000.0,
        "EBIT": -11570000.0,
        "Net Interest Income": -34804000.0,
        "Interest Expense": 20200000.0,
        "Interest Income": 5109000.0,
        "Normalized Income": -43800924.551464,
        "Net Income From Continuing And Discontinued Operation": -30147000.0,
        "Total Expenses": 132574000.0,
        "Rent Expense Supplemental": 588000.0,
        "Diluted Average Shares": 102683444.0,
        "Basic Average Shares": 102683444.0,
        "Diluted EPS": -0.2936,
        "Basic EPS": -0.2936,
        "Diluted NI Availto Com Stockholders": -30147000.0,
        "Net Income Common Stockholders": -30147000.0,
        "Net Income": -30147000.0,
        "Net Income Including Noncontrolling Interests": -30147000.0,
        "Net Income Continuous Operations": -30147000.0,
        "Tax Provision": -1623000.0,
        "Pretax Income": -31770000.0,
        "Other Income Expense": 13827000.0,
        "Other Non Operating Income Expenses": -562000.0,
        "Special Income Charges": 49000.0,
        "Gain On Sale Of Ppe": -12000.0,
        "Other Special Charges": -61000.0,
        "Write Off": NaN,
        "Restructuring And Mergern Acquisition": 0.0,
        "Earnings From Equity Interest": NaN,
        "Gain On Sale Of Security": 14340000.0,
        "Net Non Operating Interest Income Expense": -34804000.0,
        "Total Other Finance Cost": 19713000.0,
        "Interest Expense Non Operating": 20200000.0,
        "Interest Income Non Operating": 5109000.0,
        "Operating Income": -10793000.0,
        "Operating Expense": 28896000.0,
        "Other Operating Expenses": -539000.0,
        "Other Taxes": 533000.0,
        "Provision For Doubtful Accounts": 65000.0,
        "Depreciation Amortization Depletion Income Statement": 413000.0,
        "Depreciation And Amortization In Income Statement": 413000.0,
        "Selling General And Administration": 28424000.0,
        "Selling And Marketing Expense": 14847000.0,
        "General And Administrative Expense": 13577000.0,
        "Other Gand A": 4108000.0,
        "Insurance And Claims": 230000.0,
        "Rent And Landing Fees": 86000.0,
        "Salaries And Wages": 9153000.0,
        "Gross Profit": 18103000.0,
        "Cost Of Revenue": 103678000.0,
        "Total Revenue": 121781000.0,
        "Operating Revenue": 121943000.0
    },
    "2024-06-30": {
        "Tax Effect Of Unusual Items": -25671020.0,
        "Tax Rate For Calcs": 0.34,
        "Normalized EBITDA": 327912000.0,
        "Total Unusual Items": -75503000.0,
        "Total Unusual Items Excluding Goodwill": -75503000.0,
        "Net Income From Continuing Operation Net Minority Interest": 232851000.0,
        "Reconciled Depreciation": 27915000.0,
        "Reconciled Cost Of Revenue": 165481000.0,
        "EBITDA": 252409000.0,
        "EBIT": 224494000.0,
        "Net Interest Income": 30693000.0,
        "Interest Expense": 19827000.0,
        "Interest Income": 5135000.0,
        "Normalized Income": 282682980.0,
        "Net Income From Continuing And Discontinued Operation": 232851000.0,
        "Total Expenses": 223510000.0,
        "Rent Expense Supplemental": 26050000.0,
        "Diluted Average Shares": NaN,
        "Basic Average Shares": NaN,
        "Diluted EPS": NaN,
        "Basic EPS": NaN,
        "Diluted NI Availto Com Stockholders": 232851000.0,
        "Net Income Common Stockholders": 232851000.0,
        "Net Income": 232851000.0,
        "Net Income Including Noncontrolling Interests": 232851000.0,
        "Net Income Continuous Operations": 232851000.0,
        "Tax Provision": -28184000.0,
        "Pretax Income": 204667000.0,
        "Other Income Expense": -74999000.0,
        "Other Non Operating Income Expenses": NaN,
        "Special Income Charges": -9852000.0,
        "Gain On Sale Of Ppe": -6509000.0,
        "Other Special Charges": 1484000.0,
        "Write Off": NaN,
        "Restructuring And Mergern Acquisition": 1859000.0,
        "Earnings From Equity Interest": NaN,
        "Gain On Sale Of Security": -65651000.0,
        "Net Non Operating Interest Income Expense": 30693000.0,
        "Total Other Finance Cost": -45385000.0,
        "Interest Expense Non Operating": 19827000.0,
        "Interest Income Non Operating": 5135000.0,
        "Operating Income": 248973000.0,
        "Operating Expense": 30499000.0,
        "Other Operating Expenses": 10431000.0,
        "Other Taxes": NaN,
        "Provision For Doubtful Accounts": NaN,
        "Depreciation Amortization Depletion Income Statement": 385000.0,
        "Depreciation And Amortization In Income Statement": 385000.0,
        "Selling General And Administration": 23837000.0,
        "Selling And Marketing Expense": 8671000.0,
        "General And Administrative Expense": 15166000.0,
        "Other Gand A": -1460000.0,
        "Insurance And Claims": NaN,
        "Rent And Landing Fees": 126000.0,
        "Salaries And Wages": 17168000.0,
        "Gross Profit": 279472000.0,
        "Cost Of Revenue": 193011000.0,
        "Total Revenue": 472483000.0,
        "Operating Revenue": 479388000.0
    },
    "2024-09-30": {
        "Tax Effect Of Unusual Items": 521936.604681,
        "Tax Rate For Calcs": 0.023036,
        "Normalized EBITDA": 136200000.0,
        "Total Unusual Items": 22657000.0,
        "Total Unusual Items Excluding Goodwill": 22657000.0,
        "Net Income From Continuing Operation Net Minority Interest": 97457000.0,
        "Reconciled Depreciation": 41106000.0,
        "Reconciled Cost Of Revenue": 277323000.0,
        "EBITDA": 158857000.0,
        "EBIT": 117751000.0,
        "Net Interest Income": -24331000.0,
        "Interest Expense": 17996000.0,
        "Interest Income": 6310000.0,
        "Normalized Income": 75321936.604681,
        "Net Income From Continuing And Discontinued Operation": 97457000.0,
        "Total Expenses": 351144000.0,
        "Rent Expense Supplemental": 747000.0,
        "Diluted Average Shares": 102683444.0,
        "Basic Average Shares": 102683444.0,
        "Diluted EPS": 0.9491,
        "Basic EPS": 0.9491,
        "Diluted NI Availto Com Stockholders": 97457000.0,
        "Net Income Common Stockholders": 97457000.0,
        "Net Income": 97457000.0,
        "Net Income Including Noncontrolling Interests": 97457000.0,
        "Net Income Continuous Operations": 97457000.0,
        "Tax Provision": 2298000.0,
        "Pretax Income": 99755000.0,
        "Other Income Expense": 22657000.0,
        "Other Non Operating Income Expenses": NaN,
        "Special Income Charges": -1446000.0,
        "Gain On Sale Of Ppe": -161000.0,
        "Other Special Charges": -145000.0,
        "Write Off": NaN,
        "Restructuring And Mergern Acquisition": 1430000.0,
        "Earnings From Equity Interest": NaN,
        "Gain On Sale Of Security": 24103000.0,
        "Net Non Operating Interest Income Expense": -24331000.0,
        "Total Other Finance Cost": 12645000.0,
        "Interest Expense Non Operating": 17996000.0,
        "Interest Income Non Operating": 6310000.0,
        "Operating Income": 101430000.0,
        "Operating Expense": 33250000.0,
        "Other Operating Expenses": 1487000.0,
        "Other Taxes": 3041000.0,
        "Provision For Doubtful Accounts": 16000.0,
        "Depreciation Amortization Depletion Income Statement": 535000.0,
        "Depreciation And Amortization In Income Statement": 535000.0,
        "Selling General And Administration": 28171000.0,
        "Selling And Marketing Expense": 13579000.0,
        "General And Administrative Expense": 14592000.0,
        "Other Gand A": 4136000.0,
        "Insurance And Claims": 215000.0,
        "Rent And Landing Fees": 238000.0,
        "Salaries And Wages": 10003000.0,
        "Gross Profit": 134680000.0,
        "Cost Of Revenue": 317894000.0,
        "Total Revenue": 452574000.0,
        "Operating Revenue": 459627000.0
    },
    "2023-09-30": {
        "Tax Effect Of Unusual Items": -1397400.0,
        "Tax Rate For Calcs": 0.34,
        "Normalized EBITDA": 69763000.0,
        "Total Unusual Items": -4110000.0,
        "Total Unusual Items Excluding Goodwill": -4110000.0,
        "Net Income From Continuing Operation Net Minority Interest": 29985000.0,
        "Reconciled Depreciation": 31663000.0,
        "Reconciled Cost Of Revenue": 222366000.0,
        "EBITDA": 65653000.0,
        "EBIT": 33990000.0,
        "Net Interest Income": 41714000.0,
        "Interest Expense": 12114000.0,
        "Interest Income": 12813000.0,
        "Normalized Income": 32697600.0,
        "Net Income From Continuing And Discontinued Operation": 29985000.0,
        "Total Expenses": 286529000.0,
        "Rent Expense Supplemental": 789000.0,
        "Diluted Average Shares": 102377008.0,
        "Basic Average Shares": 102377008.0,
        "Diluted EPS": 0.2929,
        "Basic EPS": 0.2929,
        "Diluted NI Availto Com Stockholders": 29985000.0,
        "Net Income Common Stockholders": 29985000.0,
        "Net Income": 29985000.0,
        "Net Income Including Noncontrolling Interests": 29985000.0,
        "Net Income Continuous Operations": 29985000.0,
        "Tax Provision": -8109000.0,
        "Pretax Income": 21876000.0,
        "Other Income Expense": -4110000.0,
        "Other Non Operating Income Expenses": NaN,
        "Special Income Charges": 746000.0,
        "Gain On Sale Of Ppe": 426000.0,
        "Other Special Charges": -320000.0,
        "Write Off": NaN,
        "Restructuring And Mergern Acquisition": 0.0,
        "Earnings From Equity Interest": NaN,
        "Gain On Sale Of Security": -4856000.0,
        "Net Non Operating Interest Income Expense": 41714000.0,
        "Total Other Finance Cost": -41015000.0,
        "Interest Expense Non Operating": 12114000.0,
        "Interest Income Non Operating": 12813000.0,
        "Operating Income": -15730000.0,
        "Operating Expense": 32913000.0,
        "Other Operating Expenses": 1964000.0,
        "Other Taxes": 2842000.0,
        "Provision For Doubtful Accounts": 0.0,
        "Depreciation Amortization Depletion Income Statement": 413000.0,
        "Depreciation And Amortization In Income Statement": 413000.0,
        "Selling General And Administration": 27694000.0,
        "Selling And Marketing Expense": 15149000.0,
        "General And Administrative Expense": 12545000.0,
        "Other Gand A": 2814000.0,
        "Insurance And Claims": 228000.0,
        "Rent And Landing Fees": 163000.0,
        "Salaries And Wages": 9340000.0,
        "Gross Profit": 17183000.0,
        "Cost Of Revenue": 253616000.0,
        "Total Revenue": 270799000.0,
        "Operating Revenue": 278584000.0
    }
}