{
    "2023-09-30": {
        "Tax Effect Of Unusual Items": -169892.249527,
        "Tax Rate For Calcs": 0.218652,
        "Total Unusual Items": -777000.0,
        "Total Unusual Items Excluding Goodwill": -777000.0,
        "Net Income From Continuing Operation Net Minority Interest": 1240000.0,
        "Reconciled Depreciation": 322000.0,
        "Net Interest Income": 8352000.0,
        "Interest Expense": 6426000.0,
        "Interest Income": 14778000.0,
        "Normalized Income": 1847107.750473,
        "Net Income From Continuing And Discontinued Operation": 1240000.0,
        "Diluted Average Shares": 16235144.0,
        "Basic Average Shares": 16235144.0,
        "Diluted EPS": 0.08,
        "Basic EPS": 0.08,
        "Diluted NI Availto Com Stockholders": 1240000.0,
        "Net Income Common Stockholders": 1240000.0,
        "Net Income": 1240000.0,
        "Net Income Including Noncontrolling Interests": 1240000.0,
        "Net Income Continuous Operations": 1240000.0,
        "Tax Provision": 347000.0,
        "Pretax Income": 1587000.0,
        "Special Income Charges": -777000.0,
        "Restructuring And Mergern Acquisition": 777000.0,
        "Gain On Sale Of Security": 0.0,
        "Depreciation Amortization Depletion Income Statement": 59000.0,
        "Depreciation And Amortization In Income Statement": 59000.0,
        "Amortization": 59000.0,
        "Amortization Of Intangibles Income Statement": 59000.0,
        "Selling General And Administration": 4546000.0,
        "Selling And Marketing Expense": 77000.0,
        "General And Administrative Expense": 4469000.0,
        "Insurance And Claims": 276000.0,
        "Salaries And Wages": 4193000.0,
        "Total Revenue": 9232000.0,
        "Operating Revenue": 9232000.0,
        "Occupancy And Equipment": 1635000.0,
        "Professional Expense And Contract Services Expense": 363000.0,
        "Other Non Interest Expense": 614000.0
    },
    "2023-06-30": {
        "Tax Effect Of Unusual Items": NaN,
        "Tax Rate For Calcs": NaN,
        "Total Unusual Items": NaN,
        "Total Unusual Items Excluding Goodwill": NaN,
        "Net Income From Continuing Operation Net Minority Interest": NaN,
        "Reconciled Depreciation": NaN,
        "Net Interest Income": NaN,
        "Interest Expense": NaN,
        "Interest Income": NaN,
        "Normalized Income": NaN,
        "Net Income From Continuing And Discontinued Operation": NaN,
        "Diluted Average Shares": NaN,
        "Basic Average Shares": NaN,
        "Diluted EPS": NaN,
        "Basic EPS": NaN,
        "Diluted NI Availto Com Stockholders": NaN,
        "Net Income Common Stockholders": NaN,
        "Net Income": NaN,
        "Net Income Including Noncontrolling Interests": NaN,
        "Net Income Continuous Operations": NaN,
        "Tax Provision": NaN,
        "Pretax Income": NaN,
        "Special Income Charges": NaN,
        "Restructuring And Mergern Acquisition": NaN,
        "Gain On Sale Of Security": NaN,
        "Depreciation Amortization Depletion Income Statement": 59000.0,
        "Depreciation And Amortization In Income Statement": 59000.0,
        "Amortization": 59000.0,
        "Amortization Of Intangibles Income Statement": 59000.0,
        "Selling General And Administration": NaN,
        "Selling And Marketing Expense": 104000.0,
        "General And Administrative Expense": NaN,
        "Insurance And Claims": NaN,
        "Salaries And Wages": NaN,
        "Total Revenue": NaN,
        "Operating Revenue": NaN,
        "Occupancy And Equipment": NaN,
        "Professional Expense And Contract Services Expense": NaN,
        "Other Non Interest Expense": NaN
    },
    "2023-03-31": {
        "Tax Effect Of Unusual Items": NaN,
        "Tax Rate For Calcs": NaN,
        "Total Unusual Items": NaN,
        "Total Unusual Items Excluding Goodwill": NaN,
        "Net Income From Continuing Operation Net Minority Interest": NaN,
        "Reconciled Depreciation": NaN,
        "Net Interest Income": NaN,
        "Interest Expense": NaN,
        "Interest Income": NaN,
        "Normalized Income": NaN,
        "Net Income From Continuing And Discontinued Operation": NaN,
        "Diluted Average Shares": NaN,
        "Basic Average Shares": NaN,
        "Diluted EPS": NaN,
        "Basic EPS": NaN,
        "Diluted NI Availto Com Stockholders": NaN,
        "Net Income Common Stockholders": NaN,
        "Net Income": NaN,
        "Net Income Including Noncontrolling Interests": NaN,
        "Net Income Continuous Operations": NaN,
        "Tax Provision": NaN,
        "Pretax Income": NaN,
        "Special Income Charges": NaN,
        "Restructuring And Mergern Acquisition": NaN,
        "Gain On Sale Of Security": NaN,
        "Depreciation Amortization Depletion Income Statement": 61000.0,
        "Depreciation And Amortization In Income Statement": 61000.0,
        "Amortization": 61000.0,
        "Amortization Of Intangibles Income Statement": 61000.0,
        "Selling General And Administration": NaN,
        "Selling And Marketing Expense": NaN,
        "General And Administrative Expense": NaN,
        "Insurance And Claims": NaN,
        "Salaries And Wages": NaN,
        "Total Revenue": NaN,
        "Operating Revenue": NaN,
        "Occupancy And Equipment": NaN,
        "Professional Expense And Contract Services Expense": NaN,
        "Other Non Interest Expense": NaN
    },
    "2022-12-31": {
        "Tax Effect Of Unusual Items": -258645.56962,
        "Tax Rate For Calcs": 0.265823,
        "Total Unusual Items": -973000.0,
        "Total Unusual Items Excluding Goodwill": -973000.0,
        "Net Income From Continuing Operation Net Minority Interest": 696000.0,
        "Reconciled Depreciation": 304000.0,
        "Net Interest Income": 8985000.0,
        "Interest Expense": 3221000.0,
        "Interest Income": 12206000.0,
        "Normalized Income": 1410354.43038,
        "Net Income From Continuing And Discontinued Operation": 696000.0,
        "Diluted Average Shares": 14939640.0,
        "Basic Average Shares": 14939640.0,
        "Diluted EPS": 0.05,
        "Basic EPS": 0.05,
        "Diluted NI Availto Com Stockholders": 696000.0,
        "Net Income Common Stockholders": 696000.0,
        "Net Income": 696000.0,
        "Net Income Including Noncontrolling Interests": 696000.0,
        "Net Income Continuous Operations": 696000.0,
        "Tax Provision": 252000.0,
        "Pretax Income": 948000.0,
        "Special Income Charges": -973000.0,
        "Restructuring And Mergern Acquisition": 973000.0,
        "Gain On Sale Of Security": 0.0,
        "Selling General And Administration": 4769000.0,
        "General And Administrative Expense": 4769000.0,
        "Insurance And Claims": 157000.0,
        "Salaries And Wages": 4612000.0,
        "Total Revenue": 9493000.0,
        "Operating Revenue": 9493000.0
    },
    "2022-09-30": {
        "Tax Effect Of Unusual Items": 0.0,
        "Tax Rate For Calcs": 0.176197,
        "Total Unusual Items": 0.0,
        "Total Unusual Items Excluding Goodwill": 0.0,
        "Net Income From Continuing Operation Net Minority Interest": 1772000.0,
        "Reconciled Depreciation": 288000.0,
        "Net Interest Income": 8670000.0,
        "Interest Expense": 1910000.0,
        "Interest Income": 10580000.0,
        "Normalized Income": 1772000.0,
        "Net Income From Continuing And Discontinued Operation": 1772000.0,
        "Diluted Average Shares": 10590079.0,
        "Basic Average Shares": 10590079.0,
        "Diluted EPS": 0.17,
        "Basic EPS": 0.17,
        "Diluted NI Availto Com Stockholders": 1772000.0,
        "Net Income Common Stockholders": 1772000.0,
        "Net Income": 1772000.0,
        "Net Income Including Noncontrolling Interests": 1772000.0,
        "Net Income Continuous Operations": 1772000.0,
        "Tax Provision": 379000.0,
        "Pretax Income": 2151000.0,
        "Special Income Charges": 0.0,
        "Restructuring And Mergern Acquisition": 0.0,
        "Gain On Sale Of Security": 0.0,
        "Selling General And Administration": 4375000.0,
        "General And Administrative Expense": 4375000.0,
        "Insurance And Claims": 141000.0,
        "Salaries And Wages": 4234000.0,
        "Total Revenue": 9711000.0,
        "Operating Revenue": 9711000.0
    },
    "2023-12-31": {
        "Tax Effect Of Unusual Items": -2076006.070441,
        "Tax Rate For Calcs": 0.218596,
        "Total Unusual Items": -9497000.0,
        "Total Unusual Items Excluding Goodwill": -9497000.0,
        "Net Income From Continuing Operation Net Minority Interest": -13001000.0,
        "Reconciled Depreciation": 826000.0,
        "Net Interest Income": 14316000.0,
        "Interest Expense": 8787000.0,
        "Interest Income": 23103000.0,
        "Normalized Income": -5580006.070441,
        "Net Income From Continuing And Discontinued Operation": -13001000.0,
        "Diluted Average Shares": 23063202.0,
        "Basic Average Shares": 23063202.0,
        "Diluted EPS": -0.57,
        "Basic EPS": -0.57,
        "Diluted NI Availto Com Stockholders": -13001000.0,
        "Net Income Common Stockholders": -13001000.0,
        "Net Income": -13001000.0,
        "Net Income Including Noncontrolling Interests": -13001000.0,
        "Net Income Continuous Operations": -13001000.0,
        "Tax Provision": -3637000.0,
        "Pretax Income": -16638000.0,
        "Special Income Charges": -9497000.0,
        "Restructuring And Mergern Acquisition": 9497000.0,
        "Gain On Sale Of Security": 0.0,
        "Depreciation Amortization Depletion Income Statement": NaN,
        "Depreciation And Amortization In Income Statement": NaN,
        "Amortization": NaN,
        "Amortization Of Intangibles Income Statement": NaN,
        "Selling General And Administration": 8460000.0,
        "Selling And Marketing Expense": NaN,
        "General And Administrative Expense": 8460000.0,
        "Insurance And Claims": 198000.0,
        "Salaries And Wages": 8262000.0,
        "Total Revenue": 15491000.0,
        "Operating Revenue": 15491000.0,
        "Occupancy And Equipment": 2112000.0,
        "Professional Expense And Contract Services Expense": 536000.0,
        "Other Non Interest Expense": 1680000.0
    },
    "2024-03-31": {
        "Tax Effect Of Unusual Items": -12208.0,
        "Tax Rate For Calcs": 0.218,
        "Total Unusual Items": -56000.0,
        "Total Unusual Items Excluding Goodwill": -56000.0,
        "Net Income From Continuing Operation Net Minority Interest": 5726000.0,
        "Reconciled Depreciation": 1705000.0,
        "Net Interest Income": 24884000.0,
        "Interest Expense": 13891000.0,
        "Interest Income": 38775000.0,
        "Normalized Income": 5769792.0,
        "Net Income From Continuing And Discontinued Operation": 5726000.0,
        "Diluted Average Shares": 37045230.0,
        "Basic Average Shares": 36962005.0,
        "Diluted EPS": 0.15,
        "Basic EPS": 0.15,
        "Diluted NI Availto Com Stockholders": 5726000.0,
        "Net Income Common Stockholders": 5726000.0,
        "Net Income": 5726000.0,
        "Net Income Including Noncontrolling Interests": 5726000.0,
        "Net Income Continuous Operations": 5726000.0,
        "Tax Provision": 1597000.0,
        "Pretax Income": 7323000.0,
        "Special Income Charges": -56000.0,
        "Restructuring And Mergern Acquisition": 56000.0,
        "Gain On Sale Of Security": 0.0,
        "Depreciation Amortization Depletion Income Statement": 1207000.0,
        "Depreciation And Amortization In Income Statement": 1207000.0,
        "Amortization": 1207000.0,
        "Amortization Of Intangibles Income Statement": 1207000.0,
        "Selling General And Administration": 11470000.0,
        "Selling And Marketing Expense": NaN,
        "General And Administrative Expense": 11470000.0,
        "Insurance And Claims": 352000.0,
        "Salaries And Wages": 11118000.0,
        "Total Revenue": 26613000.0,
        "Operating Revenue": 26613000.0,
        "Occupancy And Equipment": 3404000.0,
        "Professional Expense And Contract Services Expense": 748000.0,
        "Other Non Interest Expense": 2365000.0
    },
    "2024-06-30": {
        "Tax Effect Of Unusual Items": -138820.0,
        "Tax Rate For Calcs": 0.22,
        "Total Unusual Items": -631000.0,
        "Total Unusual Items Excluding Goodwill": -631000.0,
        "Net Income From Continuing Operation Net Minority Interest": 5804000.0,
        "Reconciled Depreciation": 1718000.0,
        "Net Interest Income": 24484000.0,
        "Interest Expense": 14965000.0,
        "Interest Income": 39449000.0,
        "Normalized Income": 6296180.0,
        "Net Income From Continuing And Discontinued Operation": 5804000.0,
        "Diluted Average Shares": 37040748.0,
        "Basic Average Shares": 36970768.0,
        "Diluted EPS": 0.16,
        "Basic EPS": 0.16,
        "Diluted NI Availto Com Stockholders": 5804000.0,
        "Net Income Common Stockholders": 5804000.0,
        "Net Income": 5804000.0,
        "Net Income Including Noncontrolling Interests": 5804000.0,
        "Net Income Continuous Operations": 5804000.0,
        "Tax Provision": 1638000.0,
        "Pretax Income": 7442000.0,
        "Special Income Charges": -631000.0,
        "Restructuring And Mergern Acquisition": 631000.0,
        "Gain On Sale Of Security": 4000.0,
        "Depreciation Amortization Depletion Income Statement": 1204000.0,
        "Depreciation And Amortization In Income Statement": 1204000.0,
        "Amortization": 1204000.0,
        "Amortization Of Intangibles Income Statement": 1204000.0,
        "Selling General And Administration": 10727000.0,
        "Selling And Marketing Expense": 241000.0,
        "General And Administrative Expense": 10486000.0,
        "Insurance And Claims": 545000.0,
        "Salaries And Wages": 9941000.0,
        "Total Revenue": 26342000.0,
        "Operating Revenue": 26342000.0,
        "Occupancy And Equipment": 3383000.0,
        "Professional Expense And Contract Services Expense": 788000.0,
        "Other Non Interest Expense": 2167000.0
    },
    "2024-09-30": {
        "Tax Effect Of Unusual Items": -38041.643836,
        "Tax Rate For Calcs": 0.222466,
        "Total Unusual Items": -171000.0,
        "Total Unusual Items Excluding Goodwill": -171000.0,
        "Net Income From Continuing Operation Net Minority Interest": 7095000.0,
        "Reconciled Depreciation": 1664000.0,
        "Net Interest Income": 24981000.0,
        "Interest Expense": 15213000.0,
        "Interest Income": 40194000.0,
        "Normalized Income": 7227958.356164,
        "Net Income From Continuing And Discontinued Operation": 7095000.0,
        "Diluted Average Shares": 37090111.0,
        "Basic Average Shares": 36983637.0,
        "Diluted EPS": 0.19,
        "Basic EPS": 0.19,
        "Diluted NI Availto Com Stockholders": 7095000.0,
        "Net Income Common Stockholders": 7095000.0,
        "Net Income": 7095000.0,
        "Net Income Including Noncontrolling Interests": 7095000.0,
        "Net Income Continuous Operations": 7095000.0,
        "Tax Provision": 2030000.0,
        "Pretax Income": 9125000.0,
        "Special Income Charges": -171000.0,
        "Restructuring And Mergern Acquisition": 171000.0,
        "Gain On Sale Of Security": 0.0,
        "Depreciation Amortization Depletion Income Statement": 1205000.0,
        "Depreciation And Amortization In Income Statement": 1205000.0,
        "Amortization": 1205000.0,
        "Amortization Of Intangibles Income Statement": 1205000.0,
        "Selling General And Administration": 10830000.0,
        "Selling And Marketing Expense": 163000.0,
        "General And Administrative Expense": 10667000.0,
        "Insurance And Claims": 812000.0,
        "Salaries And Wages": 9855000.0,
        "Total Revenue": 27661000.0,
        "Operating Revenue": 27661000.0,
        "Occupancy And Equipment": 3080000.0,
        "Professional Expense And Contract Services Expense": 763000.0,
        "Other Non Interest Expense": 2403000.0
    }
}