{
    "2023-05-31": {
        "Tax Effect Of Unusual Items": NaN,
        "Tax Rate For Calcs": NaN,
        "Normalized EBITDA": NaN,
        "Net Income From Continuing Operation Net Minority Interest": NaN,
        "Reconciled Depreciation": NaN,
        "Reconciled Cost Of Revenue": NaN,
        "EBITDA": NaN,
        "EBIT": NaN,
        "Net Interest Income": NaN,
        "Interest Expense": NaN,
        "Interest Income": NaN,
        "Normalized Income": NaN,
        "Net Income From Continuing And Discontinued Operation": NaN,
        "Total Expenses": NaN,
        "Total Operating Income As Reported": NaN,
        "Diluted Average Shares": 11052000.0,
        "Basic Average Shares": 11008000.0,
        "Diluted EPS": 1.53,
        "Basic EPS": 1.53,
        "Diluted NI Availto Com Stockholders": NaN,
        "Net Income Common Stockholders": NaN,
        "Net Income": NaN,
        "Net Income Including Noncontrolling Interests": NaN,
        "Net Income Continuous Operations": NaN,
        "Tax Provision": NaN,
        "Pretax Income": NaN,
        "Other Income Expense": NaN,
        "Other Non Operating Income Expenses": NaN,
        "Net Non Operating Interest Income Expense": NaN,
        "Interest Expense Non Operating": NaN,
        "Interest Income Non Operating": NaN,
        "Operating Income": NaN,
        "Operating Expense": NaN,
        "Research And Development": NaN,
        "Selling General And Administration": NaN,
        "Selling And Marketing Expense": NaN,
        "General And Administrative Expense": NaN,
        "Other Gand A": NaN,
        "Gross Profit": NaN,
        "Cost Of Revenue": NaN,
        "Total Revenue": NaN,
        "Operating Revenue": NaN
    },
    "2023-02-28": {
        "Tax Effect Of Unusual Items": NaN,
        "Tax Rate For Calcs": NaN,
        "Normalized EBITDA": NaN,
        "Net Income From Continuing Operation Net Minority Interest": NaN,
        "Reconciled Depreciation": NaN,
        "Reconciled Cost Of Revenue": NaN,
        "EBITDA": NaN,
        "EBIT": NaN,
        "Net Interest Income": NaN,
        "Interest Expense": NaN,
        "Interest Income": NaN,
        "Normalized Income": NaN,
        "Net Income From Continuing And Discontinued Operation": NaN,
        "Total Expenses": NaN,
        "Total Operating Income As Reported": NaN,
        "Diluted Average Shares": 11063000.0,
        "Basic Average Shares": 11007000.0,
        "Diluted EPS": 1.63,
        "Basic EPS": 1.64,
        "Diluted NI Availto Com Stockholders": NaN,
        "Net Income Common Stockholders": NaN,
        "Net Income": NaN,
        "Net Income Including Noncontrolling Interests": NaN,
        "Net Income Continuous Operations": NaN,
        "Tax Provision": NaN,
        "Pretax Income": NaN,
        "Other Income Expense": NaN,
        "Other Non Operating Income Expenses": NaN,
        "Net Non Operating Interest Income Expense": NaN,
        "Interest Expense Non Operating": NaN,
        "Interest Income Non Operating": NaN,
        "Operating Income": NaN,
        "Operating Expense": NaN,
        "Research And Development": NaN,
        "Selling General And Administration": NaN,
        "Selling And Marketing Expense": NaN,
        "General And Administrative Expense": NaN,
        "Other Gand A": NaN,
        "Gross Profit": NaN,
        "Cost Of Revenue": NaN,
        "Total Revenue": NaN,
        "Operating Revenue": NaN
    },
    "2022-11-30": {
        "Tax Effect Of Unusual Items": NaN,
        "Tax Rate For Calcs": NaN,
        "Normalized EBITDA": NaN,
        "Net Income From Continuing Operation Net Minority Interest": NaN,
        "Reconciled Depreciation": NaN,
        "Reconciled Cost Of Revenue": NaN,
        "EBITDA": NaN,
        "EBIT": NaN,
        "Net Interest Income": NaN,
        "Interest Expense": NaN,
        "Interest Income": NaN,
        "Normalized Income": NaN,
        "Net Income From Continuing And Discontinued Operation": NaN,
        "Total Expenses": NaN,
        "Total Operating Income As Reported": NaN,
        "Diluted Average Shares": 11073000.0,
        "Basic Average Shares": 10989000.0,
        "Diluted EPS": 1.65,
        "Basic EPS": 1.66,
        "Diluted NI Availto Com Stockholders": NaN,
        "Net Income Common Stockholders": NaN,
        "Net Income": NaN,
        "Net Income Including Noncontrolling Interests": NaN,
        "Net Income Continuous Operations": NaN,
        "Tax Provision": NaN,
        "Pretax Income": NaN,
        "Other Income Expense": NaN,
        "Other Non Operating Income Expenses": NaN,
        "Net Non Operating Interest Income Expense": NaN,
        "Interest Expense Non Operating": NaN,
        "Interest Income Non Operating": NaN,
        "Operating Income": NaN,
        "Operating Expense": NaN,
        "Research And Development": NaN,
        "Selling General And Administration": NaN,
        "Selling And Marketing Expense": NaN,
        "General And Administrative Expense": NaN,
        "Other Gand A": NaN,
        "Gross Profit": NaN,
        "Cost Of Revenue": NaN,
        "Total Revenue": NaN,
        "Operating Revenue": NaN
    },
    "2022-08-31": {
        "Tax Effect Of Unusual Items": 0.0,
        "Tax Rate For Calcs": 0.241325,
        "Normalized EBITDA": 24556000.0,
        "Net Income From Continuing Operation Net Minority Interest": 17929000.0,
        "Reconciled Depreciation": 5248000.0,
        "Reconciled Cost Of Revenue": 133079000.0,
        "EBITDA": 24556000.0,
        "EBIT": 24556000.0,
        "Net Interest Income": -758000.0,
        "Interest Expense": 924000.0,
        "Interest Income": 166000.0,
        "Normalized Income": 17929000.0,
        "Net Income From Continuing And Discontinued Operation": 17929000.0,
        "Total Expenses": 162414000.0,
        "Total Operating Income As Reported": 27782000.0,
        "Diluted Average Shares": 11063000.0,
        "Basic Average Shares": 10980000.0,
        "Diluted EPS": 1.62,
        "Basic EPS": 1.63,
        "Diluted NI Availto Com Stockholders": 17929000.0,
        "Net Income Common Stockholders": 17929000.0,
        "Net Income": 17929000.0,
        "Net Income Including Noncontrolling Interests": 17929000.0,
        "Net Income Continuous Operations": 17929000.0,
        "Tax Provision": 5703000.0,
        "Pretax Income": 23632000.0,
        "Other Income Expense": -3392000.0,
        "Other Non Operating Income Expenses": -3392000.0,
        "Net Non Operating Interest Income Expense": -758000.0,
        "Interest Expense Non Operating": 924000.0,
        "Interest Income Non Operating": 166000.0,
        "Operating Income": 27782000.0,
        "Operating Expense": 29335000.0,
        "Research And Development": 4563000.0,
        "Selling General And Administration": 24772000.0,
        "Selling And Marketing Expense": 9850000.0,
        "General And Administrative Expense": 14922000.0,
        "Other Gand A": 14922000.0,
        "Gross Profit": 57117000.0,
        "Cost Of Revenue": 133079000.0,
        "Total Revenue": 190196000.0,
        "Operating Revenue": 190196000.0
    },
    "2022-05-31": {
        "Tax Effect Of Unusual Items": 0.0,
        "Tax Rate For Calcs": 0.295,
        "Normalized EBITDA": 41580000.0,
        "Net Income From Continuing Operation Net Minority Interest": 25073000.0,
        "Reconciled Depreciation": 5018000.0,
        "Reconciled Cost Of Revenue": 152579000.0,
        "EBIT": 36562000.0,
        "Net Interest Income": -888000.0,
        "Interest Expense": 1006000.0,
        "Interest Income": 118000.0,
        "Normalized Income": 25073000.0,
        "Net Income From Continuing And Discontinued Operation": 25073000.0,
        "Total Expenses": 179097000.0,
        "Total Operating Income As Reported": 35162000.0,
        "Diluted Average Shares": 11021000.0,
        "Basic Average Shares": 10978000.0,
        "Diluted EPS": 2.28,
        "Basic EPS": 2.28,
        "Diluted NI Availto Com Stockholders": 25073000.0,
        "Net Income Common Stockholders": 25073000.0,
        "Net Income": 25073000.0,
        "Net Income Including Noncontrolling Interests": 25073000.0,
        "Net Income Continuous Operations": 25073000.0,
        "Tax Provision": 10483000.0,
        "Pretax Income": 35556000.0,
        "Other Income Expense": 1282000.0,
        "Other Non Operating Income Expenses": 1282000.0,
        "Net Non Operating Interest Income Expense": -888000.0,
        "Interest Expense Non Operating": 1006000.0,
        "Interest Income Non Operating": 118000.0,
        "Operating Income": 35162000.0,
        "Operating Expense": 26518000.0,
        "Research And Development": 3723000.0,
        "Selling General And Administration": 22795000.0,
        "Selling And Marketing Expense": 8148000.0,
        "General And Administrative Expense": 14647000.0,
        "Other Gand A": 14647000.0,
        "Gross Profit": 61680000.0,
        "Cost Of Revenue": 152579000.0,
        "Total Revenue": 214259000.0,
        "Operating Revenue": 214259000.0
    },
    "2022-02-28": {
        "Diluted EPS": 1.32,
        "Total Revenue": 200,
        "Gross Profit": 43,
        "Operating Income": 18,
        "EBIT": 23,
        "Net Income": 15
    },
    "2021-11-30": {
        "Diluted EPS": 0.72,
        "Total Revenue": 166,
        "Gross Profit": 37,
        "Operating Income": 13,
        "EBIT": 18,
        "Net Income": 8
    },
    "2021-08-31": {
        "Diluted EPS": 0.54,
        "Total Revenue": 154,
        "Gross Profit": 34,
        "Operating Income": 9,
        "EBIT": 14,
        "Net Income": 6
    },
    "2021-05-31": {
        "Diluted EPS": 1.61,
        "Total Revenue": 162,
        "Gross Profit": 44,
        "Operating Income": 21,
        "EBIT": 26,
        "Net Income": 18
    },
    "2021-02-28": {
        "Diluted EPS": 1.08,
        "Total Revenue": 144,
        "Gross Profit": 41,
        "Operating Income": 16,
        "EBIT": 21,
        "Net Income": 12
    },
    "2020-11-30": {
        "Diluted EPS": 0.65,
        "Total Revenue": 108,
        "Gross Profit": 31,
        "Operating Income": 8,
        "EBIT": 13,
        "Net Income": 7
    },
    "2020-08-31": {
        "Diluted EPS": 1.35,
        "Total Revenue": 128,
        "Gross Profit": 45,
        "Operating Income": 17,
        "EBIT": 23,
        "Net Income": 15
    },
    "2020-05-31": {
        "Diluted EPS": 0.93,
        "Total Revenue": 123,
        "Gross Profit": 40,
        "Operating Income": 16,
        "EBIT": 21,
        "Net Income": 10
    },
    "2020-02-29": {
        "Diluted EPS": 0.51,
        "Total Revenue": 114,
        "Gross Profit": 33,
        "Operating Income": 9,
        "EBIT": 13,
        "Net Income": 6
    },
    "2019-11-30": {
        "Diluted EPS": 0.77,
        "Total Revenue": 109,
        "Gross Profit": 34,
        "Operating Income": 12,
        "EBIT": 17,
        "Net Income": 8
    },
    "2019-08-31": {
        "Diluted EPS": 0.14,
        "Total Revenue": 102,
        "Gross Profit": 31,
        "Operating Income": 4,
        "EBIT": 8,
        "Net Income": 2
    },
    "2019-05-31": {
        "Diluted EPS": 0.27,
        "Total Revenue": 121,
        "Gross Profit": 30,
        "Operating Income": 4,
        "EBIT": 8,
        "Net Income": 3
    },
    "2019-02-28": {
        "Diluted EPS": -0.32,
        "Total Revenue": 109,
        "Gross Profit": 24,
        "Operating Income": -4,
        "EBIT": -1,
        "Net Income": -3
    },
    "2018-11-30": {
        "Diluted EPS": 0.11,
        "Total Revenue": 112,
        "Gross Profit": 29,
        "Operating Income": 2,
        "EBIT": 5,
        "Net Income": 1
    },
    "2018-08-31": {
        "Diluted EPS": 0.46,
        "Total Revenue": 123,
        "Gross Profit": 32,
        "Operating Income": 7,
        "EBIT": 10,
        "Net Income": 5
    },
    "2018-05-31": {
        "Diluted EPS": 0.96,
        "Total Revenue": 170,
        "Gross Profit": 51,
        "Operating Income": 19,
        "EBIT": 23,
        "Net Income": 10
    },
    "2018-02-28": {
        "Diluted EPS": 0.16,
        "Total Revenue": 130,
        "Gross Profit": 35,
        "Operating Income": 7,
        "EBIT": 12,
        "Net Income": 2
    },
    "2017-11-30": {
        "Diluted EPS": 0.3,
        "Total Revenue": 125,
        "Gross Profit": 32,
        "Operating Income": 6,
        "EBIT": 11,
        "Net Income": 3
    },
    "2017-08-31": {
        "Diluted EPS": 0.6,
        "Total Revenue": 132,
        "Gross Profit": 38,
        "Operating Income": 12,
        "EBIT": 16,
        "Net Income": 6
    },
    "2017-05-31": {
        "Diluted EPS": 1.02,
        "Total Revenue": 152,
        "Gross Profit": 46,
        "Operating Income": 17,
        "EBIT": 22,
        "Net Income": 11
    },
    "2017-02-28": {
        "Diluted EPS": 0.47,
        "Total Revenue": 124,
        "Gross Profit": 33,
        "Operating Income": 9,
        "EBIT": 13,
        "Net Income": 5
    },
    "2016-11-30": {
        "Diluted EPS": 0.08,
        "Total Revenue": 110,
        "Gross Profit": 28,
        "Operating Income": 3,
        "EBIT": 7,
        "Net Income": 1
    },
    "2016-08-31": {
        "Diluted EPS": 0.7,
        "Total Revenue": 133,
        "Gross Profit": 40,
        "Operating Income": 12,
        "EBIT": 16,
        "Net Income": 8
    },
    "2016-05-31": {
        "Diluted EPS": 0.9,
        "Total Revenue": 141,
        "Gross Profit": 42,
        "Operating Income": 15,
        "EBIT": 20,
        "Net Income": 10
    },
    "2016-02-29": {
        "Diluted EPS": -0.37,
        "Total Revenue": 121,
        "Gross Profit": 32,
        "Operating Income": -5,
        "EBIT": 0,
        "Net Income": -4
    },
    "2015-11-30": {
        "Diluted EPS": 0.62,
        "Total Revenue": 122,
        "Gross Profit": 34,
        "Operating Income": 12,
        "EBIT": 16,
        "Net Income": 7
    },
    "2015-08-31": {
        "Diluted EPS": -0.25,
        "Total Revenue": 124,
        "Gross Profit": 33,
        "Operating Income": 3,
        "EBIT": 7,
        "Net Income": -3
    },
    "2015-05-31": {
        "Diluted EPS": 1.1,
        "Total Revenue": 161,
        "Gross Profit": 46,
        "Operating Income": 21,
        "EBIT": 26,
        "Net Income": 13
    },
    "2015-02-28": {
        "Diluted EPS": 0.75,
        "Total Revenue": 141,
        "Gross Profit": 40,
        "Operating Income": 15,
        "EBIT": 19,
        "Net Income": 9
    },
    "2014-11-30": {
        "Diluted EPS": 0.62,
        "Total Revenue": 135,
        "Gross Profit": 37,
        "Operating Income": 12,
        "EBIT": 16,
        "Net Income": 8
    },
    "2014-08-31": {
        "Diluted EPS": 0.89,
        "Total Revenue": 148,
        "Gross Profit": 40,
        "Operating Income": 16,
        "EBIT": 20,
        "Net Income": 11
    },
    "2014-05-31": {
        "Diluted EPS": 1.28,
        "Total Revenue": 170,
        "Gross Profit": 48,
        "Operating Income": 25,
        "EBIT": 29,
        "Net Income": 16
    },
    "2014-02-28": {
        "Diluted EPS": 1.04,
        "Total Revenue": 153,
        "Gross Profit": 43,
        "Operating Income": 21,
        "EBIT": 25,
        "Net Income": 13
    },
    "2013-11-30": {
        "Diluted EPS": 0.79,
        "Total Revenue": 148,
        "Gross Profit": 40,
        "Operating Income": 16,
        "EBIT": 20,
        "Net Income": 10
    },
    "2013-08-31": {
        "Diluted EPS": 0.81,
        "Total Revenue": 148,
        "Gross Profit": 39,
        "Operating Income": 16,
        "EBIT": 19,
        "Net Income": 10
    },
    "2013-05-31": {
        "Diluted EPS": 2.01,
        "Total Revenue": 220,
        "Gross Profit": 63,
        "Operating Income": 40,
        "EBIT": 43,
        "Net Income": 26
    },
    "2013-02-28": {
        "Diluted EPS": 1.5,
        "Total Revenue": 176,
        "Gross Profit": 50,
        "Operating Income": 29,
        "EBIT": 33,
        "Net Income": 19
    },
    "2012-11-30": {
        "Diluted EPS": 1.15,
        "Total Revenue": 147,
        "Gross Profit": 43,
        "Operating Income": 22,
        "EBIT": 25,
        "Net Income": 15
    },
    "2012-08-31": {
        "Diluted EPS": 0.68,
        "Total Revenue": 128,
        "Gross Profit": 33,
        "Operating Income": 13,
        "EBIT": 16,
        "Net Income": 9
    },
    "2012-05-31": {
        "Diluted EPS": 1.47,
        "Total Revenue": 172,
        "Gross Profit": 49,
        "Operating Income": 29,
        "EBIT": 32,
        "Net Income": 19
    },
    "2012-02-29": {
        "Diluted EPS": 1.0,
        "Total Revenue": 132,
        "Gross Profit": 36,
        "Operating Income": 19,
        "EBIT": 22,
        "Net Income": 13
    },
    "2011-11-30": {
        "Diluted EPS": 0.23,
        "Total Revenue": 119,
        "Gross Profit": 30,
        "Operating Income": 5,
        "EBIT": 8,
        "Net Income": 3
    },
    "2011-08-31": {
        "Diluted EPS": 0.47,
        "Total Revenue": 116,
        "Gross Profit": 30,
        "Operating Income": 10,
        "EBIT": 13,
        "Net Income": 6
    },
    "2011-05-31": {
        "Diluted EPS": 1.2,
        "Total Revenue": 153,
        "Gross Profit": 41,
        "Operating Income": 23,
        "EBIT": 26,
        "Net Income": 15
    },
    "2011-02-28": {
        "Diluted EPS": 0.89,
        "Total Revenue": 120,
        "Gross Profit": 34,
        "Operating Income": 17,
        "EBIT": 20,
        "Net Income": 11
    },
    "2010-11-30": {
        "Diluted EPS": 0.34,
        "Total Revenue": 89,
        "Gross Profit": 24,
        "Operating Income": 7,
        "EBIT": 10,
        "Net Income": 4
    },
    "2010-08-31": {
        "Diluted EPS": 0.47,
        "Total Revenue": 87,
        "Gross Profit": 26,
        "Operating Income": 10,
        "EBIT": 12,
        "Net Income": 6
    },
    "2010-05-31": {
        "Diluted EPS": 0.5,
        "Total Revenue": 100,
        "Gross Profit": 25,
        "Operating Income": 10,
        "EBIT": 13,
        "Net Income": 6
    },
    "2010-02-28": {
        "Diluted EPS": 0.48,
        "Total Revenue": 85,
        "Gross Profit": 22,
        "Operating Income": 7,
        "EBIT": 10,
        "Net Income": 6
    },
    "2009-11-30": {
        "Diluted EPS": 0.53,
        "Total Revenue": 86,
        "Gross Profit": 26,
        "Operating Income": 11,
        "EBIT": 14,
        "Net Income": 7
    },
    "2009-08-31": {
        "Diluted EPS": 0.17,
        "Total Revenue": 73,
        "Gross Profit": 18,
        "Operating Income": 4,
        "EBIT": 6,
        "Net Income": 2
    },
    "2009-05-31": {
        "Diluted EPS": 0.42,
        "Total Revenue": 85,
        "Gross Profit": 21,
        "Operating Income": 8,
        "EBIT": 10,
        "Net Income": 5
    },
    "2009-02-28": {
        "Diluted EPS": 0.01,
        "Total Revenue": 65,
        "Gross Profit": 13,
        "Operating Income": 0,
        "EBIT": 2,
        "Net Income": 0
    },
    "2023-08-31": {
        "Tax Effect Of Unusual Items": 0.0,
        "Tax Rate For Calcs": 0.227906,
        "Normalized EBITDA": 30614000.0,
        "Net Income From Continuing Operation Net Minority Interest": 19229000.0,
        "Reconciled Depreciation": 4816000.0,
        "Reconciled Cost Of Revenue": 114615000.0,
        "EBITDA": 30614000.0,
        "EBIT": 25798000.0,
        "Net Interest Income": 345000.0,
        "Interest Expense": 893000.0,
        "Interest Income": 1238000.0,
        "Normalized Income": 19229000.0,
        "Net Income From Continuing And Discontinued Operation": 19229000.0,
        "Total Expenses": 143767000.0,
        "Total Operating Income As Reported": 23364000.0,
        "Diluted Average Shares": NaN,
        "Basic Average Shares": NaN,
        "Diluted EPS": NaN,
        "Basic EPS": NaN,
        "Diluted NI Availto Com Stockholders": 19229000.0,
        "Net Income Common Stockholders": 19229000.0,
        "Net Income": 19229000.0,
        "Net Income Including Noncontrolling Interests": 19229000.0,
        "Net Income Continuous Operations": 19229000.0,
        "Tax Provision": 5676000.0,
        "Pretax Income": 24905000.0,
        "Other Income Expense": 1196000.0,
        "Other Non Operating Income Expenses": 1196000.0,
        "Net Non Operating Interest Income Expense": 345000.0,
        "Interest Expense Non Operating": 893000.0,
        "Interest Income Non Operating": 1238000.0,
        "Operating Income": 23364000.0,
        "Operating Expense": 29152000.0,
        "Research And Development": 4868000.0,
        "Selling General And Administration": 24284000.0,
        "Selling And Marketing Expense": 9109000.0,
        "General And Administrative Expense": 15175000.0,
        "Other Gand A": 15175000.0,
        "Gross Profit": 52516000.0,
        "Cost Of Revenue": 114615000.0,
        "Total Revenue": 167131000.0,
        "Operating Revenue": 167131000.0
    },
    "2023-11-30": {
        "Tax Effect Of Unusual Items": 0.0,
        "Tax Rate For Calcs": 0.285,
        "Normalized EBITDA": 27179000.0,
        "Net Income From Continuing Operation Net Minority Interest": 15019000.0,
        "Reconciled Depreciation": 5307000.0,
        "Reconciled Cost Of Revenue": 111453000.0,
        "EBITDA": 27179000.0,
        "EBIT": 21872000.0,
        "Net Interest Income": 191000.0,
        "Interest Expense": 877000.0,
        "Interest Income": 1068000.0,
        "Normalized Income": 15019000.0,
        "Net Income From Continuing And Discontinued Operation": 15019000.0,
        "Total Expenses": 140284000.0,
        "Total Operating Income As Reported": 21074000.0,
        "Diluted Average Shares": 11059000.0,
        "Basic Average Shares": 11017000.0,
        "Diluted EPS": 1.36,
        "Basic EPS": 1.36,
        "Diluted NI Availto Com Stockholders": 15019000.0,
        "Net Income Common Stockholders": 15019000.0,
        "Net Income": 15019000.0,
        "Net Income Including Noncontrolling Interests": 15019000.0,
        "Net Income Continuous Operations": 15019000.0,
        "Tax Provision": 5976000.0,
        "Pretax Income": 20995000.0,
        "Other Income Expense": -270000.0,
        "Other Non Operating Income Expenses": -270000.0,
        "Net Non Operating Interest Income Expense": 191000.0,
        "Interest Expense Non Operating": 877000.0,
        "Interest Income Non Operating": 1068000.0,
        "Operating Income": 21074000.0,
        "Operating Expense": 28831000.0,
        "Research And Development": 4352000.0,
        "Selling General And Administration": 24479000.0,
        "Selling And Marketing Expense": 9817000.0,
        "General And Administrative Expense": 14662000.0,
        "Other Gand A": 14662000.0,
        "Gross Profit": 49905000.0,
        "Cost Of Revenue": 111453000.0,
        "Total Revenue": 161358000.0,
        "Operating Revenue": 161358000.0
    },
    "2024-02-29": {
        "Tax Effect Of Unusual Items": 0.0,
        "Tax Rate For Calcs": 0.202,
        "Normalized EBITDA": 28794000.0,
        "Net Income From Continuing Operation Net Minority Interest": 18123000.0,
        "Reconciled Depreciation": 5267000.0,
        "Reconciled Cost Of Revenue": 102565000.0,
        "EBITDA": 28794000.0,
        "EBIT": 23527000.0,
        "Net Interest Income": 465000.0,
        "Interest Expense": 830000.0,
        "Interest Income": 1295000.0,
        "Normalized Income": 18123000.0,
        "Net Income From Continuing And Discontinued Operation": 18123000.0,
        "Total Expenses": 129421000.0,
        "Total Operating Income As Reported": 22098000.0,
        "Diluted Average Shares": 11074000.0,
        "Basic Average Shares": 11033000.0,
        "Diluted EPS": 1.64,
        "Basic EPS": 1.64,
        "Diluted NI Availto Com Stockholders": 18123000.0,
        "Net Income Common Stockholders": 18123000.0,
        "Net Income": 18123000.0,
        "Net Income Including Noncontrolling Interests": 18123000.0,
        "Net Income Continuous Operations": 18123000.0,
        "Tax Provision": 4574000.0,
        "Pretax Income": 22697000.0,
        "Other Income Expense": 134000.0,
        "Other Non Operating Income Expenses": 134000.0,
        "Net Non Operating Interest Income Expense": 465000.0,
        "Interest Expense Non Operating": 830000.0,
        "Interest Income Non Operating": 1295000.0,
        "Operating Income": 22098000.0,
        "Operating Expense": 26856000.0,
        "Research And Development": 3892000.0,
        "Selling General And Administration": 22964000.0,
        "Selling And Marketing Expense": 9498000.0,
        "General And Administrative Expense": 13466000.0,
        "Other Gand A": 13466000.0,
        "Gross Profit": 48954000.0,
        "Cost Of Revenue": 102565000.0,
        "Total Revenue": 151519000.0,
        "Operating Revenue": 151519000.0
    },
    "2024-05-31": {
        "Tax Effect Of Unusual Items": 0.0,
        "Tax Rate For Calcs": 0.21,
        "Normalized EBITDA": 26213000.0,
        "Net Income From Continuing Operation Net Minority Interest": 20379000.0,
        "Reconciled Depreciation": 5273000.0,
        "Reconciled Cost Of Revenue": 92702000.0,
        "EBITDA": 26213000.0,
        "EBIT": 20940000.0,
        "Net Interest Income": 194000.0,
        "Interest Expense": 767000.0,
        "Interest Income": 961000.0,
        "Normalized Income": 20379000.0,
        "Net Income From Continuing And Discontinued Operation": 20379000.0,
        "Total Expenses": 119263000.0,
        "Total Operating Income As Reported": 19936000.0,
        "Diluted Average Shares": 11030000.0,
        "Basic Average Shares": 10996000.0,
        "Diluted EPS": 1.85,
        "Basic EPS": 1.85,
        "Diluted NI Availto Com Stockholders": 20379000.0,
        "Net Income Common Stockholders": 20379000.0,
        "Net Income": 20379000.0,
        "Net Income Including Noncontrolling Interests": 20379000.0,
        "Net Income Continuous Operations": 20379000.0,
        "Tax Provision": -206000.0,
        "Pretax Income": 20173000.0,
        "Other Income Expense": 43000.0,
        "Other Non Operating Income Expenses": 43000.0,
        "Net Non Operating Interest Income Expense": 194000.0,
        "Interest Expense Non Operating": 767000.0,
        "Interest Income Non Operating": 961000.0,
        "Operating Income": 19936000.0,
        "Operating Expense": 26561000.0,
        "Research And Development": 4287000.0,
        "Selling General And Administration": 22274000.0,
        "Selling And Marketing Expense": 9579000.0,
        "General And Administrative Expense": 12695000.0,
        "Other Gand A": 12695000.0,
        "Gross Profit": 46497000.0,
        "Cost Of Revenue": 92702000.0,
        "Total Revenue": 139199000.0,
        "Operating Revenue": 139199000.0
    },
    "2024-08-31": {
        "Tax Effect Of Unusual Items": 0.0,
        "Tax Rate For Calcs": 0.161278,
        "Normalized EBITDA": 21298000.0,
        "Net Income From Continuing Operation Net Minority Interest": 12736000.0,
        "Reconciled Depreciation": 5353000.0,
        "Reconciled Cost Of Revenue": 109299000.0,
        "EBITDA": 21298000.0,
        "EBIT": 15945000.0,
        "Net Interest Income": 1105000.0,
        "Interest Expense": 760000.0,
        "Interest Income": 1865000.0,
        "Normalized Income": 12736000.0,
        "Net Income From Continuing And Discontinued Operation": 12736000.0,
        "Total Expenses": 141498000.0,
        "Total Operating Income As Reported": 13500000.0,
        "Diluted Average Shares": NaN,
        "Basic Average Shares": NaN,
        "Diluted EPS": NaN,
        "Basic EPS": NaN,
        "Diluted NI Availto Com Stockholders": 12736000.0,
        "Net Income Common Stockholders": 12736000.0,
        "Net Income": 12736000.0,
        "Net Income Including Noncontrolling Interests": 12736000.0,
        "Net Income Continuous Operations": 12736000.0,
        "Tax Provision": 2449000.0,
        "Pretax Income": 15185000.0,
        "Other Income Expense": 580000.0,
        "Other Non Operating Income Expenses": 580000.0,
        "Net Non Operating Interest Income Expense": 1105000.0,
        "Interest Expense Non Operating": 760000.0,
        "Interest Income Non Operating": 1865000.0,
        "Operating Income": 13500000.0,
        "Operating Expense": 32199000.0,
        "Research And Development": 4592000.0,
        "Selling General And Administration": 27607000.0,
        "Selling And Marketing Expense": 11011000.0,
        "General And Administrative Expense": 16596000.0,
        "Other Gand A": 16596000.0,
        "Gross Profit": 45699000.0,
        "Cost Of Revenue": 109299000.0,
        "Total Revenue": 154998000.0,
        "Operating Revenue": 154998000.0
    }
}