{
    "2023-03-31": {
        "Tax Effect Of Unusual Items": NaN,
        "Tax Rate For Calcs": NaN,
        "Normalized EBITDA": NaN,
        "Total Unusual Items": NaN,
        "Total Unusual Items Excluding Goodwill": NaN,
        "Net Income From Continuing Operation Net Minority Interest": NaN,
        "Reconciled Depreciation": NaN,
        "Reconciled Cost Of Revenue": NaN,
        "EBITDA": NaN,
        "EBIT": NaN,
        "Net Interest Income": NaN,
        "Interest Expense": NaN,
        "Normalized Income": NaN,
        "Net Income From Continuing And Discontinued Operation": NaN,
        "Total Expenses": NaN,
        "Total Operating Income As Reported": NaN,
        "Diluted Average Shares": NaN,
        "Basic Average Shares": NaN,
        "Diluted EPS": NaN,
        "Basic EPS": NaN,
        "Diluted NI Availto Com Stockholders": NaN,
        "Net Income Common Stockholders": NaN,
        "Net Income": NaN,
        "Minority Interests": NaN,
        "Net Income Including Noncontrolling Interests": NaN,
        "Net Income Discontinuous Operations": 0.0,
        "Net Income Continuous Operations": NaN,
        "Tax Provision": NaN,
        "Pretax Income": NaN,
        "Other Income Expense": NaN,
        "Other Non Operating Income Expenses": NaN,
        "Special Income Charges": NaN,
        "Other Special Charges": NaN,
        "Restructuring And Mergern Acquisition": NaN,
        "Net Non Operating Interest Income Expense": NaN,
        "Interest Expense Non Operating": NaN,
        "Operating Income": NaN,
        "Operating Expense": NaN,
        "Depreciation Amortization Depletion Income Statement": NaN,
        "Depreciation And Amortization In Income Statement": NaN,
        "Research And Development": NaN,
        "Selling General And Administration": NaN,
        "Gross Profit": NaN,
        "Cost Of Revenue": NaN,
        "Total Revenue": NaN,
        "Operating Revenue": NaN
    },
    "2022-12-31": {
        "Tax Effect Of Unusual Items": NaN,
        "Tax Rate For Calcs": NaN,
        "Normalized EBITDA": NaN,
        "Total Unusual Items": NaN,
        "Total Unusual Items Excluding Goodwill": NaN,
        "Net Income From Continuing Operation Net Minority Interest": NaN,
        "Reconciled Depreciation": NaN,
        "Reconciled Cost Of Revenue": NaN,
        "EBITDA": NaN,
        "EBIT": NaN,
        "Net Interest Income": NaN,
        "Interest Expense": NaN,
        "Normalized Income": NaN,
        "Net Income From Continuing And Discontinued Operation": NaN,
        "Total Expenses": NaN,
        "Total Operating Income As Reported": NaN,
        "Diluted Average Shares": NaN,
        "Basic Average Shares": NaN,
        "Diluted EPS": NaN,
        "Basic EPS": NaN,
        "Diluted NI Availto Com Stockholders": NaN,
        "Net Income Common Stockholders": NaN,
        "Net Income": NaN,
        "Minority Interests": NaN,
        "Net Income Including Noncontrolling Interests": NaN,
        "Net Income Discontinuous Operations": 18000000.0,
        "Net Income Continuous Operations": NaN,
        "Tax Provision": NaN,
        "Pretax Income": NaN,
        "Other Income Expense": NaN,
        "Other Non Operating Income Expenses": NaN,
        "Special Income Charges": NaN,
        "Other Special Charges": NaN,
        "Restructuring And Mergern Acquisition": NaN,
        "Net Non Operating Interest Income Expense": NaN,
        "Interest Expense Non Operating": NaN,
        "Operating Income": NaN,
        "Operating Expense": NaN,
        "Depreciation Amortization Depletion Income Statement": NaN,
        "Depreciation And Amortization In Income Statement": NaN,
        "Research And Development": NaN,
        "Selling General And Administration": NaN,
        "Gross Profit": NaN,
        "Cost Of Revenue": NaN,
        "Total Revenue": NaN,
        "Operating Revenue": NaN
    },
    "2022-09-30": {
        "Tax Effect Of Unusual Items": -4500000.0,
        "Tax Rate For Calcs": 0.166667,
        "Normalized EBITDA": 221000000.0,
        "Total Unusual Items": -27000000.0,
        "Total Unusual Items Excluding Goodwill": -27000000.0,
        "Net Income From Continuing Operation Net Minority Interest": 13000000.0,
        "Reconciled Depreciation": 102000000.0,
        "Reconciled Cost Of Revenue": 193000000.0,
        "EBITDA": 194000000.0,
        "EBIT": 92000000.0,
        "Net Interest Income": -68000000.0,
        "Interest Expense": 68000000.0,
        "Normalized Income": 35500000.0,
        "Net Income From Continuing And Discontinued Operation": 328000000.0,
        "Total Expenses": 532000000.0,
        "Total Operating Income As Reported": 89000000.0,
        "Diluted Average Shares": 96000000.0,
        "Basic Average Shares": 94000000.0,
        "Diluted EPS": 3.42,
        "Basic EPS": 3.47,
        "Diluted NI Availto Com Stockholders": 328000000.0,
        "Net Income Common Stockholders": 328000000.0,
        "Net Income": 328000000.0,
        "Minority Interests": -7000000.0,
        "Net Income Including Noncontrolling Interests": 335000000.0,
        "Net Income Discontinuous Operations": 315000000.0,
        "Net Income Continuous Operations": 20000000.0,
        "Tax Provision": 4000000.0,
        "Pretax Income": 24000000.0,
        "Other Income Expense": -24000000.0,
        "Other Non Operating Income Expenses": 3000000.0,
        "Special Income Charges": -27000000.0,
        "Other Special Charges": NaN,
        "Restructuring And Mergern Acquisition": 27000000.0,
        "Net Non Operating Interest Income Expense": -68000000.0,
        "Interest Expense Non Operating": 68000000.0,
        "Operating Income": 116000000.0,
        "Operating Expense": 339000000.0,
        "Depreciation Amortization Depletion Income Statement": 102000000.0,
        "Depreciation And Amortization In Income Statement": 102000000.0,
        "Research And Development": 56000000.0,
        "Selling General And Administration": 181000000.0,
        "Gross Profit": 455000000.0,
        "Cost Of Revenue": 193000000.0,
        "Total Revenue": 648000000.0,
        "Operating Revenue": 648000000.0
    },
    "2022-06-30": {
        "Tax Effect Of Unusual Items": -16800000.0,
        "Tax Rate For Calcs": 0.4,
        "Normalized EBITDA": 70000000.0,
        "Total Unusual Items": -42000000.0,
        "Total Unusual Items Excluding Goodwill": -42000000.0,
        "Net Income From Continuing Operation Net Minority Interest": -154000000.0,
        "Reconciled Depreciation": 107000000.0,
        "Reconciled Cost Of Revenue": 180000000.0,
        "EBITDA": 28000000.0,
        "EBIT": -79000000.0,
        "Net Interest Income": -70000000.0,
        "Interest Expense": 70000000.0,
        "Normalized Income": -128800000.0,
        "Net Income From Continuing And Discontinued Operation": 3291000000.0,
        "Total Expenses": 522000000.0,
        "Total Operating Income As Reported": 46000000.0,
        "Diluted Average Shares": 95000000.0,
        "Basic Average Shares": 95000000.0,
        "Diluted EPS": 34.61,
        "Basic EPS": 34.61,
        "Diluted NI Availto Com Stockholders": 3291000000.0,
        "Net Income Common Stockholders": 3291000000.0,
        "Net Income": 3291000000.0,
        "Minority Interests": -4000000.0,
        "Net Income Including Noncontrolling Interests": 3295000000.0,
        "Net Income Discontinuous Operations": 3445000000.0,
        "Net Income Continuous Operations": -150000000.0,
        "Tax Provision": 1000000.0,
        "Pretax Income": -149000000.0,
        "Other Income Expense": -167000000.0,
        "Other Non Operating Income Expenses": -125000000.0,
        "Special Income Charges": -42000000.0,
        "Other Special Charges": NaN,
        "Restructuring And Mergern Acquisition": 42000000.0,
        "Net Non Operating Interest Income Expense": -70000000.0,
        "Interest Expense Non Operating": 70000000.0,
        "Operating Income": 88000000.0,
        "Operating Expense": 342000000.0,
        "Depreciation Amortization Depletion Income Statement": 107000000.0,
        "Depreciation And Amortization In Income Statement": 107000000.0,
        "Research And Development": 56000000.0,
        "Selling General And Administration": 179000000.0,
        "Gross Profit": 430000000.0,
        "Cost Of Revenue": 180000000.0,
        "Total Revenue": 610000000.0,
        "Operating Revenue": 610000000.0
    },
    "2022-03-31": {
        "Diluted EPS": 0.26,
        "Total Revenue": 572,
        "Gross Profit": 412,
        "Operating Income": 40,
        "EBIT": 40,
        "Net Income": 26
    },
    "2021-12-31": {
        "Diluted EPS": 0.96,
        "Total Revenue": 580,
        "Gross Profit": 410,
        "Operating Income": 4,
        "EBIT": 4,
        "Net Income": 95
    },
    "2021-09-30": {
        "Diluted EPS": 1.84,
        "Total Revenue": 539,
        "Gross Profit": 386,
        "Operating Income": 34,
        "EBIT": 34,
        "Net Income": 182
    },
    "2021-06-30": {
        "Diluted EPS": 1.13,
        "Total Revenue": 581,
        "Gross Profit": 422,
        "Operating Income": 68,
        "EBIT": 68,
        "Net Income": 109
    },
    "2021-03-31": {
        "Diluted EPS": -0.16,
        "Total Revenue": 453,
        "Gross Profit": 326,
        "Operating Income": 4,
        "EBIT": 4,
        "Net Income": -15
    },
    "2020-12-31": {
        "Diluted EPS": -0.95,
        "Total Revenue": 3,
        "Gross Profit": 96,
        "Operating Income": -127,
        "EBIT": -127,
        "Net Income": -90
    },
    "2020-09-30": {
        "Diluted EPS": -1.23,
        "Total Revenue": 432,
        "Gross Profit": 280,
        "Operating Income": -30,
        "EBIT": -30,
        "Net Income": -117
    },
    "2020-06-30": {
        "Diluted EPS": -2.15,
        "Total Revenue": 539,
        "Gross Profit": 282,
        "Operating Income": -56,
        "EBIT": -56,
        "Net Income": -203
    },
    "2020-03-31": {
        "Diluted EPS": -1.69,
        "Total Revenue": 725,
        "Gross Profit": 431,
        "Operating Income": -32,
        "EBIT": -32,
        "Net Income": -159
    },
    "2019-12-31": {
        "Diluted EPS": -0.46,
        "Total Revenue": -149,
        "Gross Profit": 50,
        "Operating Income": -104,
        "EBIT": -104,
        "Net Income": -43
    },
    "2019-09-30": {
        "Diluted EPS": 0.15,
        "Total Revenue": 855,
        "Gross Profit": 538,
        "Operating Income": 143,
        "EBIT": 143,
        "Net Income": 14
    },
    "2019-06-30": {
        "Diluted EPS": -0.83,
        "Total Revenue": 845,
        "Gross Profit": 524,
        "Operating Income": 128,
        "EBIT": 128,
        "Net Income": -77
    },
    "2019-03-31": {
        "Diluted EPS": -0.26,
        "Total Revenue": 837,
        "Gross Profit": 530,
        "Operating Income": 123,
        "EBIT": 123,
        "Net Income": -24
    },
    "2018-12-31": {
        "Diluted EPS": 2.28,
        "Total Revenue": 885,
        "Gross Profit": 544,
        "Operating Income": 323,
        "EBIT": 323,
        "Net Income": 208
    },
    "2018-09-30": {
        "Diluted EPS": -3.85,
        "Total Revenue": 821,
        "Gross Profit": 520,
        "Operating Income": -205,
        "EBIT": -205,
        "Net Income": -352
    },
    "2018-06-30": {
        "Diluted EPS": -0.06,
        "Total Revenue": 845,
        "Gross Profit": 529,
        "Operating Income": 99,
        "EBIT": 99,
        "Net Income": -6
    },
    "2018-03-31": {
        "Diluted EPS": -2.24,
        "Total Revenue": 812,
        "Gross Profit": 515,
        "Operating Income": 49,
        "EBIT": 49,
        "Net Income": -202
    },
    "2017-12-31": {
        "Diluted EPS": -0.48,
        "Total Revenue": 823,
        "Gross Profit": 509,
        "Operating Income": 98,
        "EBIT": 98,
        "Net Income": -43
    },
    "2017-09-30": {
        "Diluted EPS": -0.66,
        "Total Revenue": 769,
        "Gross Profit": 478,
        "Operating Income": 91,
        "EBIT": 91,
        "Net Income": -59
    },
    "2017-06-30": {
        "Diluted EPS": -0.44,
        "Total Revenue": 766,
        "Gross Profit": 487,
        "Operating Income": 117,
        "EBIT": 117,
        "Net Income": -39
    },
    "2017-03-31": {
        "Diluted EPS": -1.14,
        "Total Revenue": 725,
        "Gross Profit": 445,
        "Operating Income": 88,
        "EBIT": 88,
        "Net Income": -101
    },
    "2016-12-31": {
        "Diluted EPS": -1.26,
        "Total Revenue": 752,
        "Gross Profit": 453,
        "Operating Income": -12,
        "EBIT": -12,
        "Net Income": -111
    },
    "2016-09-30": {
        "Diluted EPS": -1.13,
        "Total Revenue": 720,
        "Gross Profit": 446,
        "Operating Income": 34,
        "EBIT": 34,
        "Net Income": -99
    },
    "2016-06-30": {
        "Diluted EPS": -0.59,
        "Total Revenue": 729,
        "Gross Profit": 453,
        "Operating Income": 59,
        "EBIT": 59,
        "Net Income": -52
    },
    "2016-03-31": {
        "Diluted EPS": -1.07,
        "Total Revenue": 682,
        "Gross Profit": 426,
        "Operating Income": 50,
        "EBIT": 50,
        "Net Income": -92
    },
    "2015-12-31": {
        "Diluted EPS": -1.51,
        "Total Revenue": 737,
        "Gross Profit": 414,
        "Operating Income": -54,
        "EBIT": 224,
        "Net Income": -128
    },
    "2015-09-30": {
        "Diluted EPS": -12.52,
        "Total Revenue": 672,
        "Gross Profit": 422,
        "Operating Income": -988,
        "EBIT": 233,
        "Net Income": NaN
    },
    "2015-06-30": {
        "Diluted EPS": -1.19,
        "Total Revenue": 692,
        "Gross Profit": 416,
        "Operating Income": 0,
        "EBIT": 222,
        "Net Income": -102
    },
    "2015-03-31": {
        "Diluted EPS": -1.01,
        "Total Revenue": 659,
        "Gross Profit": 403,
        "Operating Income": 18,
        "EBIT": 202,
        "Net Income": -86
    },
    "2014-12-31": {
        "Diluted EPS": -0.56,
        "Total Revenue": 566,
        "Gross Profit": 291,
        "Operating Income": -156,
        "EBIT": 7,
        "Net Income": -47
    },
    "2014-09-30": {
        "Diluted EPS": -0.82,
        "Total Revenue": 416,
        "Gross Profit": 216,
        "Operating Income": -8,
        "EBIT": 93,
        "Net Income": -70
    },
    "2014-06-30": {
        "Diluted EPS": -0.86,
        "Total Revenue": 417,
        "Gross Profit": 225,
        "Operating Income": 4,
        "EBIT": 100,
        "Net Income": -72
    },
    "2014-03-31": {
        "Diluted EPS": -0.53,
        "Total Revenue": 388,
        "Gross Profit": 205,
        "Operating Income": -12,
        "EBIT": 82,
        "Net Income": -45
    },
    "2013-12-31": {
        "Diluted EPS": -0.04,
        "Total Revenue": 402,
        "Gross Profit": 195,
        "Operating Income": -68,
        "EBIT": 24,
        "Net Income": -4
    },
    "2013-09-30": {
        "Diluted EPS": -0.01,
        "Total Revenue": 234,
        "Gross Profit": 108,
        "Operating Income": 26,
        "EBIT": 61,
        "Net Income": -1
    },
    "2013-06-30": {
        "Diluted EPS": -0.15,
        "Total Revenue": 235,
        "Gross Profit": 102,
        "Operating Income": 12,
        "EBIT": 56,
        "Net Income": -13
    },
    "2013-03-31": {
        "Diluted EPS": -0.16,
        "Total Revenue": 220,
        "Gross Profit": 95,
        "Operating Income": 11,
        "EBIT": 44,
        "Net Income": -13
    },
    "2012-12-31": {
        "Diluted EPS": -0.28,
        "Total Revenue": 247,
        "Gross Profit": 111,
        "Operating Income": 10,
        "EBIT": 75,
        "Net Income": -25
    },
    "2012-09-30": {
        "Diluted EPS": -0.3,
        "Total Revenue": 225,
        "Gross Profit": 98,
        "Operating Income": 17,
        "EBIT": 56,
        "Net Income": -27
    },
    "2012-06-30": {
        "Diluted EPS": -0.14,
        "Total Revenue": 226,
        "Gross Profit": 100,
        "Operating Income": 11,
        "EBIT": 50,
        "Net Income": -13
    },
    "2012-03-31": {
        "Diluted EPS": 0.02,
        "Total Revenue": 231,
        "Gross Profit": 101,
        "Operating Income": 25,
        "EBIT": 55,
        "Net Income": 2
    },
    "2011-12-31": {
        "Diluted EPS": -0.1,
        "Total Revenue": 226,
        "Gross Profit": 100,
        "Operating Income": 28,
        "EBIT": 58,
        "Net Income": -9
    },
    "2011-09-30": {
        "Diluted EPS": -0.04,
        "Total Revenue": 223,
        "Gross Profit": 98,
        "Operating Income": 21,
        "EBIT": 49,
        "Net Income": -4
    },
    "2011-06-30": {
        "Diluted EPS": 0.08,
        "Total Revenue": 220,
        "Gross Profit": 101,
        "Operating Income": 29,
        "EBIT": 58,
        "Net Income": 7
    },
    "2011-03-31": {
        "Diluted EPS": -0.08,
        "Total Revenue": 197,
        "Gross Profit": 85,
        "Operating Income": 14,
        "EBIT": 45,
        "Net Income": -7
    },
    "2010-12-31": {
        "Diluted EPS": -1.7,
        "Total Revenue": 212,
        "Gross Profit": 92,
        "Operating Income": -11,
        "EBIT": 49,
        "Net Income": -158
    },
    "2010-09-30": {
        "Diluted EPS": 0.09,
        "Total Revenue": 221,
        "Gross Profit": 88,
        "Operating Income": 22,
        "EBIT": 49,
        "Net Income": 9
    },
    "2010-06-30": {
        "Diluted EPS": -0.05,
        "Total Revenue": 233,
        "Gross Profit": 100,
        "Operating Income": 27,
        "EBIT": 54,
        "Net Income": -4
    },
    "2010-03-31": {
        "Diluted EPS": 0.05,
        "Total Revenue": 216,
        "Gross Profit": 88,
        "Operating Income": 22,
        "EBIT": 49,
        "Net Income": 5
    },
    "2009-12-31": {
        "Diluted EPS": -0.54,
        "Total Revenue": 233,
        "Gross Profit": 92,
        "Operating Income": -69,
        "EBIT": -11,
        "Net Income": -50
    },
    "2009-09-30": {
        "Diluted EPS": 0.16,
        "Total Revenue": 239,
        "Gross Profit": 101,
        "Operating Income": 30,
        "EBIT": 62,
        "Net Income": 15
    },
    "2009-06-30": {
        "Diluted EPS": 0.22,
        "Total Revenue": 225,
        "Gross Profit": 96,
        "Operating Income": 27,
        "EBIT": 57,
        "Net Income": 20
    },
    "2009-03-31": {
        "Diluted EPS": -0.27,
        "Total Revenue": 231,
        "Gross Profit": 90,
        "Operating Income": 13,
        "EBIT": 44,
        "Net Income": -25
    },
    "2023-06-30": {
        "Tax Effect Of Unusual Items": NaN,
        "Tax Rate For Calcs": NaN,
        "Normalized EBITDA": NaN,
        "Total Unusual Items": NaN,
        "Total Unusual Items Excluding Goodwill": NaN,
        "Net Income From Continuing Operation Net Minority Interest": NaN,
        "Reconciled Depreciation": NaN,
        "Reconciled Cost Of Revenue": NaN,
        "EBITDA": NaN,
        "EBIT": NaN,
        "Net Interest Income": NaN,
        "Interest Expense": NaN,
        "Normalized Income": NaN,
        "Net Income From Continuing And Discontinued Operation": NaN,
        "Total Expenses": NaN,
        "Total Operating Income As Reported": NaN,
        "Diluted Average Shares": 91000000.0,
        "Basic Average Shares": 91000000.0,
        "Diluted EPS": -0.01,
        "Basic EPS": -0.01,
        "Diluted NI Availto Com Stockholders": NaN,
        "Net Income Common Stockholders": NaN,
        "Net Income": NaN,
        "Minority Interests": NaN,
        "Net Income Including Noncontrolling Interests": NaN,
        "Net Income Discontinuous Operations": 0.0,
        "Net Income Continuous Operations": NaN,
        "Tax Provision": NaN,
        "Pretax Income": NaN,
        "Other Income Expense": NaN,
        "Other Non Operating Income Expenses": NaN,
        "Special Income Charges": NaN,
        "Other Special Charges": 4000000.0,
        "Restructuring And Mergern Acquisition": NaN,
        "Net Non Operating Interest Income Expense": NaN,
        "Interest Expense Non Operating": NaN,
        "Operating Income": NaN,
        "Operating Expense": NaN,
        "Depreciation Amortization Depletion Income Statement": NaN,
        "Depreciation And Amortization In Income Statement": NaN,
        "Research And Development": NaN,
        "Selling General And Administration": NaN,
        "Gross Profit": NaN,
        "Cost Of Revenue": NaN,
        "Total Revenue": NaN,
        "Operating Revenue": NaN
    },
    "2023-09-30": {
        "Tax Effect Of Unusual Items": -2531914.893617,
        "Tax Rate For Calcs": 0.148936,
        "Normalized EBITDA": 279000000.0,
        "Total Unusual Items": -17000000.0,
        "Total Unusual Items Excluding Goodwill": -17000000.0,
        "Net Income From Continuing Operation Net Minority Interest": 75000000.0,
        "Reconciled Depreciation": 90000000.0,
        "Reconciled Cost Of Revenue": 218000000.0,
        "EBITDA": 262000000.0,
        "EBIT": 172000000.0,
        "Net Interest Income": -78000000.0,
        "Interest Expense": 78000000.0,
        "Normalized Income": 89468085.106383,
        "Net Income From Continuing And Discontinued Operation": 75000000.0,
        "Total Expenses": 567000000.0,
        "Total Operating Income As Reported": 147000000.0,
        "Diluted Average Shares": 92000000.0,
        "Basic Average Shares": 91000000.0,
        "Diluted EPS": 0.81,
        "Basic EPS": 0.83,
        "Diluted NI Availto Com Stockholders": 75000000.0,
        "Net Income Common Stockholders": 75000000.0,
        "Net Income": 75000000.0,
        "Minority Interests": -5000000.0,
        "Net Income Including Noncontrolling Interests": 80000000.0,
        "Net Income Discontinuous Operations": 0.0,
        "Net Income Continuous Operations": 80000000.0,
        "Tax Provision": 14000000.0,
        "Pretax Income": 94000000.0,
        "Other Income Expense": 8000000.0,
        "Other Non Operating Income Expenses": 25000000.0,
        "Special Income Charges": -17000000.0,
        "Other Special Charges": NaN,
        "Restructuring And Mergern Acquisition": 17000000.0,
        "Net Non Operating Interest Income Expense": -78000000.0,
        "Interest Expense Non Operating": 78000000.0,
        "Operating Income": 164000000.0,
        "Operating Expense": 349000000.0,
        "Depreciation Amortization Depletion Income Statement": 90000000.0,
        "Depreciation And Amortization In Income Statement": 90000000.0,
        "Research And Development": 55000000.0,
        "Selling General And Administration": 204000000.0,
        "Gross Profit": 513000000.0,
        "Cost Of Revenue": 218000000.0,
        "Total Revenue": 731000000.0,
        "Operating Revenue": 731000000.0
    },
    "2023-12-31": {
        "Tax Effect Of Unusual Items": -5460000.0,
        "Tax Rate For Calcs": 0.21,
        "Normalized EBITDA": 256000000.0,
        "Total Unusual Items": -26000000.0,
        "Total Unusual Items Excluding Goodwill": -26000000.0,
        "Net Income From Continuing Operation Net Minority Interest": 67000000.0,
        "Reconciled Depreciation": 86000000.0,
        "Reconciled Cost Of Revenue": 234000000.0,
        "EBITDA": 230000000.0,
        "EBIT": 144000000.0,
        "Net Interest Income": -78000000.0,
        "Interest Expense": 78000000.0,
        "Normalized Income": 87540000.0,
        "Net Income From Continuing And Discontinued Operation": 67000000.0,
        "Total Expenses": 589000000.0,
        "Total Operating Income As Reported": 156000000.0,
        "Diluted Average Shares": NaN,
        "Basic Average Shares": NaN,
        "Diluted EPS": NaN,
        "Basic EPS": NaN,
        "Diluted NI Availto Com Stockholders": 67000000.0,
        "Net Income Common Stockholders": 67000000.0,
        "Net Income": 67000000.0,
        "Minority Interests": -1000000.0,
        "Net Income Including Noncontrolling Interests": 68000000.0,
        "Net Income Discontinuous Operations": 0.0,
        "Net Income Continuous Operations": 68000000.0,
        "Tax Provision": -2000000.0,
        "Pretax Income": 66000000.0,
        "Other Income Expense": -38000000.0,
        "Other Non Operating Income Expenses": -12000000.0,
        "Special Income Charges": -26000000.0,
        "Other Special Charges": NaN,
        "Restructuring And Mergern Acquisition": 26000000.0,
        "Net Non Operating Interest Income Expense": -78000000.0,
        "Interest Expense Non Operating": 78000000.0,
        "Operating Income": 182000000.0,
        "Operating Expense": 355000000.0,
        "Depreciation Amortization Depletion Income Statement": 86000000.0,
        "Depreciation And Amortization In Income Statement": 86000000.0,
        "Research And Development": 60000000.0,
        "Selling General And Administration": 209000000.0,
        "Gross Profit": 537000000.0,
        "Cost Of Revenue": 234000000.0,
        "Total Revenue": 771000000.0,
        "Operating Revenue": 771000000.0
    },
    "2024-03-31": {
        "Tax Effect Of Unusual Items": -1080000.0,
        "Tax Rate For Calcs": 0.18,
        "Normalized EBITDA": 267000000.0,
        "Total Unusual Items": -6000000.0,
        "Total Unusual Items Excluding Goodwill": -6000000.0,
        "Net Income From Continuing Operation Net Minority Interest": 82000000.0,
        "Reconciled Depreciation": 86000000.0,
        "Reconciled Cost Of Revenue": 219000000.0,
        "EBITDA": 261000000.0,
        "EBIT": 175000000.0,
        "Net Interest Income": -75000000.0,
        "Interest Expense": 75000000.0,
        "Normalized Income": 86920000.0,
        "Net Income From Continuing And Discontinued Operation": 82000000.0,
        "Total Expenses": 585000000.0,
        "Total Operating Income As Reported": 165000000.0,
        "Diluted Average Shares": 92000000.0,
        "Basic Average Shares": 90000000.0,
        "Diluted EPS": 0.88,
        "Basic EPS": 0.91,
        "Diluted NI Availto Com Stockholders": 82000000.0,
        "Net Income Common Stockholders": 82000000.0,
        "Net Income": 82000000.0,
        "Minority Interests": 0.0,
        "Net Income Including Noncontrolling Interests": 82000000.0,
        "Net Income Discontinuous Operations": NaN,
        "Net Income Continuous Operations": 82000000.0,
        "Tax Provision": 18000000.0,
        "Pretax Income": 100000000.0,
        "Other Income Expense": 4000000.0,
        "Other Non Operating Income Expenses": 10000000.0,
        "Special Income Charges": -6000000.0,
        "Other Special Charges": NaN,
        "Restructuring And Mergern Acquisition": 6000000.0,
        "Net Non Operating Interest Income Expense": -75000000.0,
        "Interest Expense Non Operating": 75000000.0,
        "Operating Income": 171000000.0,
        "Operating Expense": 366000000.0,
        "Depreciation Amortization Depletion Income Statement": 86000000.0,
        "Depreciation And Amortization In Income Statement": 86000000.0,
        "Research And Development": 62000000.0,
        "Selling General And Administration": 218000000.0,
        "Gross Profit": 537000000.0,
        "Cost Of Revenue": 219000000.0,
        "Total Revenue": 756000000.0,
        "Operating Revenue": 756000000.0
    },
    "2024-06-30": {
        "Tax Effect Of Unusual Items": -8185185.185185,
        "Tax Rate For Calcs": 0.240741,
        "Normalized EBITDA": 304000000.0,
        "Total Unusual Items": -34000000.0,
        "Total Unusual Items Excluding Goodwill": -34000000.0,
        "Net Income From Continuing Operation Net Minority Interest": 82000000.0,
        "Reconciled Depreciation": 87000000.0,
        "Reconciled Cost Of Revenue": 236000000.0,
        "EBITDA": 270000000.0,
        "EBIT": 183000000.0,
        "Net Interest Income": -75000000.0,
        "Interest Expense": 75000000.0,
        "Normalized Income": 107814814.814815,
        "Net Income From Continuing And Discontinued Operation": 82000000.0,
        "Total Expenses": 609000000.0,
        "Total Operating Income As Reported": 175000000.0,
        "Diluted Average Shares": 92000000.0,
        "Basic Average Shares": 90000000.0,
        "Diluted EPS": 0.9,
        "Basic EPS": 0.92,
        "Diluted NI Availto Com Stockholders": 82000000.0,
        "Net Income Common Stockholders": 82000000.0,
        "Net Income": 82000000.0,
        "Minority Interests": 0.0,
        "Net Income Including Noncontrolling Interests": 82000000.0,
        "Net Income Discontinuous Operations": NaN,
        "Net Income Continuous Operations": 82000000.0,
        "Tax Provision": 26000000.0,
        "Pretax Income": 108000000.0,
        "Other Income Expense": -26000000.0,
        "Other Non Operating Income Expenses": 8000000.0,
        "Special Income Charges": -34000000.0,
        "Other Special Charges": 32000000.0,
        "Restructuring And Mergern Acquisition": 2000000.0,
        "Net Non Operating Interest Income Expense": -75000000.0,
        "Interest Expense Non Operating": 75000000.0,
        "Operating Income": 209000000.0,
        "Operating Expense": 373000000.0,
        "Depreciation Amortization Depletion Income Statement": 87000000.0,
        "Depreciation And Amortization In Income Statement": 87000000.0,
        "Research And Development": 66000000.0,
        "Selling General And Administration": 220000000.0,
        "Gross Profit": 582000000.0,
        "Cost Of Revenue": 236000000.0,
        "Total Revenue": 818000000.0,
        "Operating Revenue": 818000000.0
    },
    "2024-09-30": {
        "Tax Effect Of Unusual Items": -7555555.555556,
        "Tax Rate For Calcs": 0.209877,
        "Normalized EBITDA": 280000000.0,
        "Total Unusual Items": -36000000.0,
        "Total Unusual Items Excluding Goodwill": -36000000.0,
        "Net Income From Continuing Operation Net Minority Interest": 64000000.0,
        "Reconciled Depreciation": 90000000.0,
        "Reconciled Cost Of Revenue": 246000000.0,
        "EBITDA": 244000000.0,
        "EBIT": 154000000.0,
        "Net Interest Income": -73000000.0,
        "Interest Expense": 73000000.0,
        "Normalized Income": 92444444.444444,
        "Net Income From Continuing And Discontinued Operation": 64000000.0,
        "Total Expenses": 622000000.0,
        "Total Operating Income As Reported": 159000000.0,
        "Diluted Average Shares": 91000000.0,
        "Basic Average Shares": 89000000.0,
        "Diluted EPS": 0.71,
        "Basic EPS": 0.72,
        "Diluted NI Availto Com Stockholders": 64000000.0,
        "Net Income Common Stockholders": 64000000.0,
        "Net Income": 64000000.0,
        "Minority Interests": 0.0,
        "Net Income Including Noncontrolling Interests": 64000000.0,
        "Net Income Discontinuous Operations": NaN,
        "Net Income Continuous Operations": 64000000.0,
        "Tax Provision": 17000000.0,
        "Pretax Income": 81000000.0,
        "Other Income Expense": -41000000.0,
        "Other Non Operating Income Expenses": -5000000.0,
        "Special Income Charges": -36000000.0,
        "Other Special Charges": 34000000.0,
        "Restructuring And Mergern Acquisition": 2000000.0,
        "Net Non Operating Interest Income Expense": -73000000.0,
        "Interest Expense Non Operating": 73000000.0,
        "Operating Income": 195000000.0,
        "Operating Expense": 376000000.0,
        "Depreciation Amortization Depletion Income Statement": 90000000.0,
        "Depreciation And Amortization In Income Statement": 90000000.0,
        "Research And Development": 66000000.0,
        "Selling General And Administration": 220000000.0,
        "Gross Profit": 571000000.0,
        "Cost Of Revenue": 246000000.0,
        "Total Revenue": 817000000.0,
        "Operating Revenue": 817000000.0
    }
}