{
    "2023-06-30": {
        "Tax Effect Of Unusual Items": 0.0,
        "Tax Rate For Calcs": 0.075,
        "Net Income From Continuing Operation Net Minority Interest": 17544000.0,
        "Reconciled Depreciation": NaN,
        "Net Interest Income": 84302000.0,
        "Interest Expense": 85410000.0,
        "Interest Income": 169712000.0,
        "Normalized Income": 17544000.0,
        "Net Income From Continuing And Discontinued Operation": 17544000.0,
        "Diluted Average Shares": 44835089.0,
        "Basic Average Shares": 44327474.0,
        "Diluted EPS": 0.39,
        "Basic EPS": 0.4,
        "Diluted NI Availto Com Stockholders": 17544000.0,
        "Net Income Common Stockholders": 17544000.0,
        "Net Income": 17544000.0,
        "Net Income Including Noncontrolling Interests": 17544000.0,
        "Net Income Continuous Operations": 17544000.0,
        "Tax Provision": 1429000.0,
        "Pretax Income": 18973000.0,
        "Gain On Sale Of Security": 121000.0,
        "Selling General And Administration": 51136000.0,
        "Selling And Marketing Expense": 3009000.0,
        "General And Administrative Expense": 48127000.0,
        "Other Gand A": NaN,
        "Insurance And Claims": 5061000.0,
        "Salaries And Wages": 43066000.0,
        "Total Revenue": 107071000.0,
        "Operating Revenue": 107071000.0
    },
    "2023-03-31": {
        "Tax Effect Of Unusual Items": 0.0,
        "Tax Rate For Calcs": 0.4,
        "Net Income From Continuing Operation Net Minority Interest": 398000.0,
        "Reconciled Depreciation": 5193000.0,
        "Net Interest Income": 82017000.0,
        "Interest Expense": 69399000.0,
        "Interest Income": 151416000.0,
        "Normalized Income": 398000.0,
        "Net Income From Continuing And Discontinued Operation": 398000.0,
        "Diluted Average Shares": 44964616.0,
        "Basic Average Shares": 44157156.0,
        "Diluted EPS": 0.01,
        "Basic EPS": 0.01,
        "Diluted NI Availto Com Stockholders": 398000.0,
        "Net Income Common Stockholders": 398000.0,
        "Net Income": 398000.0,
        "Net Income Including Noncontrolling Interests": 398000.0,
        "Net Income Continuous Operations": 398000.0,
        "Tax Provision": 3215000.0,
        "Pretax Income": 3613000.0,
        "Gain On Sale Of Security": 8000.0,
        "Selling General And Administration": 51771000.0,
        "Selling And Marketing Expense": 3603000.0,
        "General And Administrative Expense": 48168000.0,
        "Other Gand A": 10140000.0,
        "Insurance And Claims": 3403000.0,
        "Salaries And Wages": 44765000.0,
        "Total Revenue": 100552000.0,
        "Operating Revenue": 100552000.0
    },
    "2022-12-31": {
        "Tax Effect Of Unusual Items": 0.0,
        "Tax Rate For Calcs": 0.4,
        "Net Income From Continuing Operation Net Minority Interest": 1792000.0,
        "Reconciled Depreciation": 5153000.0,
        "Net Interest Income": 85902000.0,
        "Interest Expense": 50708000.0,
        "Interest Income": 136610000.0,
        "Normalized Income": 1792000.0,
        "Net Income From Continuing And Discontinued Operation": 1792000.0,
        "Diluted Average Shares": 44794941.0,
        "Basic Average Shares": 44005220.0,
        "Diluted EPS": 0.04,
        "Basic EPS": 0.04,
        "Diluted NI Availto Com Stockholders": 1792000.0,
        "Net Income Common Stockholders": 1792000.0,
        "Net Income": 1792000.0,
        "Net Income Including Noncontrolling Interests": 1792000.0,
        "Net Income Continuous Operations": 1792000.0,
        "Tax Provision": -1075000.0,
        "Pretax Income": 717000.0,
        "Gain On Sale Of Security": -7578000.0,
        "Selling General And Administration": 49375000.0,
        "Selling And Marketing Expense": 3892000.0,
        "General And Administrative Expense": 45483000.0,
        "Other Gand A": NaN,
        "Insurance And Claims": 2923000.0,
        "Salaries And Wages": 42560000.0,
        "Total Revenue": 94688000.0,
        "Operating Revenue": 94688000.0
    },
    "2022-09-30": {
        "Tax Effect Of Unusual Items": 0.0,
        "Tax Rate For Calcs": 0.034,
        "Net Income From Continuing Operation Net Minority Interest": 42868000.0,
        "Reconciled Depreciation": 5073000.0,
        "Net Interest Income": 83886000.0,
        "Interest Expense": 31948000.0,
        "Interest Income": 115834000.0,
        "Normalized Income": 42868000.0,
        "Net Income From Continuing And Discontinued Operation": 42868000.0,
        "Diluted Average Shares": 44797109.0,
        "Basic Average Shares": 43914920.0,
        "Diluted EPS": 0.96,
        "Basic EPS": 0.97,
        "Diluted NI Availto Com Stockholders": 42868000.0,
        "Net Income Common Stockholders": 42868000.0,
        "Net Income": 42868000.0,
        "Net Income Including Noncontrolling Interests": 42868000.0,
        "Net Income Continuous Operations": 42868000.0,
        "Tax Provision": 1525000.0,
        "Pretax Income": 44393000.0,
        "Gain On Sale Of Security": -6845000.0,
        "Selling General And Administration": 58939000.0,
        "Selling And Marketing Expense": 2621000.0,
        "General And Administrative Expense": 56318000.0,
        "Other Gand A": 10142000.0,
        "Insurance And Claims": 2697000.0,
        "Salaries And Wages": 43479000.0,
        "Total Revenue": 101377000.0,
        "Operating Revenue": 101377000.0
    },
    "2022-06-30": {
        "Tax Effect Of Unusual Items": 0.0,
        "Tax Rate For Calcs": 0.207,
        "Net Income From Continuing Operation Net Minority Interest": 97039000.0,
        "Reconciled Depreciation": 5148000.0,
        "Net Interest Income": 79934000.0,
        "Interest Expense": 19313000.0,
        "Interest Income": 99247000.0,
        "Normalized Income": 97039000.0,
        "Net Income From Continuing And Discontinued Operation": 97039000.0,
        "Diluted Average Shares": 44803278.0,
        "Basic Average Shares": 43824707.0,
        "Diluted EPS": 2.16,
        "Basic EPS": 2.22,
        "Diluted NI Availto Com Stockholders": 97039000.0,
        "Net Income Common Stockholders": 97039000.0,
        "Net Income": 97039000.0,
        "Net Income Including Noncontrolling Interests": 97039000.0,
        "Net Income Continuous Operations": 97039000.0,
        "Tax Provision": 25278000.0,
        "Pretax Income": 122317000.0,
        "Gain On Sale Of Security": 1605000.0,
        "Selling General And Administration": 58861000.0,
        "Selling And Marketing Expense": 2301000.0,
        "General And Administrative Expense": 56560000.0,
        "Other Gand A": 8120000.0,
        "Insurance And Claims": 2164000.0,
        "Salaries And Wages": 46276000.0,
        "Total Revenue": 86335000.0,
        "Operating Revenue": 86335000.0
    },
    "2022-03-31": {
        "Diluted EPS": 0.76,
        "Total Revenue": 125,
        "Gross Profit": 110,
        "Operating Income": 43,
        "EBIT": NaN,
        "Net Income": 35
    },
    "2021-12-31": {
        "Diluted EPS": 0.66,
        "Total Revenue": 126,
        "Gross Profit": 111,
        "Operating Income": 48,
        "EBIT": NaN,
        "Net Income": 30
    },
    "2021-09-30": {
        "Diluted EPS": 0.76,
        "Total Revenue": 118,
        "Gross Profit": 103,
        "Operating Income": 43,
        "EBIT": NaN,
        "Net Income": 34
    },
    "2021-06-30": {
        "Diluted EPS": 1.41,
        "Total Revenue": 158,
        "Gross Profit": 142,
        "Operating Income": 76,
        "EBIT": NaN,
        "Net Income": 64
    },
    "2021-03-31": {
        "Diluted EPS": 0.88,
        "Total Revenue": 119,
        "Gross Profit": 101,
        "Operating Income": 47,
        "EBIT": NaN,
        "Net Income": 39
    },
    "2020-12-31": {
        "Diluted EPS": 0.72,
        "Total Revenue": 94,
        "Gross Profit": 73,
        "Operating Income": 12,
        "EBIT": NaN,
        "Net Income": 30
    },
    "2020-09-30": {
        "Diluted EPS": 0.81,
        "Total Revenue": 122,
        "Gross Profit": 98,
        "Operating Income": 45,
        "EBIT": NaN,
        "Net Income": 34
    },
    "2020-06-30": {
        "Diluted EPS": 0.09,
        "Total Revenue": 89,
        "Gross Profit": 63,
        "Operating Income": 5,
        "EBIT": NaN,
        "Net Income": 4
    },
    "2020-03-31": {
        "Diluted EPS": -0.19,
        "Total Revenue": 69,
        "Gross Profit": 46,
        "Operating Income": -15,
        "EBIT": NaN,
        "Net Income": -8
    },
    "2019-12-31": {
        "Diluted EPS": 0.17,
        "Total Revenue": 82,
        "Gross Profit": 58,
        "Operating Income": 9,
        "EBIT": NaN,
        "Net Income": 7
    },
    "2019-09-30": {
        "Diluted EPS": 0.09,
        "Total Revenue": 77,
        "Gross Profit": 53,
        "Operating Income": 6,
        "EBIT": NaN,
        "Net Income": 4
    },
    "2019-06-30": {
        "Diluted EPS": 0.12,
        "Total Revenue": 70,
        "Gross Profit": 49,
        "Operating Income": 6,
        "EBIT": NaN,
        "Net Income": 5
    },
    "2019-03-31": {
        "Diluted EPS": 0.06,
        "Total Revenue": 63,
        "Gross Profit": 44,
        "Operating Income": 3,
        "EBIT": NaN,
        "Net Income": 2
    },
    "2018-12-31": {
        "Diluted EPS": 0.26,
        "Total Revenue": 55,
        "Gross Profit": 39,
        "Operating Income": 7,
        "EBIT": NaN,
        "Net Income": 10
    },
    "2018-09-30": {
        "Diluted EPS": 0.34,
        "Total Revenue": 66,
        "Gross Profit": 52,
        "Operating Income": 11,
        "EBIT": NaN,
        "Net Income": 14
    },
    "2018-06-30": {
        "Diluted EPS": 0.34,
        "Total Revenue": 72,
        "Gross Profit": 58,
        "Operating Income": 15,
        "EBIT": NaN,
        "Net Income": 14
    },
    "2018-03-31": {
        "Diluted EPS": 0.3,
        "Total Revenue": 66,
        "Gross Profit": 55,
        "Operating Income": 13,
        "EBIT": NaN,
        "Net Income": 12
    },
    "2017-12-31": {
        "Diluted EPS": 1.88,
        "Total Revenue": 126,
        "Gross Profit": 118,
        "Operating Income": 78,
        "EBIT": NaN,
        "Net Income": 72
    },
    "2017-09-30": {
        "Diluted EPS": 0.33,
        "Total Revenue": 53,
        "Gross Profit": 46,
        "Operating Income": 8,
        "EBIT": NaN,
        "Net Income": 13
    },
    "2017-06-30": {
        "Diluted EPS": 0.27,
        "Total Revenue": 51,
        "Gross Profit": 45,
        "Operating Income": 10,
        "EBIT": NaN,
        "Net Income": 10
    },
    "2017-03-31": {
        "Diluted EPS": 0.17,
        "Total Revenue": 46,
        "Gross Profit": 41,
        "Operating Income": 7,
        "EBIT": NaN,
        "Net Income": 6
    },
    "2016-12-31": {
        "Diluted EPS": 0.16,
        "Total Revenue": 43,
        "Gross Profit": 39,
        "Operating Income": 6,
        "EBIT": NaN,
        "Net Income": 5
    },
    "2016-09-30": {
        "Diluted EPS": 0.1,
        "Total Revenue": 41,
        "Gross Profit": 37,
        "Operating Income": 6,
        "EBIT": NaN,
        "Net Income": 3
    },
    "2016-06-30": {
        "Diluted EPS": 0.0,
        "Total Revenue": 33,
        "Gross Profit": 29,
        "Operating Income": 1,
        "EBIT": NaN,
        "Net Income": 0
    },
    "2016-03-31": {
        "Diluted EPS": 0.13,
        "Total Revenue": 34,
        "Gross Profit": 31,
        "Operating Income": 8,
        "EBIT": NaN,
        "Net Income": 5
    },
    "2015-12-31": {
        "Diluted EPS": 0.16,
        "Total Revenue": 35,
        "Gross Profit": 33,
        "Operating Income": 10,
        "EBIT": NaN,
        "Net Income": 6
    },
    "2015-09-30": {
        "Diluted EPS": 0.09,
        "Total Revenue": 27,
        "Gross Profit": 24,
        "Operating Income": 5,
        "EBIT": NaN,
        "Net Income": 3
    },
    "2015-06-30": {
        "Diluted EPS": 0.13,
        "Total Revenue": 26,
        "Gross Profit": 24,
        "Operating Income": 7,
        "EBIT": NaN,
        "Net Income": 4
    },
    "2015-03-31": {
        "Diluted EPS": 0.27,
        "Total Revenue": 31,
        "Gross Profit": 29,
        "Operating Income": 13,
        "EBIT": NaN,
        "Net Income": 8
    },
    "2014-12-31": {
        "Diluted EPS": 0.08,
        "Total Revenue": 22,
        "Gross Profit": 20,
        "Operating Income": 2,
        "EBIT": NaN,
        "Net Income": 2
    },
    "2014-09-30": {
        "Diluted EPS": 0.02,
        "Total Revenue": 22,
        "Gross Profit": 20,
        "Operating Income": 7,
        "EBIT": NaN,
        "Net Income": 1
    },
    "2014-06-30": {
        "Diluted EPS": 0.31,
        "Total Revenue": 20,
        "Gross Profit": 19,
        "Operating Income": 7,
        "EBIT": NaN,
        "Net Income": 7
    },
    "2014-03-31": {
        "Diluted EPS": 0.01,
        "Total Revenue": 16,
        "Gross Profit": 15,
        "Operating Income": 0,
        "EBIT": NaN,
        "Net Income": 0
    },
    "2013-12-31": {
        "Diluted EPS": 0.0,
        "Total Revenue": NaN,
        "Gross Profit": NaN,
        "Operating Income": NaN,
        "EBIT": NaN,
        "Net Income": NaN
    },
    "2012-12-31": {
        "Diluted EPS": 0.0,
        "Total Revenue": NaN,
        "Gross Profit": NaN,
        "Operating Income": NaN,
        "EBIT": NaN,
        "Net Income": NaN
    }
}