{
    "2023-06-30": {
        "Tax Effect Of Unusual Items": -2896752.17582,
        "Tax Rate For Calcs": 0.166518,
        "Normalized EBITDA": 123550000.0,
        "Total Unusual Items": -17396000.0,
        "Total Unusual Items Excluding Goodwill": -17396000.0,
        "Net Income From Continuing Operation Net Minority Interest": 62727000.0,
        "Reconciled Depreciation": 23325000.0,
        "Reconciled Cost Of Revenue": 578217000.0,
        "EBITDA": 106154000.0,
        "EBIT": 82829000.0,
        "Net Interest Income": 9826000.0,
        "Interest Income": 9826000.0,
        "Normalized Income": 77226247.82418,
        "Net Income From Continuing And Discontinued Operation": 62727000.0,
        "Total Expenses": 891670000.0,
        "Total Operating Income As Reported": 78405000.0,
        "Diluted Average Shares": 160155000.0,
        "Basic Average Shares": 158859000.0,
        "Diluted EPS": 0.39,
        "Basic EPS": 0.39,
        "Diluted NI Availto Com Stockholders": 62727000.0,
        "Net Income Common Stockholders": 62727000.0,
        "Net Income": 62727000.0,
        "Net Income Including Noncontrolling Interests": 62727000.0,
        "Net Income Continuous Operations": 62727000.0,
        "Tax Provision": 12532000.0,
        "Pretax Income": 75259000.0,
        "Other Income Expense": -17396000.0,
        "Other Non Operating Income Expenses": 913000.0,
        "Special Income Charges": -3511000.0,
        "Impairment Of Capital Assets": NaN,
        "Restructuring And Mergern Acquisition": 3511000.0,
        "Gain On Sale Of Security": -13885000.0,
        "Net Non Operating Interest Income Expense": 9826000.0,
        "Interest Income Non Operating": 9826000.0,
        "Operating Income": 82829000.0,
        "Operating Expense": 292813000.0,
        "Depreciation Amortization Depletion Income Statement": 2685000.0,
        "Depreciation And Amortization In Income Statement": 2685000.0,
        "Amortization": 2685000.0,
        "Amortization Of Intangibles Income Statement": 2685000.0,
        "Research And Development": 70559000.0,
        "Selling General And Administration": 219569000.0,
        "Selling And Marketing Expense": 179185000.0,
        "General And Administrative Expense": 40384000.0,
        "Other Gand A": 41297000.0,
        "Salaries And Wages": -913000.0,
        "Gross Profit": 375642000.0,
        "Cost Of Revenue": 598857000.0,
        "Total Revenue": 974499000.0,
        "Operating Revenue": 974499000.0
    },
    "2023-03-31": {
        "Tax Effect Of Unusual Items": NaN,
        "Tax Rate For Calcs": NaN,
        "Normalized EBITDA": NaN,
        "Total Unusual Items": NaN,
        "Total Unusual Items Excluding Goodwill": NaN,
        "Net Income From Continuing Operation Net Minority Interest": NaN,
        "Reconciled Depreciation": NaN,
        "Reconciled Cost Of Revenue": NaN,
        "EBITDA": NaN,
        "EBIT": NaN,
        "Net Interest Income": NaN,
        "Interest Income": NaN,
        "Normalized Income": NaN,
        "Net Income From Continuing And Discontinued Operation": NaN,
        "Total Expenses": NaN,
        "Total Operating Income As Reported": NaN,
        "Diluted Average Shares": NaN,
        "Basic Average Shares": NaN,
        "Diluted EPS": NaN,
        "Basic EPS": NaN,
        "Diluted NI Availto Com Stockholders": NaN,
        "Net Income Common Stockholders": NaN,
        "Net Income": NaN,
        "Net Income Including Noncontrolling Interests": NaN,
        "Net Income Continuous Operations": NaN,
        "Tax Provision": NaN,
        "Pretax Income": NaN,
        "Other Income Expense": NaN,
        "Other Non Operating Income Expenses": 8727000.0,
        "Special Income Charges": NaN,
        "Impairment Of Capital Assets": 0.0,
        "Restructuring And Mergern Acquisition": NaN,
        "Gain On Sale Of Security": NaN,
        "Net Non Operating Interest Income Expense": NaN,
        "Interest Income Non Operating": NaN,
        "Operating Income": NaN,
        "Operating Expense": NaN,
        "Depreciation Amortization Depletion Income Statement": NaN,
        "Depreciation And Amortization In Income Statement": NaN,
        "Amortization": NaN,
        "Amortization Of Intangibles Income Statement": NaN,
        "Research And Development": NaN,
        "Selling General And Administration": NaN,
        "Selling And Marketing Expense": NaN,
        "General And Administrative Expense": NaN,
        "Other Gand A": NaN,
        "Salaries And Wages": NaN,
        "Gross Profit": NaN,
        "Cost Of Revenue": NaN,
        "Total Revenue": NaN,
        "Operating Revenue": NaN
    },
    "2022-12-31": {
        "Tax Effect Of Unusual Items": NaN,
        "Tax Rate For Calcs": NaN,
        "Normalized EBITDA": NaN,
        "Total Unusual Items": NaN,
        "Total Unusual Items Excluding Goodwill": NaN,
        "Net Income From Continuing Operation Net Minority Interest": NaN,
        "Reconciled Depreciation": NaN,
        "Reconciled Cost Of Revenue": NaN,
        "EBITDA": NaN,
        "EBIT": NaN,
        "Net Interest Income": NaN,
        "Interest Income": NaN,
        "Normalized Income": NaN,
        "Net Income From Continuing And Discontinued Operation": NaN,
        "Total Expenses": NaN,
        "Total Operating Income As Reported": NaN,
        "Diluted Average Shares": NaN,
        "Basic Average Shares": NaN,
        "Diluted EPS": NaN,
        "Basic EPS": NaN,
        "Diluted NI Availto Com Stockholders": NaN,
        "Net Income Common Stockholders": NaN,
        "Net Income": NaN,
        "Net Income Including Noncontrolling Interests": NaN,
        "Net Income Continuous Operations": NaN,
        "Tax Provision": NaN,
        "Pretax Income": NaN,
        "Other Income Expense": NaN,
        "Other Non Operating Income Expenses": 402000.0,
        "Special Income Charges": NaN,
        "Impairment Of Capital Assets": 0.0,
        "Restructuring And Mergern Acquisition": NaN,
        "Gain On Sale Of Security": NaN,
        "Net Non Operating Interest Income Expense": NaN,
        "Interest Income Non Operating": NaN,
        "Operating Income": NaN,
        "Operating Expense": NaN,
        "Depreciation Amortization Depletion Income Statement": NaN,
        "Depreciation And Amortization In Income Statement": NaN,
        "Amortization": NaN,
        "Amortization Of Intangibles Income Statement": NaN,
        "Research And Development": NaN,
        "Selling General And Administration": NaN,
        "Selling And Marketing Expense": NaN,
        "General And Administrative Expense": NaN,
        "Other Gand A": NaN,
        "Salaries And Wages": NaN,
        "Gross Profit": NaN,
        "Cost Of Revenue": NaN,
        "Total Revenue": NaN,
        "Operating Revenue": NaN
    },
    "2022-09-30": {
        "Tax Effect Of Unusual Items": -2397190.711434,
        "Tax Rate For Calcs": 0.221613,
        "Normalized EBITDA": 173712000.0,
        "Total Unusual Items": -10817000.0,
        "Total Unusual Items Excluding Goodwill": -10817000.0,
        "Net Income From Continuing Operation Net Minority Interest": 82091000.0,
        "Reconciled Depreciation": 24677000.0,
        "Reconciled Cost Of Revenue": 688367000.0,
        "EBITDA": 162895000.0,
        "EBIT": 138218000.0,
        "Net Interest Income": 3459000.0,
        "Interest Income": 3459000.0,
        "Normalized Income": 90510809.288566,
        "Net Income From Continuing And Discontinued Operation": 82091000.0,
        "Total Expenses": 1010733000.0,
        "Total Operating Income As Reported": 127401000.0,
        "Diluted Average Shares": 164328000.0,
        "Basic Average Shares": 163186000.0,
        "Diluted EPS": 0.5,
        "Basic EPS": 0.5,
        "Diluted NI Availto Com Stockholders": 82091000.0,
        "Net Income Common Stockholders": 82091000.0,
        "Net Income": 82091000.0,
        "Net Income Including Noncontrolling Interests": 82091000.0,
        "Net Income Continuous Operations": 82091000.0,
        "Tax Provision": 23372000.0,
        "Pretax Income": 105463000.0,
        "Other Income Expense": -36214000.0,
        "Other Non Operating Income Expenses": -25397000.0,
        "Special Income Charges": -10817000.0,
        "Impairment Of Capital Assets": NaN,
        "Restructuring And Mergern Acquisition": 10817000.0,
        "Gain On Sale Of Security": -25748000.0,
        "Net Non Operating Interest Income Expense": 3459000.0,
        "Interest Income Non Operating": 3459000.0,
        "Operating Income": 138218000.0,
        "Operating Expense": 300562000.0,
        "Depreciation Amortization Depletion Income Statement": 2873000.0,
        "Depreciation And Amortization In Income Statement": 2873000.0,
        "Amortization": 2873000.0,
        "Amortization Of Intangibles Income Statement": 2873000.0,
        "Research And Development": 69009000.0,
        "Selling General And Administration": 228680000.0,
        "Selling And Marketing Expense": 202091000.0,
        "General And Administrative Expense": 26589000.0,
        "Other Gand A": 26589000.0,
        "Gross Profit": 438780000.0,
        "Cost Of Revenue": 710171000.0,
        "Total Revenue": 1148951000.0,
        "Operating Revenue": 1148951000.0
    },
    "2022-06-30": {
        "Tax Effect Of Unusual Items": 0.0,
        "Tax Rate For Calcs": 0.177198,
        "Normalized EBITDA": 140334000.0,
        "Total Unusual Items": 0.0,
        "Total Unusual Items Excluding Goodwill": 0.0,
        "Net Income From Continuing Operation Net Minority Interest": 100836000.0,
        "Reconciled Depreciation": 24855000.0,
        "Reconciled Cost Of Revenue": 678776000.0,
        "EBITDA": 140334000.0,
        "EBIT": 115479000.0,
        "Net Interest Income": 1449000.0,
        "Interest Income": 1449000.0,
        "Normalized Income": 100836000.0,
        "Net Income From Continuing And Discontinued Operation": 100836000.0,
        "Total Expenses": 1044386000.0,
        "Total Operating Income As Reported": 115479000.0,
        "Diluted Average Shares": 166406000.0,
        "Basic Average Shares": 164679000.0,
        "Diluted EPS": 0.61,
        "Basic EPS": 0.61,
        "Diluted NI Availto Com Stockholders": 100836000.0,
        "Net Income Common Stockholders": 100836000.0,
        "Net Income": 100836000.0,
        "Net Income Including Noncontrolling Interests": 100836000.0,
        "Net Income Continuous Operations": 100836000.0,
        "Tax Provision": 21716000.0,
        "Pretax Income": 122552000.0,
        "Other Income Expense": 5624000.0,
        "Other Non Operating Income Expenses": 5624000.0,
        "Special Income Charges": 0.0,
        "Impairment Of Capital Assets": NaN,
        "Restructuring And Mergern Acquisition": 0.0,
        "Gain On Sale Of Security": 5011000.0,
        "Net Non Operating Interest Income Expense": 1449000.0,
        "Interest Income Non Operating": 1449000.0,
        "Operating Income": 115479000.0,
        "Operating Expense": 344124000.0,
        "Depreciation Amortization Depletion Income Statement": 3369000.0,
        "Depreciation And Amortization In Income Statement": 3369000.0,
        "Amortization": 3369000.0,
        "Amortization Of Intangibles Income Statement": 3369000.0,
        "Research And Development": 75517000.0,
        "Selling General And Administration": 265238000.0,
        "Selling And Marketing Expense": 229378000.0,
        "General And Administrative Expense": 35860000.0,
        "Other Gand A": 35860000.0,
        "Gross Profit": 459603000.0,
        "Cost Of Revenue": 700262000.0,
        "Total Revenue": 1159865000.0,
        "Operating Revenue": 1159865000.0
    },
    "2022-03-31": {
        "Diluted EPS": 0.64,
        "Total Revenue": NaN,
        "Gross Profit": 494,
        "Operating Income": 129,
        "EBIT": 158,
        "Net Income": 108
    },
    "2021-12-31": {
        "Diluted EPS": 1.24,
        "Total Revenue": NaN,
        "Gross Profit": 658,
        "Operating Income": 263,
        "EBIT": 298,
        "Net Income": 210
    },
    "2021-09-30": {
        "Diluted EPS": 0.81,
        "Total Revenue": NaN,
        "Gross Profit": 542,
        "Operating Income": 179,
        "EBIT": 211,
        "Net Income": 139
    },
    "2021-06-30": {
        "Diluted EPS": 1.09,
        "Total Revenue": NaN,
        "Gross Profit": 569,
        "Operating Income": 203,
        "EBIT": 232,
        "Net Income": 187
    },
    "2021-03-31": {
        "Diluted EPS": 1.31,
        "Total Revenue": NaN,
        "Gross Profit": 711,
        "Operating Income": 295,
        "EBIT": 318,
        "Net Income": 226
    },
    "2020-12-31": {
        "Diluted EPS": 2.22,
        "Total Revenue": NaN,
        "Gross Profit": 749,
        "Operating Income": 448,
        "EBIT": 470,
        "Net Income": 383
    },
    "2020-09-30": {
        "Diluted EPS": 1.56,
        "Total Revenue": NaN,
        "Gross Profit": 570,
        "Operating Income": 322,
        "EBIT": 340,
        "Net Income": 267
    },
    "2020-06-30": {
        "Diluted EPS": 0.42,
        "Total Revenue": 792,
        "Gross Profit": 306,
        "Operating Income": 83,
        "EBIT": 103,
        "Net Income": 72
    },
    "2020-03-31": {
        "Diluted EPS": 1.27,
        "Total Revenue": 709,
        "Gross Profit": 277,
        "Operating Income": 32,
        "EBIT": 52,
        "Net Income": 214
    },
    "2019-12-31": {
        "Diluted EPS": 0.69,
        "Total Revenue": 903,
        "Gross Profit": 334,
        "Operating Income": 129,
        "EBIT": 148,
        "Net Income": 118
    },
    "2019-09-30": {
        "Diluted EPS": 0.43,
        "Total Revenue": 720,
        "Gross Profit": 272,
        "Operating Income": 68,
        "EBIT": 86,
        "Net Income": 73
    },
    "2019-06-30": {
        "Diluted EPS": 0.27,
        "Total Revenue": 644,
        "Gross Profit": 239,
        "Operating Income": 47,
        "EBIT": 65,
        "Net Income": 45
    },
    "2019-03-31": {
        "Diluted EPS": 0.24,
        "Total Revenue": 624,
        "Gross Profit": 233,
        "Operating Income": 42,
        "EBIT": 60,
        "Net Income": 42
    },
    "2018-12-31": {
        "Diluted EPS": 0.67,
        "Total Revenue": 864,
        "Gross Profit": 324,
        "Operating Income": 123,
        "EBIT": 141,
        "Net Income": 113
    },
    "2018-09-30": {
        "Diluted EPS": 0.38,
        "Total Revenue": 691,
        "Gross Profit": 256,
        "Operating Income": 65,
        "EBIT": 82,
        "Net Income": 64
    },
    "2018-06-30": {
        "Diluted EPS": 0.23,
        "Total Revenue": 608,
        "Gross Profit": 224,
        "Operating Income": 32,
        "EBIT": 48,
        "Net Income": 38
    },
    "2018-03-31": {
        "Diluted EPS": 0.2,
        "Total Revenue": 592,
        "Gross Profit": 212,
        "Operating Income": 39,
        "EBIT": 55,
        "Net Income": 34
    },
    "2017-12-31": {
        "Diluted EPS": 0.48,
        "Total Revenue": 812,
        "Gross Profit": 276,
        "Operating Income": 100,
        "EBIT": 116,
        "Net Income": 81
    },
    "2017-09-30": {
        "Diluted EPS": 0.33,
        "Total Revenue": 632,
        "Gross Profit": 228,
        "Operating Income": 59,
        "EBIT": 73,
        "Net Income": 56
    },
    "2017-06-30": {
        "Diluted EPS": 0.22,
        "Total Revenue": 530,
        "Gross Profit": 194,
        "Operating Income": 31,
        "EBIT": 43,
        "Net Income": 37
    },
    "2017-03-31": {
        "Diluted EPS": 0.24,
        "Total Revenue": 511,
        "Gross Profit": 198,
        "Operating Income": 36,
        "EBIT": 48,
        "Net Income": 39
    },
    "2016-12-31": {
        "Diluted EPS": 0.59,
        "Total Revenue": 667,
        "Gross Profit": 247,
        "Operating Income": 96,
        "EBIT": 108,
        "Net Income": 97
    },
    "2016-09-30": {
        "Diluted EPS": 0.28,
        "Total Revenue": 564,
        "Gross Profit": 207,
        "Operating Income": 53,
        "EBIT": 66,
        "Net Income": 47
    },
    "2016-06-30": {
        "Diluted EPS": 0.13,
        "Total Revenue": 480,
        "Gross Profit": 169,
        "Operating Income": 26,
        "EBIT": 41,
        "Net Income": 22
    },
    "2016-03-31": {
        "Diluted EPS": 0.18,
        "Total Revenue": 431,
        "Gross Profit": 142,
        "Operating Income": 10,
        "EBIT": 25,
        "Net Income": 29
    },
    "2015-12-31": {
        "Diluted EPS": 0.39,
        "Total Revenue": 621,
        "Gross Profit": 208,
        "Operating Income": 69,
        "EBIT": 83,
        "Net Income": 65
    },
    "2015-09-30": {
        "Diluted EPS": 0.11,
        "Total Revenue": 518,
        "Gross Profit": 173,
        "Operating Income": 37,
        "EBIT": 49,
        "Net Income": 18
    },
    "2015-06-30": {
        "Diluted EPS": 0.04,
        "Total Revenue": 448,
        "Gross Profit": 158,
        "Operating Income": 14,
        "EBIT": 25,
        "Net Income": 7
    },
    "2015-03-31": {
        "Diluted EPS": 0.1,
        "Total Revenue": 467,
        "Gross Profit": 185,
        "Operating Income": 82,
        "EBIT": 217,
        "Net Income": 17
    },
    "2014-12-31": {
        "Diluted EPS": 0.38,
        "Total Revenue": 604,
        "Gross Profit": 213,
        "Operating Income": 70,
        "EBIT": 82,
        "Net Income": 63
    },
    "2014-09-30": {
        "Diluted EPS": 0.22,
        "Total Revenue": 530,
        "Gross Profit": 205,
        "Operating Income": 42,
        "EBIT": 54,
        "Net Income": 36
    },
    "2014-06-30": {
        "Diluted EPS": 0.13,
        "Total Revenue": 484,
        "Gross Profit": 183,
        "Operating Income": 24,
        "EBIT": 37,
        "Net Income": 22
    },
    "2014-03-31": {
        "Diluted EPS": 0.07,
        "Total Revenue": 485,
        "Gross Profit": 211,
        "Operating Income": 115,
        "EBIT": 132,
        "Net Income": 12
    },
    "2013-12-31": {
        "Diluted EPS": 0.3,
        "Total Revenue": 628,
        "Gross Profit": 213,
        "Operating Income": 54,
        "EBIT": 68,
        "Net Income": 49
    },
    "2013-09-30": {
        "Diluted EPS": 0.09,
        "Total Revenue": 532,
        "Gross Profit": 183,
        "Operating Income": 23,
        "EBIT": 37,
        "Net Income": 14
    },
    "2013-06-30": {
        "Diluted EPS": 0.01,
        "Total Revenue": 478,
        "Gross Profit": 168,
        "Operating Income": 2,
        "EBIT": 18,
        "Net Income": 1
    },
    "2013-03-31": {
        "Diluted EPS": -0.23,
        "Total Revenue": 469,
        "Gross Profit": 160,
        "Operating Income": -274,
        "EBIT": -224,
        "Net Income": -36
    },
    "2012-12-31": {
        "Diluted EPS": -1.24,
        "Total Revenue": 615,
        "Gross Profit": 210,
        "Operating Income": 31,
        "EBIT": 13,
        "Net Income": -195
    },
    "2012-09-30": {
        "Diluted EPS": 0.35,
        "Total Revenue": 548,
        "Gross Profit": 196,
        "Operating Income": 21,
        "EBIT": 39,
        "Net Income": 55
    },
    "2012-06-30": {
        "Diluted EPS": -0.32,
        "Total Revenue": 469,
        "Gross Profit": 144,
        "Operating Income": -28,
        "EBIT": -11,
        "Net Income": -52
    },
    "2012-03-31": {
        "Diluted EPS": 0.17,
        "Total Revenue": 532,
        "Gross Profit": 194,
        "Operating Income": 24,
        "EBIT": 41,
        "Net Income": 28
    },
    "2011-12-31": {
        "Diluted EPS": 0.32,
        "Total Revenue": 715,
        "Gross Profit": 259,
        "Operating Income": 70,
        "EBIT": 87,
        "Net Income": 55
    },
    "2011-09-30": {
        "Diluted EPS": 0.1,
        "Total Revenue": 589,
        "Gross Profit": 198,
        "Operating Income": 24,
        "EBIT": 42,
        "Net Income": 17
    },
    "2011-06-30": {
        "Diluted EPS": -0.17,
        "Total Revenue": 480,
        "Gross Profit": 126,
        "Operating Income": -45,
        "EBIT": -25,
        "Net Income": -30
    },
    "2011-03-31": {
        "Diluted EPS": 0.01,
        "Total Revenue": 548,
        "Gross Profit": 179,
        "Operating Income": 4,
        "EBIT": 21,
        "Net Income": 3
    },
    "2010-12-31": {
        "Diluted EPS": 0.36,
        "Total Revenue": 754,
        "Gross Profit": 271,
        "Operating Income": 76,
        "EBIT": 96,
        "Net Income": 65
    },
    "2010-09-30": {
        "Diluted EPS": 0.23,
        "Total Revenue": 582,
        "Gross Profit": 217,
        "Operating Income": 51,
        "EBIT": 69,
        "Net Income": 41
    },
    "2010-06-30": {
        "Diluted EPS": 0.11,
        "Total Revenue": 479,
        "Gross Profit": 169,
        "Operating Income": 12,
        "EBIT": 31,
        "Net Income": 20
    },
    "2010-03-31": {
        "Diluted EPS": 0.14,
        "Total Revenue": 525,
        "Gross Profit": 188,
        "Operating Income": 28,
        "EBIT": 49,
        "Net Income": 24
    },
    "2009-12-31": {
        "Diluted EPS": 0.32,
        "Total Revenue": 617,
        "Gross Profit": 209,
        "Operating Income": 58,
        "EBIT": 77,
        "Net Income": 57
    },
    "2009-09-30": {
        "Diluted EPS": 0.11,
        "Total Revenue": 498,
        "Gross Profit": 152,
        "Operating Income": 27,
        "EBIT": 44,
        "Net Income": 21
    },
    "2009-06-30": {
        "Diluted EPS": -0.2,
        "Total Revenue": 328,
        "Gross Profit": 80,
        "Operating Income": -32,
        "EBIT": -18,
        "Net Income": -36
    },
    "2009-03-31": {
        "Diluted EPS": -0.2,
        "Total Revenue": 408,
        "Gross Profit": 102,
        "Operating Income": -23,
        "EBIT": -10,
        "Net Income": -35
    },
    "2023-09-30": {
        "Tax Effect Of Unusual Items": -6154.0,
        "Tax Rate For Calcs": 0.181,
        "Normalized EBITDA": 177982000.0,
        "Total Unusual Items": -34000.0,
        "Total Unusual Items Excluding Goodwill": -34000.0,
        "Net Income From Continuing Operation Net Minority Interest": 137117000.0,
        "Reconciled Depreciation": 22319000.0,
        "Reconciled Cost Of Revenue": 599385000.0,
        "EBITDA": 177948000.0,
        "EBIT": 155629000.0,
        "Net Interest Income": 11856000.0,
        "Interest Income": 11856000.0,
        "Normalized Income": 137144846.0,
        "Net Income From Continuing And Discontinued Operation": 137117000.0,
        "Total Expenses": 901379000.0,
        "Total Operating Income As Reported": 156639000.0,
        "Diluted Average Shares": 158934000.0,
        "Basic Average Shares": 157911000.0,
        "Diluted EPS": 0.86,
        "Basic EPS": 0.87,
        "Diluted NI Availto Com Stockholders": 137117000.0,
        "Net Income Common Stockholders": 137117000.0,
        "Net Income": 137117000.0,
        "Net Income Including Noncontrolling Interests": 137117000.0,
        "Net Income Continuous Operations": 137117000.0,
        "Tax Provision": 30334000.0,
        "Pretax Income": 167451000.0,
        "Other Income Expense": -34000.0,
        "Other Non Operating Income Expenses": 778000.0,
        "Special Income Charges": 1788000.0,
        "Impairment Of Capital Assets": NaN,
        "Restructuring And Mergern Acquisition": -1788000.0,
        "Gain On Sale Of Security": -1822000.0,
        "Net Non Operating Interest Income Expense": 11856000.0,
        "Interest Income Non Operating": 11856000.0,
        "Operating Income": 155629000.0,
        "Operating Expense": 282993000.0,
        "Depreciation Amortization Depletion Income Statement": 3318000.0,
        "Depreciation And Amortization In Income Statement": 3318000.0,
        "Amortization": 3318000.0,
        "Amortization Of Intangibles Income Statement": 3318000.0,
        "Research And Development": 68559000.0,
        "Selling General And Administration": 211116000.0,
        "Selling And Marketing Expense": 176356000.0,
        "General And Administrative Expense": 34760000.0,
        "Other Gand A": 35538000.0,
        "Salaries And Wages": -778000.0,
        "Gross Profit": 438622000.0,
        "Cost Of Revenue": 618386000.0,
        "Total Revenue": 1057008000.0,
        "Operating Revenue": 1057008000.0
    },
    "2023-12-31": {
        "Tax Effect Of Unusual Items": -104720.0,
        "Tax Rate For Calcs": 0.085,
        "Normalized EBITDA": 244541000.0,
        "Total Unusual Items": -1232000.0,
        "Total Unusual Items Excluding Goodwill": -1232000.0,
        "Net Income From Continuing Operation Net Minority Interest": 244684000.0,
        "Reconciled Depreciation": 19813000.0,
        "Reconciled Cost Of Revenue": 711156000.0,
        "EBITDA": 243309000.0,
        "EBIT": 223496000.0,
        "Net Interest Income": 12826000.0,
        "Interest Income": 12826000.0,
        "Normalized Income": 245811280.0,
        "Net Income From Continuing And Discontinued Operation": 244684000.0,
        "Total Expenses": 1031977000.0,
        "Total Operating Income As Reported": 222075000.0,
        "Diluted Average Shares": 157440000.0,
        "Basic Average Shares": 155933000.0,
        "Diluted EPS": 1.55,
        "Basic EPS": 1.57,
        "Diluted NI Availto Com Stockholders": 244684000.0,
        "Net Income Common Stockholders": 244684000.0,
        "Net Income": 244684000.0,
        "Net Income Including Noncontrolling Interests": 244684000.0,
        "Net Income Continuous Operations": 244684000.0,
        "Tax Provision": -9594000.0,
        "Pretax Income": 235090000.0,
        "Other Income Expense": -1232000.0,
        "Other Non Operating Income Expenses": 582000.0,
        "Special Income Charges": -839000.0,
        "Impairment Of Capital Assets": NaN,
        "Restructuring And Mergern Acquisition": 839000.0,
        "Gain On Sale Of Security": -393000.0,
        "Net Non Operating Interest Income Expense": 12826000.0,
        "Interest Income Non Operating": 12826000.0,
        "Operating Income": 223496000.0,
        "Operating Expense": 303284000.0,
        "Depreciation Amortization Depletion Income Statement": 2276000.0,
        "Depreciation And Amortization In Income Statement": 2276000.0,
        "Amortization": 2276000.0,
        "Amortization Of Intangibles Income Statement": 2276000.0,
        "Research And Development": 72704000.0,
        "Selling General And Administration": 228304000.0,
        "Selling And Marketing Expense": 189175000.0,
        "General And Administrative Expense": 39129000.0,
        "Other Gand A": 39711000.0,
        "Salaries And Wages": -582000.0,
        "Gross Profit": 526780000.0,
        "Cost Of Revenue": 728693000.0,
        "Total Revenue": 1255473000.0,
        "Operating Revenue": 1255473000.0
    },
    "2024-03-31": {
        "Tax Effect Of Unusual Items": -646340.0,
        "Tax Rate For Calcs": 0.085,
        "Normalized EBITDA": 162165000.0,
        "Total Unusual Items": -7604000.0,
        "Total Unusual Items Excluding Goodwill": -7604000.0,
        "Net Income From Continuing Operation Net Minority Interest": 167615000.0,
        "Reconciled Depreciation": 19289000.0,
        "Reconciled Cost Of Revenue": 557876000.0,
        "EBITDA": 154561000.0,
        "EBIT": 135272000.0,
        "Net Interest Income": 16128000.0,
        "Interest Income": 16128000.0,
        "Normalized Income": 174572660.0,
        "Net Income From Continuing And Discontinued Operation": 167615000.0,
        "Total Expenses": 876215000.0,
        "Total Operating Income As Reported": 130217000.0,
        "Diluted Average Shares": 156204000.0,
        "Basic Average Shares": 154452000.0,
        "Diluted EPS": 1.07,
        "Basic EPS": 1.09,
        "Diluted NI Availto Com Stockholders": 167615000.0,
        "Net Income Common Stockholders": 167615000.0,
        "Net Income": 167615000.0,
        "Net Income Including Noncontrolling Interests": 167615000.0,
        "Net Income Continuous Operations": 167615000.0,
        "Tax Provision": -23819000.0,
        "Pretax Income": 143796000.0,
        "Other Income Expense": -7604000.0,
        "Other Non Operating Income Expenses": NaN,
        "Special Income Charges": -4580000.0,
        "Impairment Of Capital Assets": NaN,
        "Restructuring And Mergern Acquisition": 1054000.0,
        "Gain On Sale Of Security": -3024000.0,
        "Net Non Operating Interest Income Expense": 16128000.0,
        "Interest Income Non Operating": 16128000.0,
        "Operating Income": 135272000.0,
        "Operating Expense": 301705000.0,
        "Depreciation Amortization Depletion Income Statement": 2655000.0,
        "Depreciation And Amortization In Income Statement": 2655000.0,
        "Amortization": 2655000.0,
        "Amortization Of Intangibles Income Statement": 2655000.0,
        "Research And Development": 75421000.0,
        "Selling General And Administration": 223629000.0,
        "Selling And Marketing Expense": 185594000.0,
        "General And Administrative Expense": 38035000.0,
        "Other Gand A": 38510000.0,
        "Salaries And Wages": -475000.0,
        "Gross Profit": 436977000.0,
        "Cost Of Revenue": 574510000.0,
        "Total Revenue": 1011487000.0,
        "Operating Revenue": 1011487000.0
    },
    "2024-06-30": {
        "Tax Effect Of Unusual Items": -525692.504376,
        "Tax Rate For Calcs": 0.152684,
        "Normalized EBITDA": 178072000.0,
        "Total Unusual Items": -3443000.0,
        "Total Unusual Items Excluding Goodwill": -3443000.0,
        "Net Income From Continuing Operation Net Minority Interest": 141833000.0,
        "Reconciled Depreciation": 19585000.0,
        "Reconciled Cost Of Revenue": 605077000.0,
        "EBITDA": 174629000.0,
        "EBIT": 155044000.0,
        "Net Interest Income": 15790000.0,
        "Interest Income": 15790000.0,
        "Normalized Income": 144750307.495624,
        "Net Income From Continuing And Discontinued Operation": 141833000.0,
        "Total Expenses": 933173000.0,
        "Total Operating Income As Reported": 153499000.0,
        "Diluted Average Shares": 154978000.0,
        "Basic Average Shares": 153300000.0,
        "Diluted EPS": 0.92,
        "Basic EPS": 0.93,
        "Diluted NI Availto Com Stockholders": 141833000.0,
        "Net Income Common Stockholders": 141833000.0,
        "Net Income": 141833000.0,
        "Net Income Including Noncontrolling Interests": 141833000.0,
        "Net Income Continuous Operations": 141833000.0,
        "Tax Provision": 25558000.0,
        "Pretax Income": 167391000.0,
        "Other Income Expense": -3443000.0,
        "Other Non Operating Income Expenses": NaN,
        "Special Income Charges": -386000.0,
        "Impairment Of Capital Assets": NaN,
        "Restructuring And Mergern Acquisition": 386000.0,
        "Gain On Sale Of Security": -3057000.0,
        "Net Non Operating Interest Income Expense": 15790000.0,
        "Interest Income Non Operating": 15790000.0,
        "Operating Income": 155044000.0,
        "Operating Expense": 311214000.0,
        "Depreciation Amortization Depletion Income Statement": 2703000.0,
        "Depreciation And Amortization In Income Statement": 2703000.0,
        "Amortization": 2703000.0,
        "Amortization Of Intangibles Income Statement": 2703000.0,
        "Research And Development": 75307000.0,
        "Selling General And Administration": 233204000.0,
        "Selling And Marketing Expense": 196905000.0,
        "General And Administrative Expense": 36299000.0,
        "Other Gand A": 37458000.0,
        "Salaries And Wages": -1159000.0,
        "Gross Profit": 466258000.0,
        "Cost Of Revenue": 621959000.0,
        "Total Revenue": 1088217000.0,
        "Operating Revenue": 1088217000.0
    }
}