{
    "2023-03-31": {
        "Tax Effect Of Unusual Items": NaN,
        "Tax Rate For Calcs": NaN,
        "Normalized EBITDA": NaN,
        "Total Unusual Items": NaN,
        "Total Unusual Items Excluding Goodwill": NaN,
        "Net Income From Continuing Operation Net Minority Interest": NaN,
        "Reconciled Depreciation": NaN,
        "Reconciled Cost Of Revenue": NaN,
        "EBITDA": NaN,
        "EBIT": NaN,
        "Net Interest Income": NaN,
        "Interest Expense": NaN,
        "Interest Income": NaN,
        "Normalized Income": NaN,
        "Net Income From Continuing And Discontinued Operation": NaN,
        "Total Expenses": NaN,
        "Rent Expense Supplemental": 9069000.0,
        "Diluted Average Shares": NaN,
        "Basic Average Shares": NaN,
        "Diluted EPS": NaN,
        "Basic EPS": NaN,
        "Diluted NI Availto Com Stockholders": NaN,
        "Net Income Common Stockholders": NaN,
        "Net Income": NaN,
        "Minority Interests": NaN,
        "Net Income Including Noncontrolling Interests": NaN,
        "Net Income Continuous Operations": NaN,
        "Tax Provision": NaN,
        "Pretax Income": NaN,
        "Other Income Expense": NaN,
        "Other Non Operating Income Expenses": NaN,
        "Special Income Charges": 0.0,
        "Gain On Sale Of Ppe": -28844000.0,
        "Other Special Charges": 11941000.0,
        "Impairment Of Capital Assets": 0.0,
        "Earnings From Equity Interest": 0.0,
        "Gain On Sale Of Security": NaN,
        "Net Non Operating Interest Income Expense": NaN,
        "Total Other Finance Cost": NaN,
        "Interest Expense Non Operating": NaN,
        "Interest Income Non Operating": NaN,
        "Operating Income": NaN,
        "Operating Expense": NaN,
        "Other Operating Expenses": 9284000.0,
        "Other Taxes": NaN,
        "Provision For Doubtful Accounts": 2531000.0,
        "Depreciation Amortization Depletion Income Statement": 176828000.0,
        "Depreciation And Amortization In Income Statement": 176828000.0,
        "Selling General And Administration": NaN,
        "Selling And Marketing Expense": 740237000.0,
        "General And Administrative Expense": 1917503000.0,
        "Other Gand A": 604958000.0,
        "Insurance And Claims": 201191000.0,
        "Rent And Landing Fees": 9069000.0,
        "Salaries And Wages": 1102285000.0,
        "Gross Profit": NaN,
        "Cost Of Revenue": NaN,
        "Total Revenue": NaN,
        "Operating Revenue": NaN
    },
    "2022-12-31": {
        "Tax Effect Of Unusual Items": NaN,
        "Tax Rate For Calcs": NaN,
        "Normalized EBITDA": NaN,
        "Total Unusual Items": NaN,
        "Total Unusual Items Excluding Goodwill": NaN,
        "Net Income From Continuing Operation Net Minority Interest": NaN,
        "Reconciled Depreciation": NaN,
        "Reconciled Cost Of Revenue": NaN,
        "EBITDA": NaN,
        "EBIT": NaN,
        "Net Interest Income": NaN,
        "Interest Expense": NaN,
        "Interest Income": NaN,
        "Normalized Income": NaN,
        "Net Income From Continuing And Discontinued Operation": NaN,
        "Total Expenses": NaN,
        "Rent Expense Supplemental": NaN,
        "Diluted Average Shares": NaN,
        "Basic Average Shares": NaN,
        "Diluted EPS": NaN,
        "Basic EPS": NaN,
        "Diluted NI Availto Com Stockholders": NaN,
        "Net Income Common Stockholders": NaN,
        "Net Income": NaN,
        "Minority Interests": NaN,
        "Net Income Including Noncontrolling Interests": NaN,
        "Net Income Continuous Operations": NaN,
        "Tax Provision": NaN,
        "Pretax Income": NaN,
        "Other Income Expense": NaN,
        "Other Non Operating Income Expenses": NaN,
        "Special Income Charges": 3369742000.0,
        "Gain On Sale Of Ppe": NaN,
        "Other Special Charges": NaN,
        "Impairment Of Capital Assets": 0.0,
        "Earnings From Equity Interest": 0.0,
        "Gain On Sale Of Security": NaN,
        "Net Non Operating Interest Income Expense": NaN,
        "Total Other Finance Cost": NaN,
        "Interest Expense Non Operating": NaN,
        "Interest Income Non Operating": NaN,
        "Operating Income": NaN,
        "Operating Expense": NaN,
        "Other Operating Expenses": NaN,
        "Other Taxes": NaN,
        "Provision For Doubtful Accounts": NaN,
        "Depreciation Amortization Depletion Income Statement": NaN,
        "Depreciation And Amortization In Income Statement": NaN,
        "Selling General And Administration": NaN,
        "Selling And Marketing Expense": NaN,
        "General And Administrative Expense": NaN,
        "Other Gand A": NaN,
        "Insurance And Claims": NaN,
        "Rent And Landing Fees": NaN,
        "Salaries And Wages": NaN,
        "Gross Profit": NaN,
        "Cost Of Revenue": NaN,
        "Total Revenue": NaN,
        "Operating Revenue": NaN
    },
    "2022-09-30": {
        "Tax Effect Of Unusual Items": NaN,
        "Tax Rate For Calcs": NaN,
        "Normalized EBITDA": NaN,
        "Total Unusual Items": NaN,
        "Total Unusual Items Excluding Goodwill": NaN,
        "Net Income From Continuing Operation Net Minority Interest": NaN,
        "Reconciled Depreciation": NaN,
        "Reconciled Cost Of Revenue": NaN,
        "EBITDA": NaN,
        "EBIT": NaN,
        "Net Interest Income": NaN,
        "Interest Expense": NaN,
        "Interest Income": NaN,
        "Normalized Income": NaN,
        "Net Income From Continuing And Discontinued Operation": NaN,
        "Total Expenses": NaN,
        "Rent Expense Supplemental": NaN,
        "Diluted Average Shares": NaN,
        "Basic Average Shares": NaN,
        "Diluted EPS": NaN,
        "Basic EPS": NaN,
        "Diluted NI Availto Com Stockholders": NaN,
        "Net Income Common Stockholders": NaN,
        "Net Income": NaN,
        "Minority Interests": NaN,
        "Net Income Including Noncontrolling Interests": NaN,
        "Net Income Continuous Operations": NaN,
        "Tax Provision": NaN,
        "Pretax Income": NaN,
        "Other Income Expense": NaN,
        "Other Non Operating Income Expenses": NaN,
        "Special Income Charges": 0.0,
        "Gain On Sale Of Ppe": NaN,
        "Other Special Charges": NaN,
        "Impairment Of Capital Assets": 0.0,
        "Earnings From Equity Interest": 0.0,
        "Gain On Sale Of Security": NaN,
        "Net Non Operating Interest Income Expense": NaN,
        "Total Other Finance Cost": NaN,
        "Interest Expense Non Operating": NaN,
        "Interest Income Non Operating": NaN,
        "Operating Income": NaN,
        "Operating Expense": NaN,
        "Other Operating Expenses": NaN,
        "Other Taxes": NaN,
        "Provision For Doubtful Accounts": NaN,
        "Depreciation Amortization Depletion Income Statement": NaN,
        "Depreciation And Amortization In Income Statement": NaN,
        "Selling General And Administration": NaN,
        "Selling And Marketing Expense": NaN,
        "General And Administrative Expense": NaN,
        "Other Gand A": NaN,
        "Insurance And Claims": NaN,
        "Rent And Landing Fees": NaN,
        "Salaries And Wages": NaN,
        "Gross Profit": NaN,
        "Cost Of Revenue": NaN,
        "Total Revenue": NaN,
        "Operating Revenue": NaN
    },
    "2022-06-30": {
        "Tax Effect Of Unusual Items": -159340800.0,
        "Tax Rate For Calcs": 0.4,
        "Normalized EBITDA": 8077124000.0,
        "Total Unusual Items": -398352000.0,
        "Total Unusual Items Excluding Goodwill": -398352000.0,
        "Net Income From Continuing Operation Net Minority Interest": 2488927000.0,
        "Reconciled Depreciation": 2783041000.0,
        "Reconciled Cost Of Revenue": 18174834000.0,
        "EBITDA": 7678772000.0,
        "EBIT": 4895731000.0,
        "Net Interest Income": -540704000.0,
        "Interest Expense": 597926000.0,
        "Interest Income": 57222000.0,
        "Normalized Income": 2727938200.0,
        "Net Income From Continuing And Discontinued Operation": 2488927000.0,
        "Total Expenses": 20637648000.0,
        "Rent Expense Supplemental": NaN,
        "Diluted Average Shares": 117088711.0,
        "Basic Average Shares": 117088711.0,
        "Diluted EPS": 45.8285,
        "Basic EPS": 45.8285,
        "Diluted NI Availto Com Stockholders": 2488927000.0,
        "Net Income Common Stockholders": 2488927000.0,
        "Net Income": 2488927000.0,
        "Minority Interests": 75568000.0,
        "Net Income Including Noncontrolling Interests": 2413359000.0,
        "Net Income Continuous Operations": 2413359000.0,
        "Tax Provision": 1884446000.0,
        "Pretax Income": 4297805000.0,
        "Other Income Expense": 207828000.0,
        "Other Non Operating Income Expenses": 606180000.0,
        "Special Income Charges": 0.0,
        "Gain On Sale Of Ppe": NaN,
        "Other Special Charges": -629323000.0,
        "Impairment Of Capital Assets": 0.0,
        "Earnings From Equity Interest": 0.0,
        "Gain On Sale Of Security": -398352000.0,
        "Net Non Operating Interest Income Expense": -540704000.0,
        "Total Other Finance Cost": -629000000.0,
        "Interest Expense Non Operating": 597926000.0,
        "Interest Income Non Operating": 57222000.0,
        "Operating Income": 4630681000.0,
        "Operating Expense": 2462814000.0,
        "Other Operating Expenses": NaN,
        "Other Taxes": 255311000.0,
        "Provision For Doubtful Accounts": NaN,
        "Depreciation Amortization Depletion Income Statement": NaN,
        "Depreciation And Amortization In Income Statement": NaN,
        "Selling General And Administration": 2207503000.0,
        "Selling And Marketing Expense": NaN,
        "General And Administrative Expense": NaN,
        "Other Gand A": NaN,
        "Insurance And Claims": NaN,
        "Rent And Landing Fees": NaN,
        "Salaries And Wages": NaN,
        "Gross Profit": 7093495000.0,
        "Cost Of Revenue": 18174834000.0,
        "Total Revenue": 25268329000.0,
        "Operating Revenue": 25268329000.0
    },
    "2022-03-31": {
        "Diluted EPS": 0.25,
        "Total Revenue": 182,
        "Gross Profit": 61,
        "Operating Income": 44,
        "EBIT": 61,
        "Net Income": 30
    },
    "2021-12-31": {
        "Diluted EPS": 0.33,
        "Total Revenue": 290,
        "Gross Profit": 98,
        "Operating Income": 71,
        "EBIT": 93,
        "Net Income": 39
    },
    "2021-09-30": {
        "Diluted EPS": 0.12,
        "Total Revenue": 183,
        "Gross Profit": 47,
        "Operating Income": 34,
        "EBIT": 49,
        "Net Income": 14
    },
    "2021-06-30": {
        "Diluted EPS": -0.11,
        "Total Revenue": 151,
        "Gross Profit": 46,
        "Operating Income": 33,
        "EBIT": 47,
        "Net Income": -13
    },
    "2021-03-31": {
        "Diluted EPS": 0.25,
        "Total Revenue": 149,
        "Gross Profit": 54,
        "Operating Income": 42,
        "EBIT": 53,
        "Net Income": 29
    },
    "2020-12-31": {
        "Diluted EPS": 0.49,
        "Total Revenue": 207,
        "Gross Profit": 72,
        "Operating Income": 50,
        "EBIT": 67,
        "Net Income": 58
    },
    "2020-09-30": {
        "Diluted EPS": 0.74,
        "Total Revenue": 147,
        "Gross Profit": 41,
        "Operating Income": 30,
        "EBIT": 43,
        "Net Income": 88
    },
    "2020-06-30": {
        "Diluted EPS": 0.01,
        "Total Revenue": 110,
        "Gross Profit": 27,
        "Operating Income": 17,
        "EBIT": 30,
        "Net Income": 1
    },
    "2020-03-31": {
        "Diluted EPS": 0.12,
        "Total Revenue": 127,
        "Gross Profit": 39,
        "Operating Income": 29,
        "EBIT": 42,
        "Net Income": 14
    },
    "2019-12-31": {
        "Diluted EPS": 0.24,
        "Total Revenue": 259,
        "Gross Profit": 75,
        "Operating Income": 44,
        "EBIT": 69,
        "Net Income": 27
    },
    "2019-09-30": {
        "Diluted EPS": 0.01,
        "Total Revenue": 186,
        "Gross Profit": 49,
        "Operating Income": 38,
        "EBIT": 54,
        "Net Income": 1
    },
    "2019-06-30": {
        "Diluted EPS": 0.2,
        "Total Revenue": 170,
        "Gross Profit": 44,
        "Operating Income": 43,
        "EBIT": 55,
        "Net Income": 24
    },
    "2019-03-31": {
        "Diluted EPS": 0.22,
        "Total Revenue": 191,
        "Gross Profit": 55,
        "Operating Income": 39,
        "EBIT": 55,
        "Net Income": 27
    },
    "2018-12-31": {
        "Diluted EPS": 0.22,
        "Total Revenue": 319,
        "Gross Profit": 59,
        "Operating Income": 39,
        "EBIT": 95,
        "Net Income": 26
    },
    "2018-09-30": {
        "Diluted EPS": 0.03,
        "Total Revenue": 196,
        "Gross Profit": 59,
        "Operating Income": 47,
        "EBIT": 50,
        "Net Income": 3
    },
    "2018-06-30": {
        "Diluted EPS": 0.07,
        "Total Revenue": 206,
        "Gross Profit": 58,
        "Operating Income": 41,
        "EBIT": 48,
        "Net Income": 8
    },
    "2018-03-31": {
        "Diluted EPS": 0.22,
        "Total Revenue": 231,
        "Gross Profit": 66,
        "Operating Income": 50,
        "EBIT": 59,
        "Net Income": 27
    },
    "2017-09-30": {
        "Diluted EPS": 0.15,
        "Total Revenue": 242,
        "Gross Profit": 67,
        "Operating Income": 49,
        "EBIT": 57,
        "Net Income": 17
    },
    "2017-06-30": {
        "Diluted EPS": 0.16,
        "Total Revenue": 221,
        "Gross Profit": 66,
        "Operating Income": 49,
        "EBIT": 49,
        "Net Income": 18
    },
    "2016-12-31": {
        "Diluted EPS": 0.0,
        "Total Revenue": NaN,
        "Gross Profit": NaN,
        "Operating Income": NaN,
        "EBIT": NaN,
        "Net Income": NaN
    },
    "2016-06-30": {
        "Diluted EPS": 0.02,
        "Total Revenue": 154,
        "Gross Profit": 154,
        "Operating Income": 154,
        "EBIT": 154,
        "Net Income": 3
    },
    "2023-06-30": {
        "Tax Effect Of Unusual Items": -2051941627.504328,
        "Tax Rate For Calcs": 0.395746,
        "Normalized EBITDA": 22144000000.0,
        "Total Unusual Items": -5185000000.0,
        "Total Unusual Items Excluding Goodwill": -5185000000.0,
        "Net Income From Continuing Operation Net Minority Interest": 2544000000.0,
        "Reconciled Depreciation": 3981000000.0,
        "Reconciled Cost Of Revenue": 38844000000.0,
        "EBITDA": 16959000000.0,
        "EBIT": 12978000000.0,
        "Net Interest Income": -7994000000.0,
        "Interest Expense": 8935000000.0,
        "Interest Income": 941000000.0,
        "Normalized Income": 5677058372.495672,
        "Net Income From Continuing And Discontinued Operation": 2544000000.0,
        "Total Expenses": 44250000000.0,
        "Rent Expense Supplemental": NaN,
        "Diluted Average Shares": 116684155.0,
        "Basic Average Shares": 116684155.0,
        "Diluted EPS": 81.005,
        "Basic EPS": 81.005,
        "Diluted NI Availto Com Stockholders": 2544000000.0,
        "Net Income Common Stockholders": 2544000000.0,
        "Net Income": 2544000000.0,
        "Minority Interests": 101000000.0,
        "Net Income Including Noncontrolling Interests": 2443000000.0,
        "Net Income Continuous Operations": 2443000000.0,
        "Tax Provision": 1600000000.0,
        "Pretax Income": 4043000000.0,
        "Other Income Expense": 5375000000.0,
        "Other Non Operating Income Expenses": 10560000000.0,
        "Special Income Charges": 0.0,
        "Gain On Sale Of Ppe": NaN,
        "Other Special Charges": -10146000000.0,
        "Impairment Of Capital Assets": 0.0,
        "Earnings From Equity Interest": 0.0,
        "Gain On Sale Of Security": -5185000000.0,
        "Net Non Operating Interest Income Expense": -7994000000.0,
        "Total Other Finance Cost": -37694000000.0,
        "Interest Expense Non Operating": 8935000000.0,
        "Interest Income Non Operating": 941000000.0,
        "Operating Income": 6661000000.0,
        "Operating Expense": 5406000000.0,
        "Other Operating Expenses": NaN,
        "Other Taxes": 613000000.0,
        "Provision For Doubtful Accounts": NaN,
        "Depreciation Amortization Depletion Income Statement": NaN,
        "Depreciation And Amortization In Income Statement": NaN,
        "Selling General And Administration": 4793000000.0,
        "Selling And Marketing Expense": NaN,
        "General And Administrative Expense": NaN,
        "Other Gand A": NaN,
        "Insurance And Claims": NaN,
        "Rent And Landing Fees": NaN,
        "Salaries And Wages": NaN,
        "Gross Profit": 12067000000.0,
        "Cost Of Revenue": 38844000000.0,
        "Total Revenue": 50911000000.0,
        "Operating Revenue": 50911000000.0
    },
    "2023-09-30": {
        "Tax Effect Of Unusual Items": -2723797550.111359,
        "Tax Rate For Calcs": 0.164699,
        "Normalized EBITDA": 45915000000.0,
        "Total Unusual Items": -16538000000.0,
        "Total Unusual Items Excluding Goodwill": -16538000000.0,
        "Net Income From Continuing Operation Net Minority Interest": 7398000000.0,
        "Reconciled Depreciation": 5833000000.0,
        "Reconciled Cost Of Revenue": 56931000000.0,
        "EBITDA": 29377000000.0,
        "EBIT": 23544000000.0,
        "Net Interest Income": 14957000000.0,
        "Interest Expense": 14564000000.0,
        "Interest Income": 530000000.0,
        "Normalized Income": 21212202449.88864,
        "Net Income From Continuing And Discontinued Operation": 7398000000.0,
        "Total Expenses": 63883000000.0,
        "Rent Expense Supplemental": NaN,
        "Diluted Average Shares": 116600000.0,
        "Basic Average Shares": 116600000.0,
        "Diluted EPS": 63.409,
        "Basic EPS": 63.409,
        "Diluted NI Availto Com Stockholders": 7398000000.0,
        "Net Income Common Stockholders": 7398000000.0,
        "Net Income": 7398000000.0,
        "Minority Interests": -102000000.0,
        "Net Income Including Noncontrolling Interests": 7501000000.0,
        "Net Income Continuous Operations": 7501000000.0,
        "Tax Provision": 1479000000.0,
        "Pretax Income": 8980000000.0,
        "Other Income Expense": -16276000000.0,
        "Other Non Operating Income Expenses": 262000000.0,
        "Special Income Charges": NaN,
        "Gain On Sale Of Ppe": NaN,
        "Other Special Charges": NaN,
        "Impairment Of Capital Assets": NaN,
        "Earnings From Equity Interest": NaN,
        "Gain On Sale Of Security": -16538000000.0,
        "Net Non Operating Interest Income Expense": 14957000000.0,
        "Total Other Finance Cost": -28991000000.0,
        "Interest Expense Non Operating": 14564000000.0,
        "Interest Income Non Operating": 530000000.0,
        "Operating Income": 10299000000.0,
        "Operating Expense": 6952000000.0,
        "Other Operating Expenses": NaN,
        "Other Taxes": 795000000.0,
        "Provision For Doubtful Accounts": NaN,
        "Depreciation Amortization Depletion Income Statement": NaN,
        "Depreciation And Amortization In Income Statement": NaN,
        "Selling General And Administration": 6157000000.0,
        "Selling And Marketing Expense": NaN,
        "General And Administrative Expense": NaN,
        "Other Gand A": NaN,
        "Insurance And Claims": NaN,
        "Rent And Landing Fees": NaN,
        "Salaries And Wages": NaN,
        "Gross Profit": 17251000000.0,
        "Cost Of Revenue": 56931000000.0,
        "Total Revenue": 74182000000.0,
        "Operating Revenue": 74182000000.0
    },
    "2023-12-31": {
        "Tax Effect Of Unusual Items": -31447367350.0,
        "Tax Rate For Calcs": 0.35,
        "Normalized EBITDA": 124173309000.0,
        "Total Unusual Items": -89849621000.0,
        "Total Unusual Items Excluding Goodwill": -89849621000.0,
        "Net Income From Continuing Operation Net Minority Interest": -9321821000.0,
        "Reconciled Depreciation": 15560480000.0,
        "Reconciled Cost Of Revenue": 157811576000.0,
        "EBITDA": 34323688000.0,
        "EBIT": 18763208000.0,
        "Net Interest Income": -87940242000.0,
        "Interest Expense": 27338955000.0,
        "Interest Income": 1399309000.0,
        "Normalized Income": 49080432650.0,
        "Net Income From Continuing And Discontinued Operation": -9321821000.0,
        "Total Expenses": 180008384000.0,
        "Rent Expense Supplemental": NaN,
        "Diluted Average Shares": 116695132.0,
        "Basic Average Shares": 116695132.0,
        "Diluted EPS": -169.5015,
        "Basic EPS": -169.5015,
        "Diluted NI Availto Com Stockholders": -9321821000.0,
        "Net Income Common Stockholders": -9321821000.0,
        "Net Income": -9321821000.0,
        "Minority Interests": 483656000.0,
        "Net Income Including Noncontrolling Interests": -9804477000.0,
        "Net Income Continuous Operations": -9804477000.0,
        "Tax Provision": 1228730000.0,
        "Pretax Income": -8575747000.0,
        "Other Income Expense": 47771062000.0,
        "Other Non Operating Income Expenses": 137620683000.0,
        "Special Income Charges": NaN,
        "Gain On Sale Of Ppe": NaN,
        "Other Special Charges": NaN,
        "Impairment Of Capital Assets": NaN,
        "Earnings From Equity Interest": NaN,
        "Gain On Sale Of Security": -90304998000.0,
        "Net Non Operating Interest Income Expense": -87940242000.0,
        "Total Other Finance Cost": 62000596000.0,
        "Interest Expense Non Operating": 27338955000.0,
        "Interest Income Non Operating": 1399309000.0,
        "Operating Income": 31593433000.0,
        "Operating Expense": 22196808000.0,
        "Other Operating Expenses": NaN,
        "Other Taxes": 10587026000.0,
        "Provision For Doubtful Accounts": NaN,
        "Depreciation Amortization Depletion Income Statement": NaN,
        "Depreciation And Amortization In Income Statement": NaN,
        "Selling General And Administration": 9365997000.0,
        "Selling And Marketing Expense": NaN,
        "General And Administrative Expense": NaN,
        "Other Gand A": NaN,
        "Insurance And Claims": NaN,
        "Rent And Landing Fees": NaN,
        "Salaries And Wages": NaN,
        "Gross Profit": 53790241000.0,
        "Cost Of Revenue": 157811576000.0,
        "Total Revenue": 211601817000.0,
        "Operating Revenue": 418552644000.0
    },
    "2024-03-31": {
        "Tax Effect Of Unusual Items": -3078310579.444802,
        "Tax Rate For Calcs": 0.372767,
        "Normalized EBITDA": 124175000000.0,
        "Total Unusual Items": -8258000000.0,
        "Total Unusual Items Excluding Goodwill": -8258000000.0,
        "Net Income From Continuing Operation Net Minority Interest": 50752000000.0,
        "Reconciled Depreciation": 10075000000.0,
        "Reconciled Cost Of Revenue": 85814000000.0,
        "EBITDA": 115917000000.0,
        "EBIT": 105842000000.0,
        "Net Interest Income": 74455000000.0,
        "Interest Expense": 25006000000.0,
        "Interest Income": 229000000.0,
        "Normalized Income": 55931689420.5552,
        "Net Income From Continuing And Discontinued Operation": 50752000000.0,
        "Total Expenses": 100299000000.0,
        "Rent Expense Supplemental": NaN,
        "Diluted Average Shares": 116600000.0,
        "Basic Average Shares": 116600000.0,
        "Diluted EPS": 434.917,
        "Basic EPS": 434.917,
        "Diluted NI Availto Com Stockholders": 50752000000.0,
        "Net Income Common Stockholders": 50752000000.0,
        "Net Income": 50752000000.0,
        "Minority Interests": 49000000.0,
        "Net Income Including Noncontrolling Interests": 50703000000.0,
        "Net Income Continuous Operations": 50703000000.0,
        "Tax Provision": 30133000000.0,
        "Pretax Income": 80836000000.0,
        "Other Income Expense": -8169000000.0,
        "Other Non Operating Income Expenses": 89000000.0,
        "Special Income Charges": 0.0,
        "Gain On Sale Of Ppe": NaN,
        "Other Special Charges": NaN,
        "Impairment Of Capital Assets": 0.0,
        "Earnings From Equity Interest": 0.0,
        "Gain On Sale Of Security": -8258000000.0,
        "Net Non Operating Interest Income Expense": 74455000000.0,
        "Total Other Finance Cost": -99232000000.0,
        "Interest Expense Non Operating": 25006000000.0,
        "Interest Income Non Operating": 229000000.0,
        "Operating Income": 14551000000.0,
        "Operating Expense": 14485000000.0,
        "Other Operating Expenses": NaN,
        "Other Taxes": 1246000000.0,
        "Provision For Doubtful Accounts": NaN,
        "Depreciation Amortization Depletion Income Statement": NaN,
        "Depreciation And Amortization In Income Statement": NaN,
        "Selling General And Administration": 13239000000.0,
        "Selling And Marketing Expense": NaN,
        "General And Administrative Expense": NaN,
        "Other Gand A": NaN,
        "Insurance And Claims": NaN,
        "Rent And Landing Fees": NaN,
        "Salaries And Wages": NaN,
        "Gross Profit": 29036000000.0,
        "Cost Of Revenue": 85814000000.0,
        "Total Revenue": 114851000000.0,
        "Operating Revenue": 114851000000.0
    },
    "2024-06-30": {
        "Tax Effect Of Unusual Items": -3340586645.401382,
        "Tax Rate For Calcs": 0.370888,
        "Normalized EBITDA": 87003000000.0,
        "Total Unusual Items": -9007000000.0,
        "Total Unusual Items Excluding Goodwill": -9007000000.0,
        "Net Income From Continuing Operation Net Minority Interest": 29629000000.0,
        "Reconciled Depreciation": 13807000000.0,
        "Reconciled Cost Of Revenue": 99367000000.0,
        "EBITDA": 77996000000.0,
        "EBIT": 64189000000.0,
        "Net Interest Income": 33008000000.0,
        "Interest Expense": 17164000000.0,
        "Interest Income": 253000000.0,
        "Normalized Income": 35295413354.59862,
        "Net Income From Continuing And Discontinued Operation": 29629000000.0,
        "Total Expenses": 113533000000.0,
        "Rent Expense Supplemental": NaN,
        "Diluted Average Shares": 116694630.0,
        "Basic Average Shares": 116694630.0,
        "Diluted EPS": 253.902,
        "Basic EPS": 253.902,
        "Diluted NI Availto Com Stockholders": 29629000000.0,
        "Net Income Common Stockholders": 29629000000.0,
        "Net Income": 29629000000.0,
        "Minority Interests": 45000000.0,
        "Net Income Including Noncontrolling Interests": 29584000000.0,
        "Net Income Continuous Operations": 29584000000.0,
        "Tax Provision": 17441000000.0,
        "Pretax Income": 47025000000.0,
        "Other Income Expense": -8552000000.0,
        "Other Non Operating Income Expenses": 455000000.0,
        "Special Income Charges": NaN,
        "Gain On Sale Of Ppe": NaN,
        "Other Special Charges": NaN,
        "Impairment Of Capital Assets": NaN,
        "Earnings From Equity Interest": NaN,
        "Gain On Sale Of Security": -9007000000.0,
        "Net Non Operating Interest Income Expense": 33008000000.0,
        "Total Other Finance Cost": -49919000000.0,
        "Interest Expense Non Operating": 17164000000.0,
        "Interest Income Non Operating": 253000000.0,
        "Operating Income": 22569000000.0,
        "Operating Expense": 14166000000.0,
        "Other Operating Expenses": NaN,
        "Other Taxes": 1440000000.0,
        "Provision For Doubtful Accounts": NaN,
        "Depreciation Amortization Depletion Income Statement": NaN,
        "Depreciation And Amortization In Income Statement": NaN,
        "Selling General And Administration": 12726000000.0,
        "Selling And Marketing Expense": NaN,
        "General And Administrative Expense": NaN,
        "Other Gand A": NaN,
        "Insurance And Claims": NaN,
        "Rent And Landing Fees": NaN,
        "Salaries And Wages": NaN,
        "Gross Profit": 36735000000.0,
        "Cost Of Revenue": 99367000000.0,
        "Total Revenue": 136102000000.0,
        "Operating Revenue": 136102000000.0
    }
}