{
    "2023-04-30": {
        "Tax Effect Of Unusual Items": NaN,
        "Tax Rate For Calcs": NaN,
        "Normalized EBITDA": NaN,
        "Net Income From Continuing Operation Net Minority Interest": NaN,
        "Reconciled Depreciation": NaN,
        "Reconciled Cost Of Revenue": NaN,
        "EBITDA": NaN,
        "EBIT": NaN,
        "Net Interest Income": NaN,
        "Interest Income": NaN,
        "Normalized Income": NaN,
        "Net Income From Continuing And Discontinued Operation": NaN,
        "Total Expenses": NaN,
        "Total Operating Income As Reported": NaN,
        "Diluted Average Shares": NaN,
        "Basic Average Shares": NaN,
        "Diluted EPS": NaN,
        "Basic EPS": NaN,
        "Diluted NI Availto Com Stockholders": NaN,
        "Net Income Common Stockholders": NaN,
        "Net Income": NaN,
        "Net Income Including Noncontrolling Interests": NaN,
        "Net Income Continuous Operations": NaN,
        "Tax Provision": NaN,
        "Pretax Income": NaN,
        "Net Non Operating Interest Income Expense": NaN,
        "Total Other Finance Cost": NaN,
        "Interest Income Non Operating": NaN,
        "Operating Income": NaN,
        "Operating Expense": NaN,
        "Depreciation Amortization Depletion Income Statement": NaN,
        "Depreciation And Amortization In Income Statement": NaN,
        "Selling General And Administration": NaN,
        "Selling And Marketing Expense": NaN,
        "General And Administrative Expense": 56546000.0,
        "Other Gand A": 56546000.0,
        "Gross Profit": NaN,
        "Cost Of Revenue": NaN,
        "Total Revenue": NaN,
        "Operating Revenue": NaN
    },
    "2023-01-31": {
        "Tax Effect Of Unusual Items": NaN,
        "Tax Rate For Calcs": NaN,
        "Normalized EBITDA": NaN,
        "Net Income From Continuing Operation Net Minority Interest": NaN,
        "Reconciled Depreciation": NaN,
        "Reconciled Cost Of Revenue": NaN,
        "EBITDA": NaN,
        "EBIT": NaN,
        "Net Interest Income": NaN,
        "Interest Expense": 16000.0,
        "Interest Income": NaN,
        "Normalized Income": NaN,
        "Net Income From Continuing And Discontinued Operation": NaN,
        "Total Expenses": NaN,
        "Total Operating Income As Reported": NaN,
        "Diluted Average Shares": NaN,
        "Basic Average Shares": NaN,
        "Diluted EPS": NaN,
        "Basic EPS": NaN,
        "Diluted NI Availto Com Stockholders": NaN,
        "Net Income Common Stockholders": NaN,
        "Net Income": NaN,
        "Net Income Including Noncontrolling Interests": NaN,
        "Net Income Continuous Operations": NaN,
        "Tax Provision": NaN,
        "Pretax Income": NaN,
        "Net Non Operating Interest Income Expense": NaN,
        "Total Other Finance Cost": NaN,
        "Interest Expense Non Operating": 16000.0,
        "Interest Income Non Operating": NaN,
        "Operating Income": NaN,
        "Operating Expense": NaN,
        "Depreciation Amortization Depletion Income Statement": NaN,
        "Depreciation And Amortization In Income Statement": NaN,
        "Selling General And Administration": NaN,
        "Selling And Marketing Expense": NaN,
        "General And Administrative Expense": NaN,
        "Other Gand A": NaN,
        "Gross Profit": NaN,
        "Cost Of Revenue": NaN,
        "Total Revenue": NaN,
        "Operating Revenue": NaN
    },
    "2022-10-31": {
        "Tax Effect Of Unusual Items": NaN,
        "Tax Rate For Calcs": NaN,
        "Normalized EBITDA": NaN,
        "Net Income From Continuing Operation Net Minority Interest": NaN,
        "Reconciled Depreciation": NaN,
        "Reconciled Cost Of Revenue": NaN,
        "EBITDA": NaN,
        "EBIT": NaN,
        "Net Interest Income": NaN,
        "Interest Expense": 69000.0,
        "Normalized Income": NaN,
        "Net Income From Continuing And Discontinued Operation": NaN,
        "Total Expenses": NaN,
        "Total Operating Income As Reported": NaN,
        "Diluted Average Shares": NaN,
        "Basic Average Shares": NaN,
        "Diluted EPS": NaN,
        "Basic EPS": NaN,
        "Diluted NI Availto Com Stockholders": NaN,
        "Net Income Common Stockholders": NaN,
        "Net Income": NaN,
        "Net Income Including Noncontrolling Interests": NaN,
        "Net Income Continuous Operations": NaN,
        "Tax Provision": NaN,
        "Pretax Income": NaN,
        "Net Non Operating Interest Income Expense": NaN,
        "Total Other Finance Cost": NaN,
        "Interest Expense Non Operating": 69000.0,
        "Operating Income": NaN,
        "Operating Expense": NaN,
        "Depreciation Amortization Depletion Income Statement": NaN,
        "Depreciation And Amortization In Income Statement": NaN,
        "Selling General And Administration": NaN,
        "Selling And Marketing Expense": NaN,
        "General And Administrative Expense": NaN,
        "Other Gand A": NaN,
        "Gross Profit": NaN,
        "Cost Of Revenue": NaN,
        "Total Revenue": NaN,
        "Operating Revenue": NaN
    },
    "2022-07-31": {
        "Tax Effect Of Unusual Items": 0.0,
        "Tax Rate For Calcs": 0.28,
        "Normalized EBITDA": 12972000.0,
        "Net Income From Continuing Operation Net Minority Interest": 7122000.0,
        "Reconciled Depreciation": 3076000.0,
        "Reconciled Cost Of Revenue": 67608000.0,
        "EBITDA": 12972000.0,
        "EBIT": 9896000.0,
        "Net Interest Income": 3000.0,
        "Interest Expense": NaN,
        "Normalized Income": 7122000.0,
        "Net Income From Continuing And Discontinued Operation": 7122000.0,
        "Total Expenses": 138638000.0,
        "Total Operating Income As Reported": 9896000.0,
        "Diluted Average Shares": 16004061.0,
        "Basic Average Shares": 15195116.0,
        "Diluted EPS": 0.45,
        "Basic EPS": 0.47,
        "Diluted NI Availto Com Stockholders": 7122000.0,
        "Net Income Common Stockholders": 7122000.0,
        "Net Income": 7122000.0,
        "Net Income Including Noncontrolling Interests": 7122000.0,
        "Net Income Continuous Operations": 7122000.0,
        "Tax Provision": 2777000.0,
        "Pretax Income": 9899000.0,
        "Net Non Operating Interest Income Expense": 3000.0,
        "Total Other Finance Cost": -3000.0,
        "Interest Expense Non Operating": NaN,
        "Operating Income": 9896000.0,
        "Operating Expense": 71030000.0,
        "Depreciation Amortization Depletion Income Statement": 3076000.0,
        "Depreciation And Amortization In Income Statement": 3076000.0,
        "Selling General And Administration": 67954000.0,
        "Selling And Marketing Expense": 19088000.0,
        "General And Administrative Expense": 48866000.0,
        "Other Gand A": 48866000.0,
        "Gross Profit": 80926000.0,
        "Cost Of Revenue": 67608000.0,
        "Total Revenue": 148534000.0,
        "Operating Revenue": 148534000.0
    },
    "2022-04-30": {
        "Diluted EPS": 0.12,
        "Total Revenue": 129,
        "Gross Profit": 66,
        "Operating Income": 3,
        "EBIT": 5,
        "Net Income": 2
    },
    "2022-01-31": {
        "Diluted EPS": 2.04,
        "Total Revenue": 196,
        "Gross Profit": 110,
        "Operating Income": 24,
        "EBIT": 26,
        "Net Income": 33
    },
    "2021-10-31": {
        "Diluted EPS": 0.17,
        "Total Revenue": 117,
        "Gross Profit": 59,
        "Operating Income": 3,
        "EBIT": 5,
        "Net Income": 3
    },
    "2021-07-31": {
        "Diluted EPS": 0.52,
        "Total Revenue": 102,
        "Gross Profit": 59,
        "Operating Income": 9,
        "EBIT": 11,
        "Net Income": 8
    },
    "2021-04-30": {
        "Diluted EPS": 0.13,
        "Total Revenue": 83,
        "Gross Profit": 46,
        "Operating Income": 2,
        "EBIT": 5,
        "Net Income": 2
    },
    "2021-01-31": {
        "Diluted EPS": 1.46,
        "Total Revenue": 130,
        "Gross Profit": 75,
        "Operating Income": 22,
        "EBIT": 23,
        "Net Income": 22
    },
    "2020-10-31": {
        "Diluted EPS": 0.16,
        "Total Revenue": 75,
        "Gross Profit": 41,
        "Operating Income": 3,
        "EBIT": 4,
        "Net Income": 2
    },
    "2020-07-31": {
        "Diluted EPS": -0.08,
        "Total Revenue": 62,
        "Gross Profit": 31,
        "Operating Income": -1,
        "EBIT": 1,
        "Net Income": -1
    },
    "2020-04-30": {
        "Diluted EPS": -0.58,
        "Total Revenue": 54,
        "Gross Profit": 27,
        "Operating Income": -8,
        "EBIT": -7,
        "Net Income": -8
    },
    "2020-01-31": {
        "Diluted EPS": 0.39,
        "Total Revenue": 92,
        "Gross Profit": 45,
        "Operating Income": 5,
        "EBIT": 7,
        "Net Income": 5
    },
    "2019-10-31": {
        "Diluted EPS": -0.46,
        "Total Revenue": 52,
        "Gross Profit": 26,
        "Operating Income": -7,
        "EBIT": -5,
        "Net Income": -7
    },
    "2019-07-31": {
        "Diluted EPS": -0.33,
        "Total Revenue": 48,
        "Gross Profit": 24,
        "Operating Income": -5,
        "EBIT": -4,
        "Net Income": -5
    },
    "2019-04-30": {
        "Diluted EPS": -0.67,
        "Total Revenue": 41,
        "Gross Profit": 21,
        "Operating Income": -9,
        "EBIT": -8,
        "Net Income": -9
    },
    "2019-01-31": {
        "Diluted EPS": 1.9,
        "Total Revenue": 64,
        "Gross Profit": 36,
        "Operating Income": 8,
        "EBIT": 9,
        "Net Income": 10
    },
    "2018-10-31": {
        "Diluted EPS": -0.22,
        "Total Revenue": 42,
        "Gross Profit": 23,
        "Operating Income": -3,
        "EBIT": -2,
        "Net Income": -3
    },
    "2018-07-31": {
        "Diluted EPS": -3.71,
        "Total Revenue": 33,
        "Gross Profit": 18,
        "Operating Income": -7,
        "EBIT": -6,
        "Net Income": -34
    },
    "2018-04-30": {
        "Diluted EPS": -1.25,
        "Total Revenue": 27,
        "Gross Profit": 15,
        "Operating Income": -6,
        "EBIT": -5,
        "Net Income": -8
    },
    "2018-01-31": {
        "Diluted EPS": 0.0,
        "Total Revenue": NaN,
        "Gross Profit": NaN,
        "Operating Income": NaN,
        "EBIT": NaN,
        "Net Income": NaN
    },
    "2017-10-31": {
        "Diluted EPS": -0.43,
        "Total Revenue": 24,
        "Gross Profit": 14,
        "Operating Income": -2,
        "EBIT": -1,
        "Net Income": -3
    },
    "2017-07-31": {
        "Diluted EPS": -0.45,
        "Total Revenue": 21,
        "Gross Profit": 12,
        "Operating Income": -2,
        "EBIT": -2,
        "Net Income": -3
    },
    "2017-01-31": {
        "Diluted EPS": 0.0,
        "Total Revenue": NaN,
        "Gross Profit": NaN,
        "Operating Income": NaN,
        "EBIT": NaN,
        "Net Income": NaN
    },
    "2023-07-31": {
        "Tax Effect Of Unusual Items": NaN,
        "Tax Rate For Calcs": NaN,
        "Normalized EBITDA": NaN,
        "Net Income From Continuing Operation Net Minority Interest": NaN,
        "Reconciled Depreciation": NaN,
        "Reconciled Cost Of Revenue": NaN,
        "EBITDA": NaN,
        "EBIT": NaN,
        "Net Interest Income": NaN,
        "Interest Income": 351000.0,
        "Normalized Income": NaN,
        "Net Income From Continuing And Discontinued Operation": NaN,
        "Total Expenses": NaN,
        "Total Operating Income As Reported": NaN,
        "Diluted Average Shares": 15422640.0,
        "Basic Average Shares": 15422640.0,
        "Diluted EPS": -0.04,
        "Basic EPS": -0.04,
        "Diluted NI Availto Com Stockholders": NaN,
        "Net Income Common Stockholders": NaN,
        "Net Income": NaN,
        "Net Income Including Noncontrolling Interests": NaN,
        "Net Income Continuous Operations": NaN,
        "Tax Provision": NaN,
        "Pretax Income": NaN,
        "Net Non Operating Interest Income Expense": NaN,
        "Total Other Finance Cost": -351000.0,
        "Interest Income Non Operating": 351000.0,
        "Operating Income": NaN,
        "Operating Expense": NaN,
        "Depreciation Amortization Depletion Income Statement": NaN,
        "Depreciation And Amortization In Income Statement": NaN,
        "Selling General And Administration": NaN,
        "Selling And Marketing Expense": NaN,
        "General And Administrative Expense": 63834000.0,
        "Other Gand A": 63834000.0,
        "Gross Profit": NaN,
        "Cost Of Revenue": NaN,
        "Total Revenue": NaN,
        "Operating Revenue": NaN
    },
    "2023-10-31": {
        "Tax Effect Of Unusual Items": 0.0,
        "Tax Rate For Calcs": 0.299,
        "Normalized EBITDA": -298000.0,
        "Net Income From Continuing Operation Net Minority Interest": -2341000.0,
        "Reconciled Depreciation": 3311000.0,
        "Reconciled Cost Of Revenue": 65594000.0,
        "EBITDA": -298000.0,
        "EBIT": -3609000.0,
        "Net Interest Income": 269000.0,
        "Interest Income": NaN,
        "Normalized Income": -2341000.0,
        "Net Income From Continuing And Discontinued Operation": -2341000.0,
        "Total Expenses": 157645000.0,
        "Total Operating Income As Reported": -3609000.0,
        "Diluted Average Shares": 15522510.0,
        "Basic Average Shares": 15522510.0,
        "Diluted EPS": -0.15,
        "Basic EPS": -0.15,
        "Diluted NI Availto Com Stockholders": -2341000.0,
        "Net Income Common Stockholders": -2341000.0,
        "Net Income": -2341000.0,
        "Net Income Including Noncontrolling Interests": -2341000.0,
        "Net Income Continuous Operations": -2341000.0,
        "Tax Provision": -999000.0,
        "Pretax Income": -3340000.0,
        "Net Non Operating Interest Income Expense": 269000.0,
        "Total Other Finance Cost": -269000.0,
        "Interest Income Non Operating": NaN,
        "Operating Income": -3609000.0,
        "Operating Expense": 92051000.0,
        "Depreciation Amortization Depletion Income Statement": 3311000.0,
        "Depreciation And Amortization In Income Statement": 3311000.0,
        "Selling General And Administration": 88740000.0,
        "Selling And Marketing Expense": 88740000.0,
        "General And Administrative Expense": 67630000.0,
        "Other Gand A": 67630000.0,
        "Gross Profit": 88442000.0,
        "Cost Of Revenue": 65594000.0,
        "Total Revenue": 154036000.0,
        "Operating Revenue": 154036000.0
    },
    "2024-01-31": {
        "Tax Effect Of Unusual Items": 0.0,
        "Tax Rate For Calcs": 0.24819,
        "Normalized EBITDA": 43840000.0,
        "Net Income From Continuing Operation Net Minority Interest": 30952000.0,
        "Reconciled Depreciation": 3456000.0,
        "Reconciled Cost Of Revenue": 100871000.0,
        "EBITDA": 43840000.0,
        "EBIT": 40384000.0,
        "Net Interest Income": 786000.0,
        "Interest Income": NaN,
        "Normalized Income": 30952000.0,
        "Net Income From Continuing And Discontinued Operation": 30952000.0,
        "Total Expenses": 210123000.0,
        "Total Operating Income As Reported": 40384000.0,
        "Diluted Average Shares": NaN,
        "Basic Average Shares": NaN,
        "Diluted EPS": NaN,
        "Basic EPS": NaN,
        "Diluted NI Availto Com Stockholders": 30952000.0,
        "Net Income Common Stockholders": 30952000.0,
        "Net Income": 30952000.0,
        "Net Income Including Noncontrolling Interests": 30952000.0,
        "Net Income Continuous Operations": 30952000.0,
        "Tax Provision": 10218000.0,
        "Pretax Income": 41170000.0,
        "Net Non Operating Interest Income Expense": 786000.0,
        "Total Other Finance Cost": -786000.0,
        "Interest Income Non Operating": NaN,
        "Operating Income": 40384000.0,
        "Operating Expense": 109252000.0,
        "Depreciation Amortization Depletion Income Statement": 3456000.0,
        "Depreciation And Amortization In Income Statement": 3456000.0,
        "Selling General And Administration": 105796000.0,
        "Selling And Marketing Expense": 105796000.0,
        "General And Administrative Expense": 76304000.0,
        "Other Gand A": 76304000.0,
        "Gross Profit": 149636000.0,
        "Cost Of Revenue": 100871000.0,
        "Total Revenue": 250507000.0,
        "Operating Revenue": 250507000.0
    },
    "2024-04-30": {
        "Tax Effect Of Unusual Items": 0.0,
        "Tax Rate For Calcs": 0.243,
        "Normalized EBITDA": -14354000.0,
        "Net Income From Continuing Operation Net Minority Interest": -12960000.0,
        "Reconciled Depreciation": 3502000.0,
        "Reconciled Cost Of Revenue": 60598000.0,
        "EBITDA": -14354000.0,
        "EBIT": -17856000.0,
        "Net Interest Income": 744000.0,
        "Interest Income": NaN,
        "Normalized Income": -12960000.0,
        "Net Income From Continuing And Discontinued Operation": -12960000.0,
        "Total Expenses": 150499000.0,
        "Total Operating Income As Reported": -17856000.0,
        "Diluted Average Shares": 15537823.0,
        "Basic Average Shares": 15537823.0,
        "Diluted EPS": -0.83,
        "Basic EPS": -0.83,
        "Diluted NI Availto Com Stockholders": -12960000.0,
        "Net Income Common Stockholders": -12960000.0,
        "Net Income": -12960000.0,
        "Net Income Including Noncontrolling Interests": -12960000.0,
        "Net Income Continuous Operations": -12960000.0,
        "Tax Provision": -4152000.0,
        "Pretax Income": -17112000.0,
        "Net Non Operating Interest Income Expense": 744000.0,
        "Total Other Finance Cost": -744000.0,
        "Interest Income Non Operating": NaN,
        "Operating Income": -17856000.0,
        "Operating Expense": 89901000.0,
        "Depreciation Amortization Depletion Income Statement": 3502000.0,
        "Depreciation And Amortization In Income Statement": 3502000.0,
        "Selling General And Administration": 86399000.0,
        "Selling And Marketing Expense": 86399000.0,
        "General And Administrative Expense": NaN,
        "Other Gand A": NaN,
        "Gross Profit": 72045000.0,
        "Cost Of Revenue": 60598000.0,
        "Total Revenue": 132643000.0,
        "Operating Revenue": 132643000.0
    },
    "2024-07-31": {
        "Tax Effect Of Unusual Items": 0.0,
        "Tax Rate For Calcs": 0.237,
        "Normalized EBITDA": -4615000.0,
        "Net Income From Continuing Operation Net Minority Interest": -5861000.0,
        "Reconciled Depreciation": 3756000.0,
        "Reconciled Cost Of Revenue": 64221000.0,
        "EBITDA": -4615000.0,
        "EBIT": -8371000.0,
        "Net Interest Income": 694000.0,
        "Interest Income": 694000.0,
        "Normalized Income": -5861000.0,
        "Net Income From Continuing And Discontinued Operation": -5861000.0,
        "Total Expenses": 164961000.0,
        "Total Operating Income As Reported": -8371000.0,
        "Diluted Average Shares": 15590207.0,
        "Basic Average Shares": 15590207.0,
        "Diluted EPS": -0.38,
        "Basic EPS": -0.38,
        "Diluted NI Availto Com Stockholders": -5861000.0,
        "Net Income Common Stockholders": -5861000.0,
        "Net Income": -5861000.0,
        "Net Income Including Noncontrolling Interests": -5861000.0,
        "Net Income Continuous Operations": -5861000.0,
        "Tax Provision": -1816000.0,
        "Pretax Income": -7677000.0,
        "Net Non Operating Interest Income Expense": 694000.0,
        "Total Other Finance Cost": NaN,
        "Interest Income Non Operating": 694000.0,
        "Operating Income": -8371000.0,
        "Operating Expense": 100740000.0,
        "Depreciation Amortization Depletion Income Statement": 3756000.0,
        "Depreciation And Amortization In Income Statement": 3756000.0,
        "Selling General And Administration": 96984000.0,
        "Selling And Marketing Expense": 23310000.0,
        "General And Administrative Expense": 73674000.0,
        "Other Gand A": 73674000.0,
        "Gross Profit": 92369000.0,
        "Cost Of Revenue": 64221000.0,
        "Total Revenue": 156590000.0,
        "Operating Revenue": 156590000.0
    },
    "2024-10-31": {
        "Tax Effect Of Unusual Items": 0.0,
        "Tax Rate For Calcs": 0.298,
        "Normalized EBITDA": -4057000.0,
        "Net Income From Continuing Operation Net Minority Interest": -4930000.0,
        "Reconciled Depreciation": 3666000.0,
        "Reconciled Cost Of Revenue": 62266000.0,
        "EBITDA": -4057000.0,
        "EBIT": -7723000.0,
        "Net Interest Income": 701000.0,
        "Interest Income": NaN,
        "Normalized Income": -4930000.0,
        "Net Income From Continuing And Discontinued Operation": -4930000.0,
        "Total Expenses": 157628000.0,
        "Total Operating Income As Reported": -7723000.0,
        "Diluted Average Shares": 15574293.0,
        "Basic Average Shares": 15574293.0,
        "Diluted EPS": -0.32,
        "Basic EPS": -0.32,
        "Diluted NI Availto Com Stockholders": -4930000.0,
        "Net Income Common Stockholders": -4930000.0,
        "Net Income": -4930000.0,
        "Net Income Including Noncontrolling Interests": -4930000.0,
        "Net Income Continuous Operations": -4930000.0,
        "Tax Provision": -2092000.0,
        "Pretax Income": -7022000.0,
        "Net Non Operating Interest Income Expense": 701000.0,
        "Total Other Finance Cost": -701000.0,
        "Interest Income Non Operating": NaN,
        "Operating Income": -7723000.0,
        "Operating Expense": 95362000.0,
        "Depreciation Amortization Depletion Income Statement": 3666000.0,
        "Depreciation And Amortization In Income Statement": 3666000.0,
        "Selling General And Administration": 91696000.0,
        "Selling And Marketing Expense": 91696000.0,
        "General And Administrative Expense": NaN,
        "Other Gand A": NaN,
        "Gross Profit": 87639000.0,
        "Cost Of Revenue": 62266000.0,
        "Total Revenue": 149905000.0,
        "Operating Revenue": 149905000.0
    }
}