{
    "2023-03-31": {
        "Tax Effect Of Unusual Items": NaN,
        "Tax Rate For Calcs": NaN,
        "Normalized EBITDA": NaN,
        "Total Unusual Items": NaN,
        "Total Unusual Items Excluding Goodwill": NaN,
        "Net Income From Continuing Operation Net Minority Interest": NaN,
        "Reconciled Depreciation": NaN,
        "Reconciled Cost Of Revenue": NaN,
        "EBITDA": NaN,
        "EBIT": NaN,
        "Net Interest Income": NaN,
        "Interest Expense": NaN,
        "Interest Income": NaN,
        "Normalized Income": NaN,
        "Net Income From Continuing And Discontinued Operation": NaN,
        "Total Expenses": NaN,
        "Total Operating Income As Reported": NaN,
        "Diluted Average Shares": NaN,
        "Basic Average Shares": NaN,
        "Diluted EPS": NaN,
        "Basic EPS": NaN,
        "Diluted NI Availto Com Stockholders": NaN,
        "Net Income Common Stockholders": NaN,
        "Net Income": NaN,
        "Net Income Including Noncontrolling Interests": NaN,
        "Net Income Continuous Operations": NaN,
        "Pretax Income": NaN,
        "Other Income Expense": NaN,
        "Other Non Operating Income Expenses": NaN,
        "Special Income Charges": 0.0,
        "Gain On Sale Of Ppe": 0.0,
        "Gain On Sale Of Security": NaN,
        "Net Non Operating Interest Income Expense": NaN,
        "Interest Expense Non Operating": NaN,
        "Interest Income Non Operating": NaN,
        "Operating Income": NaN,
        "Operating Expense": NaN,
        "Other Operating Expenses": NaN,
        "Selling General And Administration": NaN,
        "General And Administrative Expense": NaN,
        "Other Gand A": NaN,
        "Gross Profit": NaN,
        "Cost Of Revenue": NaN,
        "Total Revenue": NaN,
        "Operating Revenue": NaN
    },
    "2022-12-31": {
        "Tax Effect Of Unusual Items": NaN,
        "Tax Rate For Calcs": NaN,
        "Normalized EBITDA": NaN,
        "Total Unusual Items": NaN,
        "Total Unusual Items Excluding Goodwill": NaN,
        "Net Income From Continuing Operation Net Minority Interest": NaN,
        "Reconciled Depreciation": NaN,
        "Reconciled Cost Of Revenue": NaN,
        "EBITDA": NaN,
        "EBIT": NaN,
        "Net Interest Income": NaN,
        "Interest Expense": NaN,
        "Interest Income": NaN,
        "Normalized Income": NaN,
        "Net Income From Continuing And Discontinued Operation": NaN,
        "Total Expenses": NaN,
        "Total Operating Income As Reported": NaN,
        "Diluted Average Shares": NaN,
        "Basic Average Shares": NaN,
        "Diluted EPS": NaN,
        "Basic EPS": NaN,
        "Diluted NI Availto Com Stockholders": NaN,
        "Net Income Common Stockholders": NaN,
        "Net Income": NaN,
        "Net Income Including Noncontrolling Interests": NaN,
        "Net Income Continuous Operations": NaN,
        "Pretax Income": NaN,
        "Other Income Expense": NaN,
        "Other Non Operating Income Expenses": NaN,
        "Special Income Charges": 0.0,
        "Gain On Sale Of Ppe": 0.0,
        "Gain On Sale Of Security": NaN,
        "Net Non Operating Interest Income Expense": NaN,
        "Interest Expense Non Operating": NaN,
        "Interest Income Non Operating": NaN,
        "Operating Income": NaN,
        "Operating Expense": NaN,
        "Other Operating Expenses": NaN,
        "Selling General And Administration": NaN,
        "General And Administrative Expense": NaN,
        "Other Gand A": NaN,
        "Gross Profit": NaN,
        "Cost Of Revenue": NaN,
        "Total Revenue": NaN,
        "Operating Revenue": NaN
    },
    "2022-09-30": {
        "Tax Effect Of Unusual Items": NaN,
        "Tax Rate For Calcs": NaN,
        "Normalized EBITDA": NaN,
        "Total Unusual Items": NaN,
        "Total Unusual Items Excluding Goodwill": NaN,
        "Net Income From Continuing Operation Net Minority Interest": NaN,
        "Reconciled Depreciation": NaN,
        "Reconciled Cost Of Revenue": NaN,
        "EBITDA": NaN,
        "EBIT": NaN,
        "Net Interest Income": NaN,
        "Interest Expense": NaN,
        "Interest Income": NaN,
        "Normalized Income": NaN,
        "Net Income From Continuing And Discontinued Operation": NaN,
        "Total Expenses": NaN,
        "Total Operating Income As Reported": NaN,
        "Diluted Average Shares": NaN,
        "Basic Average Shares": NaN,
        "Diluted EPS": NaN,
        "Basic EPS": NaN,
        "Diluted NI Availto Com Stockholders": NaN,
        "Net Income Common Stockholders": NaN,
        "Net Income": NaN,
        "Net Income Including Noncontrolling Interests": NaN,
        "Net Income Continuous Operations": NaN,
        "Pretax Income": NaN,
        "Other Income Expense": NaN,
        "Other Non Operating Income Expenses": NaN,
        "Special Income Charges": 0.0,
        "Gain On Sale Of Ppe": 0.0,
        "Gain On Sale Of Security": NaN,
        "Net Non Operating Interest Income Expense": NaN,
        "Interest Expense Non Operating": NaN,
        "Interest Income Non Operating": NaN,
        "Operating Income": NaN,
        "Operating Expense": NaN,
        "Other Operating Expenses": NaN,
        "Selling General And Administration": NaN,
        "General And Administrative Expense": NaN,
        "Other Gand A": NaN,
        "Gross Profit": NaN,
        "Cost Of Revenue": NaN,
        "Total Revenue": NaN,
        "Operating Revenue": NaN
    },
    "2022-06-30": {
        "Tax Effect Of Unusual Items": 961540.0,
        "Tax Rate For Calcs": 0.4,
        "Normalized EBITDA": 48659813.0,
        "Total Unusual Items": 2403850.0,
        "Total Unusual Items Excluding Goodwill": 2403850.0,
        "Net Income From Continuing Operation Net Minority Interest": 24847720.0,
        "Reconciled Depreciation": 18257389.0,
        "Reconciled Cost Of Revenue": 39055381.0,
        "EBITDA": 51063663.0,
        "EBIT": 32806274.0,
        "Net Interest Income": -7550276.0,
        "Interest Expense": 7958554.0,
        "Interest Income": 408278.0,
        "Normalized Income": 23405410.0,
        "Net Income From Continuing And Discontinued Operation": 24847720.0,
        "Total Expenses": 47876718.0,
        "Total Operating Income As Reported": 28947004.0,
        "Diluted Average Shares": 40124705.0,
        "Basic Average Shares": 39898485.0,
        "Diluted EPS": 0.62,
        "Basic EPS": 0.62,
        "Diluted NI Availto Com Stockholders": 24847720.0,
        "Net Income Common Stockholders": 24847720.0,
        "Net Income": 24847720.0,
        "Net Income Including Noncontrolling Interests": 24847720.0,
        "Net Income Continuous Operations": 24847720.0,
        "Pretax Income": 24847720.0,
        "Other Income Expense": 3450992.0,
        "Other Non Operating Income Expenses": 1047142.0,
        "Special Income Charges": NaN,
        "Gain On Sale Of Ppe": NaN,
        "Gain On Sale Of Security": 2403850.0,
        "Net Non Operating Interest Income Expense": -7550276.0,
        "Interest Expense Non Operating": 7958554.0,
        "Interest Income Non Operating": 408278.0,
        "Operating Income": 28947004.0,
        "Operating Expense": 8821337.0,
        "Other Operating Expenses": -591802.0,
        "Selling General And Administration": 9413139.0,
        "General And Administrative Expense": 9413139.0,
        "Other Gand A": 9413139.0,
        "Gross Profit": 37768341.0,
        "Cost Of Revenue": 39055381.0,
        "Total Revenue": 76823722.0,
        "Operating Revenue": 76412916.0
    },
    "2023-06-30": {
        "Tax Effect Of Unusual Items": NaN,
        "Tax Rate For Calcs": NaN,
        "Normalized EBITDA": NaN,
        "Total Unusual Items": NaN,
        "Total Unusual Items Excluding Goodwill": NaN,
        "Net Income From Continuing Operation Net Minority Interest": NaN,
        "Reconciled Depreciation": NaN,
        "Reconciled Cost Of Revenue": NaN,
        "EBITDA": NaN,
        "EBIT": NaN,
        "Net Interest Income": NaN,
        "Interest Expense": NaN,
        "Interest Income": NaN,
        "Normalized Income": NaN,
        "Net Income From Continuing And Discontinued Operation": NaN,
        "Total Expenses": NaN,
        "Total Operating Income As Reported": NaN,
        "Diluted Average Shares": 40378835.0,
        "Basic Average Shares": 40137687.0,
        "Diluted EPS": 1.28,
        "Basic EPS": 1.29,
        "Diluted NI Availto Com Stockholders": NaN,
        "Net Income Common Stockholders": NaN,
        "Net Income": NaN,
        "Net Income Including Noncontrolling Interests": NaN,
        "Net Income Continuous Operations": NaN,
        "Pretax Income": NaN,
        "Other Income Expense": NaN,
        "Other Non Operating Income Expenses": NaN,
        "Special Income Charges": NaN,
        "Gain On Sale Of Ppe": NaN,
        "Gain On Sale Of Security": NaN,
        "Net Non Operating Interest Income Expense": NaN,
        "Interest Expense Non Operating": NaN,
        "Interest Income Non Operating": NaN,
        "Operating Income": NaN,
        "Operating Expense": NaN,
        "Other Operating Expenses": NaN,
        "Selling General And Administration": NaN,
        "General And Administrative Expense": NaN,
        "Other Gand A": NaN,
        "Gross Profit": NaN,
        "Cost Of Revenue": NaN,
        "Total Revenue": NaN,
        "Operating Revenue": NaN
    },
    "2022-03-31": {
        "Diluted EPS": 0.88,
        "Total Revenue": 80,
        "Gross Profit": 61,
        "Operating Income": 37,
        "EBIT": 58,
        "Net Income": 35
    },
    "2021-12-31": {
        "Diluted EPS": 0.41,
        "Total Revenue": 69,
        "Gross Profit": 50,
        "Operating Income": 23,
        "EBIT": 44,
        "Net Income": 17
    },
    "2021-09-30": {
        "Diluted EPS": 0.35,
        "Total Revenue": 63,
        "Gross Profit": 44,
        "Operating Income": 19,
        "EBIT": 39,
        "Net Income": 14
    },
    "2021-06-30": {
        "Diluted EPS": 0.14,
        "Total Revenue": 63,
        "Gross Profit": 41,
        "Operating Income": 13,
        "EBIT": 33,
        "Net Income": 6
    },
    "2021-03-31": {
        "Diluted EPS": 0.9,
        "Total Revenue": 100,
        "Gross Profit": 78,
        "Operating Income": 46,
        "EBIT": 66,
        "Net Income": 44
    },
    "2020-12-31": {
        "Diluted EPS": 0.71,
        "Total Revenue": 88,
        "Gross Profit": 69,
        "Operating Income": 42,
        "EBIT": 62,
        "Net Income": 36
    },
    "2020-09-30": {
        "Diluted EPS": 0.01,
        "Total Revenue": 55,
        "Gross Profit": 32,
        "Operating Income": 5,
        "EBIT": 26,
        "Net Income": 1
    },
    "2020-06-30": {
        "Diluted EPS": 0.24,
        "Total Revenue": 73,
        "Gross Profit": 55,
        "Operating Income": 23,
        "EBIT": 44,
        "Net Income": 12
    },
    "2020-03-31": {
        "Diluted EPS": 0.56,
        "Total Revenue": 95,
        "Gross Profit": 75,
        "Operating Income": 50,
        "EBIT": 69,
        "Net Income": 29
    },
    "2019-12-31": {
        "Diluted EPS": 0.66,
        "Total Revenue": 85,
        "Gross Profit": 65,
        "Operating Income": 42,
        "EBIT": 59,
        "Net Income": 36
    },
    "2019-09-30": {
        "Diluted EPS": 0.74,
        "Total Revenue": 92,
        "Gross Profit": 73,
        "Operating Income": 49,
        "EBIT": 66,
        "Net Income": 41
    },
    "2019-06-30": {
        "Diluted EPS": 0.11,
        "Total Revenue": 61,
        "Gross Profit": 45,
        "Operating Income": 20,
        "EBIT": 37,
        "Net Income": 6
    },
    "2019-03-31": {
        "Diluted EPS": -0.29,
        "Total Revenue": 34,
        "Gross Profit": 18,
        "Operating Income": -4,
        "EBIT": 13,
        "Net Income": -16
    },
    "2018-12-31": {
        "Diluted EPS": -0.11,
        "Total Revenue": 55,
        "Gross Profit": 38,
        "Operating Income": 9,
        "EBIT": 27,
        "Net Income": -6
    },
    "2018-09-30": {
        "Diluted EPS": -0.15,
        "Total Revenue": 41,
        "Gross Profit": 23,
        "Operating Income": 0,
        "EBIT": 17,
        "Net Income": -8
    },
    "2018-06-30": {
        "Diluted EPS": -0.38,
        "Total Revenue": 28,
        "Gross Profit": 11,
        "Operating Income": -13,
        "EBIT": 4,
        "Net Income": -21
    },
    "2018-03-31": {
        "Diluted EPS": -0.07,
        "Total Revenue": 39,
        "Gross Profit": 23,
        "Operating Income": 1,
        "EBIT": 20,
        "Net Income": -3
    },
    "2017-12-31": {
        "Diluted EPS": 0.03,
        "Total Revenue": 45,
        "Gross Profit": 28,
        "Operating Income": 7,
        "EBIT": 25,
        "Net Income": 2
    },
    "2017-09-30": {
        "Diluted EPS": -0.22,
        "Total Revenue": 35,
        "Gross Profit": 18,
        "Operating Income": -4,
        "EBIT": 15,
        "Net Income": -12
    },
    "2017-06-30": {
        "Diluted EPS": -0.12,
        "Total Revenue": 41,
        "Gross Profit": 24,
        "Operating Income": 0,
        "EBIT": 17,
        "Net Income": -7
    },
    "2017-03-31": {
        "Diluted EPS": 0.03,
        "Total Revenue": 48,
        "Gross Profit": 30,
        "Operating Income": 9,
        "EBIT": 26,
        "Net Income": 2
    },
    "2016-12-31": {
        "Diluted EPS": 0.09,
        "Total Revenue": 36,
        "Gross Profit": 17,
        "Operating Income": -3,
        "EBIT": 14,
        "Net Income": 5
    },
    "2016-09-30": {
        "Diluted EPS": -0.13,
        "Total Revenue": 34,
        "Gross Profit": 17,
        "Operating Income": -4,
        "EBIT": 13,
        "Net Income": -7
    },
    "2016-06-30": {
        "Diluted EPS": -0.02,
        "Total Revenue": 51,
        "Gross Profit": 34,
        "Operating Income": 12,
        "EBIT": 30,
        "Net Income": -1
    },
    "2016-03-31": {
        "Diluted EPS": 0.36,
        "Total Revenue": 85,
        "Gross Profit": 68,
        "Operating Income": 44,
        "EBIT": 61,
        "Net Income": 20
    },
    "2015-12-31": {
        "Diluted EPS": 0.97,
        "Total Revenue": 93,
        "Gross Profit": 75,
        "Operating Income": 54,
        "EBIT": 68,
        "Net Income": 55
    },
    "2015-09-30": {
        "Diluted EPS": 0.72,
        "Total Revenue": 75,
        "Gross Profit": 62,
        "Operating Income": 48,
        "EBIT": 57,
        "Net Income": 41
    },
    "2015-06-30": {
        "Diluted EPS": 0.24,
        "Total Revenue": 36,
        "Gross Profit": 25,
        "Operating Income": 13,
        "EBIT": 18,
        "Net Income": 14
    },
    "2015-03-31": {
        "Diluted EPS": 0.15,
        "Total Revenue": 35,
        "Gross Profit": 21,
        "Operating Income": 12,
        "EBIT": 17,
        "Net Income": 9
    },
    "2014-12-31": {
        "Diluted EPS": 0.16,
        "Total Revenue": 33,
        "Gross Profit": 19,
        "Operating Income": 11,
        "EBIT": 15,
        "Net Income": 9
    },
    "2014-09-30": {
        "Diluted EPS": 0.07,
        "Total Revenue": 20,
        "Gross Profit": 11,
        "Operating Income": 3,
        "EBIT": 7,
        "Net Income": 4
    },
    "2014-06-30": {
        "Diluted EPS": 0.07,
        "Total Revenue": 16,
        "Gross Profit": 10,
        "Operating Income": 5,
        "EBIT": 8,
        "Net Income": 4
    },
    "2014-03-31": {
        "Diluted EPS": 0.0,
        "Total Revenue": NaN,
        "Gross Profit": NaN,
        "Operating Income": NaN,
        "EBIT": NaN,
        "Net Income": NaN
    },
    "2013-12-31": {
        "Diluted EPS": 0.2,
        "Total Revenue": 14,
        "Gross Profit": 8,
        "Operating Income": 4,
        "EBIT": 4,
        "Net Income": 6
    },
    "2013-09-30": {
        "Diluted EPS": -0.08,
        "Total Revenue": 6,
        "Gross Profit": 2,
        "Operating Income": -1,
        "EBIT": -1,
        "Net Income": -1
    },
    "2013-03-31": {
        "Diluted EPS": 0.0,
        "Total Revenue": NaN,
        "Gross Profit": NaN,
        "Operating Income": NaN,
        "EBIT": NaN,
        "Net Income": NaN
    },
    "2023-09-30": {
        "Tax Effect Of Unusual Items": 732650.31,
        "Tax Rate For Calcs": 0.21,
        "Normalized EBITDA": 113950412.0,
        "Total Unusual Items": 3488811.0,
        "Total Unusual Items Excluding Goodwill": 3488811.0,
        "Net Income From Continuing Operation Net Minority Interest": 76512665.0,
        "Reconciled Depreciation": 30611677.0,
        "Reconciled Cost Of Revenue": 51312685.0,
        "EBITDA": 117439223.0,
        "EBIT": 86827546.0,
        "Net Interest Income": -8284129.0,
        "Interest Expense": 10314881.0,
        "Interest Income": 2030752.0,
        "Normalized Income": 73756504.31,
        "Net Income From Continuing And Discontinued Operation": 76512665.0,
        "Total Expenses": 64210383.0,
        "Total Operating Income As Reported": 80488079.0,
        "Diluted Average Shares": 40405417.0,
        "Basic Average Shares": 40281518.0,
        "Diluted EPS": 1.89,
        "Basic EPS": 1.9,
        "Diluted NI Availto Com Stockholders": 76512665.0,
        "Net Income Common Stockholders": 76512665.0,
        "Net Income": 76512665.0,
        "Net Income Including Noncontrolling Interests": 76512665.0,
        "Net Income Continuous Operations": 76512665.0,
        "Pretax Income": 76512665.0,
        "Other Income Expense": 4308715.0,
        "Other Non Operating Income Expenses": 819904.0,
        "Special Income Charges": NaN,
        "Gain On Sale Of Ppe": NaN,
        "Gain On Sale Of Security": 3488811.0,
        "Net Non Operating Interest Income Expense": -8284129.0,
        "Interest Expense Non Operating": 10314881.0,
        "Interest Income Non Operating": 2030752.0,
        "Operating Income": 80488079.0,
        "Operating Expense": 12897698.0,
        "Other Operating Expenses": -680950.0,
        "Selling General And Administration": 13578648.0,
        "General And Administrative Expense": 13578648.0,
        "Other Gand A": 13578648.0,
        "Gross Profit": 93385777.0,
        "Cost Of Revenue": 51312685.0,
        "Total Revenue": 144698462.0,
        "Operating Revenue": 144327170.0
    },
    "2023-12-31": {
        "Tax Effect Of Unusual Items": -872334.33,
        "Tax Rate For Calcs": 0.21,
        "Normalized EBITDA": 139299584.0,
        "Total Unusual Items": -4153973.0,
        "Total Unusual Items Excluding Goodwill": -4153973.0,
        "Net Income From Continuing Operation Net Minority Interest": 99972913.0,
        "Reconciled Depreciation": 25096060.0,
        "Reconciled Cost Of Revenue": 45709630.0,
        "EBITDA": 135145611.0,
        "EBIT": 110049551.0,
        "Net Interest Income": -7173016.0,
        "Interest Expense": 10076638.0,
        "Interest Income": 2903622.0,
        "Normalized Income": 103254551.67,
        "Net Income From Continuing And Discontinued Operation": 99972913.0,
        "Total Expenses": 52723642.0,
        "Total Operating Income As Reported": 110340861.0,
        "Diluted Average Shares": 40507503.0,
        "Basic Average Shares": 40350476.0,
        "Diluted EPS": 2.47,
        "Basic EPS": 2.48,
        "Diluted NI Availto Com Stockholders": 99972913.0,
        "Net Income Common Stockholders": 99972913.0,
        "Net Income": 99972913.0,
        "Net Income Including Noncontrolling Interests": 99972913.0,
        "Net Income Continuous Operations": 99972913.0,
        "Pretax Income": 99972913.0,
        "Other Income Expense": -3194932.0,
        "Other Non Operating Income Expenses": 959041.0,
        "Special Income Charges": NaN,
        "Gain On Sale Of Ppe": NaN,
        "Gain On Sale Of Security": -4153973.0,
        "Net Non Operating Interest Income Expense": -7173016.0,
        "Interest Expense Non Operating": 10076638.0,
        "Interest Income Non Operating": 2903622.0,
        "Operating Income": 110340861.0,
        "Operating Expense": 7014012.0,
        "Other Operating Expenses": -645454.0,
        "Selling General And Administration": 7659466.0,
        "General And Administrative Expense": 7659466.0,
        "Other Gand A": 7659466.0,
        "Gross Profit": 117354873.0,
        "Cost Of Revenue": 45709630.0,
        "Total Revenue": 163064503.0,
        "Operating Revenue": 162333967.0
    },
    "2024-03-31": {
        "Tax Effect Of Unusual Items": 725977.35,
        "Tax Rate For Calcs": 0.21,
        "Normalized EBITDA": 82995954.0,
        "Total Unusual Items": 3457035.0,
        "Total Unusual Items Excluding Goodwill": 3457035.0,
        "Net Income From Continuing Operation Net Minority Interest": 79240198.0,
        "Reconciled Depreciation": -3697147.0,
        "Reconciled Cost Of Revenue": 51110098.0,
        "EBITDA": 86452989.0,
        "EBIT": 86452989.0,
        "Net Interest Income": -6821326.0,
        "Interest Expense": 7212791.0,
        "Interest Income": 2863734.0,
        "Normalized Income": 76509140.35,
        "Net Income From Continuing And Discontinued Operation": 79240198.0,
        "Total Expenses": 59012576.0,
        "Total Operating Income As Reported": 82378988.0,
        "Diluted Average Shares": 40428672.0,
        "Basic Average Shares": 40428672.0,
        "Diluted EPS": 1.96,
        "Basic EPS": 1.96,
        "Diluted NI Availto Com Stockholders": 79240198.0,
        "Net Income Common Stockholders": 79240198.0,
        "Net Income": 79240198.0,
        "Net Income Including Noncontrolling Interests": 79240198.0,
        "Net Income Continuous Operations": 79240198.0,
        "Pretax Income": 79240198.0,
        "Other Income Expense": 3682536.0,
        "Other Non Operating Income Expenses": 225501.0,
        "Special Income Charges": NaN,
        "Gain On Sale Of Ppe": NaN,
        "Gain On Sale Of Security": 3457035.0,
        "Net Non Operating Interest Income Expense": -6821326.0,
        "Interest Expense Non Operating": 7212791.0,
        "Interest Income Non Operating": 2863734.0,
        "Operating Income": 82378988.0,
        "Operating Expense": 7902478.0,
        "Other Operating Expenses": -645454.0,
        "Selling General And Administration": 8547932.0,
        "General And Administrative Expense": 8547932.0,
        "Other Gand A": 8547932.0,
        "Gross Profit": 90281466.0,
        "Cost Of Revenue": 51110098.0,
        "Total Revenue": 141391564.0,
        "Operating Revenue": 141359981.0
    },
    "2024-06-30": {
        "Tax Effect Of Unusual Items": 272080.62,
        "Tax Rate For Calcs": 0.21,
        "Normalized EBITDA": 76681934.0,
        "Total Unusual Items": 1295622.0,
        "Total Unusual Items Excluding Goodwill": 1295622.0,
        "Net Income From Continuing Operation Net Minority Interest": 51288140.0,
        "Reconciled Depreciation": 17170986.0,
        "Reconciled Cost Of Revenue": 49101390.0,
        "EBITDA": 77977556.0,
        "EBIT": 60806570.0,
        "Net Interest Income": -5789923.0,
        "Interest Expense": 9518430.0,
        "Interest Income": 3728507.0,
        "Normalized Income": 50264598.62,
        "Net Income From Continuing And Discontinued Operation": 51288140.0,
        "Total Expenses": 58879517.0,
        "Total Operating Income As Reported": 55473525.0,
        "Diluted Average Shares": 41115667.0,
        "Basic Average Shares": 40905196.0,
        "Diluted EPS": 1.25,
        "Basic EPS": 1.25,
        "Diluted NI Availto Com Stockholders": 51288140.0,
        "Net Income Common Stockholders": 51288140.0,
        "Net Income": 51288140.0,
        "Net Income Including Noncontrolling Interests": 51288140.0,
        "Net Income Continuous Operations": 51288140.0,
        "Pretax Income": 51288140.0,
        "Other Income Expense": 1604538.0,
        "Other Non Operating Income Expenses": 308916.0,
        "Special Income Charges": NaN,
        "Gain On Sale Of Ppe": NaN,
        "Gain On Sale Of Security": 1295622.0,
        "Net Non Operating Interest Income Expense": -5789923.0,
        "Interest Expense Non Operating": 9518430.0,
        "Interest Income Non Operating": 3728507.0,
        "Operating Income": 55473525.0,
        "Operating Expense": 9778127.0,
        "Other Operating Expenses": -645943.0,
        "Selling General And Administration": 10424070.0,
        "General And Administrative Expense": 10424070.0,
        "Other Gand A": 10424070.0,
        "Gross Profit": 65251652.0,
        "Cost Of Revenue": 49101390.0,
        "Total Revenue": 114353042.0,
        "Operating Revenue": 112821405.0
    },
    "2024-09-30": {
        "Tax Effect Of Unusual Items": -825114.99,
        "Tax Rate For Calcs": 0.21,
        "Normalized EBITDA": 40166659.0,
        "Total Unusual Items": -3929119.0,
        "Total Unusual Items Excluding Goodwill": -3929119.0,
        "Net Income From Continuing Operation Net Minority Interest": 9428605.0,
        "Reconciled Depreciation": 17370662.0,
        "Reconciled Cost Of Revenue": 47514198.0,
        "EBITDA": 36237540.0,
        "EBIT": 18866878.0,
        "Net Interest Income": -4977099.0,
        "Interest Expense": 9438273.0,
        "Interest Income": 4461174.0,
        "Normalized Income": 12532609.01,
        "Net Income From Continuing And Discontinued Operation": 9428605.0,
        "Total Expenses": 63337394.0,
        "Total Operating Income As Reported": 19096086.0,
        "Diluted Average Shares": NaN,
        "Basic Average Shares": NaN,
        "Diluted EPS": NaN,
        "Basic EPS": NaN,
        "Diluted NI Availto Com Stockholders": 9428605.0,
        "Net Income Common Stockholders": 9428605.0,
        "Net Income": 9428605.0,
        "Net Income Including Noncontrolling Interests": 9428605.0,
        "Net Income Continuous Operations": 9428605.0,
        "Pretax Income": 9428605.0,
        "Other Income Expense": -4690382.0,
        "Other Non Operating Income Expenses": -761263.0,
        "Special Income Charges": NaN,
        "Gain On Sale Of Ppe": NaN,
        "Gain On Sale Of Security": -3929119.0,
        "Net Non Operating Interest Income Expense": -4977099.0,
        "Interest Expense Non Operating": 9438273.0,
        "Interest Income Non Operating": 4461174.0,
        "Operating Income": 19096086.0,
        "Operating Expense": 15823196.0,
        "Other Operating Expenses": -635454.0,
        "Selling General And Administration": 16458650.0,
        "General And Administrative Expense": 16458650.0,
        "Other Gand A": 16458650.0,
        "Gross Profit": 34919282.0,
        "Cost Of Revenue": 47514198.0,
        "Total Revenue": 82433480.0,
        "Operating Revenue": 82310633.0
    }
}