{
    "2023-03-31": {
        "Tax Effect Of Unusual Items": 0.0,
        "Tax Rate For Calcs": 0.252489,
        "Normalized EBITDA": 19404000.0,
        "Total Unusual Items": NaN,
        "Total Unusual Items Excluding Goodwill": NaN,
        "Net Income From Continuing Operation Net Minority Interest": 12538000.0,
        "Reconciled Depreciation": 244000.0,
        "Reconciled Cost Of Revenue": 5431000.0,
        "EBITDA": 19404000.0,
        "EBIT": 19160000.0,
        "Net Interest Income": -323000.0,
        "Interest Expense": 2387000.0,
        "Interest Income": 2064000.0,
        "Normalized Income": 12538000.0,
        "Net Income From Continuing And Discontinued Operation": 12538000.0,
        "Total Expenses": 21265000.0,
        "Total Operating Income As Reported": 17096000.0,
        "Diluted Average Shares": 123424322.0,
        "Basic Average Shares": 123122014.0,
        "Diluted EPS": 0.1,
        "Basic EPS": 0.1,
        "Diluted NI Availto Com Stockholders": 12538000.0,
        "Net Income Common Stockholders": 12538000.0,
        "Net Income": 12538000.0,
        "Net Income Including Noncontrolling Interests": 12538000.0,
        "Net Income Continuous Operations": 12538000.0,
        "Tax Provision": 4235000.0,
        "Pretax Income": 16773000.0,
        "Other Income Expense": NaN,
        "Other Non Operating Income Expenses": NaN,
        "Special Income Charges": NaN,
        "Net Non Operating Interest Income Expense": -323000.0,
        "Interest Expense Non Operating": 2387000.0,
        "Interest Income Non Operating": 2064000.0,
        "Operating Income": 17096000.0,
        "Operating Expense": 15834000.0,
        "Research And Development": 1230000.0,
        "Selling General And Administration": 14604000.0,
        "Selling And Marketing Expense": 4409000.0,
        "General And Administrative Expense": 10195000.0,
        "Other Gand A": 10195000.0,
        "Gross Profit": 32930000.0,
        "Cost Of Revenue": 5431000.0,
        "Total Revenue": 38361000.0,
        "Operating Revenue": 38361000.0
    },
    "2022-12-31": {
        "Tax Effect Of Unusual Items": 0.0,
        "Tax Rate For Calcs": 0.21,
        "Normalized EBITDA": 7060000.0,
        "Total Unusual Items": 0.0,
        "Total Unusual Items Excluding Goodwill": 0.0,
        "Net Income From Continuing Operation Net Minority Interest": -4189000.0,
        "Reconciled Depreciation": 659000.0,
        "Reconciled Cost Of Revenue": 4896000.0,
        "EBITDA": 7060000.0,
        "EBIT": 6401000.0,
        "Net Interest Income": -670000.0,
        "Interest Expense": 2297000.0,
        "Interest Income": 1627000.0,
        "Normalized Income": -4189000.0,
        "Net Income From Continuing And Discontinued Operation": -4189000.0,
        "Total Expenses": 22048000.0,
        "Total Operating Income As Reported": 4773000.0,
        "Diluted Average Shares": 125794209.0,
        "Basic Average Shares": 125763245.0,
        "Diluted EPS": -0.03,
        "Basic EPS": -0.03,
        "Diluted NI Availto Com Stockholders": -4189000.0,
        "Net Income Common Stockholders": -4189000.0,
        "Net Income": -4189000.0,
        "Net Income Including Noncontrolling Interests": -4189000.0,
        "Net Income Continuous Operations": -4189000.0,
        "Tax Provision": 8293000.0,
        "Pretax Income": 4104000.0,
        "Other Income Expense": 1000.0,
        "Other Non Operating Income Expenses": 1000.0,
        "Special Income Charges": 0.0,
        "Net Non Operating Interest Income Expense": -670000.0,
        "Interest Expense Non Operating": 2297000.0,
        "Interest Income Non Operating": 1627000.0,
        "Operating Income": 4773000.0,
        "Operating Expense": 17152000.0,
        "Research And Development": 1839000.0,
        "Selling General And Administration": 15313000.0,
        "Selling And Marketing Expense": 4148000.0,
        "General And Administrative Expense": 11165000.0,
        "Other Gand A": 11165000.0,
        "Gross Profit": 21925000.0,
        "Cost Of Revenue": 4896000.0,
        "Total Revenue": 26821000.0,
        "Operating Revenue": 26821000.0
    },
    "2022-09-30": {
        "Tax Effect Of Unusual Items": 0.0,
        "Tax Rate For Calcs": 0.066096,
        "Normalized EBITDA": 27873000.0,
        "Total Unusual Items": 0.0,
        "Total Unusual Items Excluding Goodwill": 0.0,
        "Net Income From Continuing Operation Net Minority Interest": 24529000.0,
        "Reconciled Depreciation": 66000.0,
        "Reconciled Cost Of Revenue": 5199000.0,
        "EBITDA": 27873000.0,
        "EBIT": 27873000.0,
        "Net Interest Income": -1287000.0,
        "Interest Expense": 1608000.0,
        "Interest Income": 321000.0,
        "Normalized Income": 24529000.0,
        "Net Income From Continuing And Discontinued Operation": 24529000.0,
        "Total Expenses": 22870000.0,
        "Total Operating Income As Reported": 27791000.0,
        "Diluted Average Shares": 126228723.0,
        "Basic Average Shares": 126228723.0,
        "Diluted EPS": 0.19,
        "Basic EPS": 0.19,
        "Diluted NI Availto Com Stockholders": 24529000.0,
        "Net Income Common Stockholders": 24529000.0,
        "Net Income": 24529000.0,
        "Net Income Including Noncontrolling Interests": 24529000.0,
        "Net Income Continuous Operations": 24529000.0,
        "Tax Provision": 1736000.0,
        "Pretax Income": 26265000.0,
        "Other Income Expense": -239000.0,
        "Other Non Operating Income Expenses": -239000.0,
        "Special Income Charges": 0.0,
        "Net Non Operating Interest Income Expense": -1287000.0,
        "Interest Expense Non Operating": 1608000.0,
        "Interest Income Non Operating": 321000.0,
        "Operating Income": 27791000.0,
        "Operating Expense": 17671000.0,
        "Research And Development": 2355000.0,
        "Selling General And Administration": 15316000.0,
        "Selling And Marketing Expense": 5981000.0,
        "General And Administrative Expense": 9335000.0,
        "Other Gand A": 9335000.0,
        "Gross Profit": 45462000.0,
        "Cost Of Revenue": 5199000.0,
        "Total Revenue": 50661000.0,
        "Operating Revenue": 50661000.0
    },
    "2022-06-30": {
        "Tax Effect Of Unusual Items": 0.0,
        "Tax Rate For Calcs": 0.271,
        "Normalized EBITDA": 33141000.0,
        "Total Unusual Items": 0.0,
        "Total Unusual Items Excluding Goodwill": 0.0,
        "Net Income From Continuing Operation Net Minority Interest": 23126000.0,
        "Reconciled Depreciation": 310000.0,
        "Reconciled Cost Of Revenue": 5085000.0,
        "EBITDA": 33141000.0,
        "EBIT": 32831000.0,
        "Net Interest Income": -1102000.0,
        "Interest Expense": 1124000.0,
        "Interest Income": 22000.0,
        "Normalized Income": 23126000.0,
        "Net Income From Continuing And Discontinued Operation": 23126000.0,
        "Total Expenses": 19235000.0,
        "Total Operating Income As Reported": 32809000.0,
        "Diluted Average Shares": 126222366.0,
        "Basic Average Shares": 126221689.0,
        "Diluted EPS": 0.18,
        "Basic EPS": 0.18,
        "Diluted NI Availto Com Stockholders": 23126000.0,
        "Net Income Common Stockholders": 23126000.0,
        "Net Income": 23126000.0,
        "Net Income Including Noncontrolling Interests": 23126000.0,
        "Net Income Continuous Operations": 23126000.0,
        "Tax Provision": 8581000.0,
        "Pretax Income": 31707000.0,
        "Other Income Expense": NaN,
        "Other Non Operating Income Expenses": NaN,
        "Special Income Charges": 0.0,
        "Net Non Operating Interest Income Expense": -1102000.0,
        "Interest Expense Non Operating": 1124000.0,
        "Interest Income Non Operating": 22000.0,
        "Operating Income": 32809000.0,
        "Operating Expense": 14150000.0,
        "Research And Development": 2188000.0,
        "Selling General And Administration": 11962000.0,
        "Selling And Marketing Expense": 3994000.0,
        "General And Administrative Expense": 7968000.0,
        "Other Gand A": 7968000.0,
        "Gross Profit": 46959000.0,
        "Cost Of Revenue": 5085000.0,
        "Total Revenue": 52044000.0,
        "Operating Revenue": 52044000.0
    },
    "2022-03-31": {
        "Diluted EPS": 0.18,
        "Total Revenue": 50,
        "Gross Profit": 45,
        "Operating Income": 32,
        "EBIT": 33,
        "Net Income": 23
    },
    "2021-12-31": {
        "Diluted EPS": 0.23,
        "Total Revenue": 52,
        "Gross Profit": 47,
        "Operating Income": 35,
        "EBIT": 36,
        "Net Income": 28
    },
    "2021-09-30": {
        "Diluted EPS": 0.23,
        "Total Revenue": 59,
        "Gross Profit": 53,
        "Operating Income": 41,
        "EBIT": 41,
        "Net Income": 29
    },
    "2021-06-30": {
        "Diluted EPS": 0.6,
        "Total Revenue": 61,
        "Gross Profit": 57,
        "Operating Income": 45,
        "EBIT": 45,
        "Net Income": 76
    },
    "2021-03-31": {
        "Diluted EPS": 0.1,
        "Total Revenue": 44,
        "Gross Profit": 41,
        "Operating Income": 29,
        "EBIT": 30,
        "Net Income": 13
    },
    "2020-12-31": {
        "Diluted EPS": 0.38,
        "Total Revenue": 40,
        "Gross Profit": 37,
        "Operating Income": 24,
        "EBIT": 25,
        "Net Income": 15
    },
    "2020-09-30": {
        "Diluted EPS": -0.62,
        "Total Revenue": 30,
        "Gross Profit": 27,
        "Operating Income": 20,
        "EBIT": 20,
        "Net Income": -71
    },
    "2020-06-30": {
        "Diluted EPS": -1.01,
        "Total Revenue": 22,
        "Gross Profit": 20,
        "Operating Income": 4,
        "EBIT": 4,
        "Net Income": -50
    },
    "2020-03-31": {
        "Diluted EPS": 0.16,
        "Total Revenue": 17,
        "Gross Profit": 15,
        "Operating Income": 9,
        "EBIT": 9,
        "Net Income": 15
    },
    "2019-12-31": {
        "Diluted EPS": -1.57,
        "Total Revenue": 46,
        "Gross Profit": 42,
        "Operating Income": 30,
        "EBIT": 30,
        "Net Income": -59
    },
    "2019-09-30": {
        "Diluted EPS": -1.25,
        "Total Revenue": 22,
        "Gross Profit": 20,
        "Operating Income": 15,
        "EBIT": 15,
        "Net Income": -47
    },
    "2019-06-30": {
        "Diluted EPS": -0.19,
        "Total Revenue": 25,
        "Gross Profit": 23,
        "Operating Income": 18,
        "EBIT": 18,
        "Net Income": -7
    },
    "2019-03-31": {
        "Diluted EPS": 0.04,
        "Total Revenue": NaN,
        "Gross Profit": NaN,
        "Operating Income": 0,
        "EBIT": 0,
        "Net Income": 1
    },
    "2018-12-31": {
        "Diluted EPS": -1.23,
        "Total Revenue": NaN,
        "Gross Profit": NaN,
        "Operating Income": -23,
        "EBIT": -23,
        "Net Income": -46
    },
    "2018-09-30": {
        "Diluted EPS": 0.03,
        "Total Revenue": NaN,
        "Gross Profit": NaN,
        "Operating Income": 0,
        "EBIT": 0,
        "Net Income": 1
    },
    "2018-06-30": {
        "Diluted EPS": 0.03,
        "Total Revenue": NaN,
        "Gross Profit": NaN,
        "Operating Income": 0,
        "EBIT": 0,
        "Net Income": 1
    },
    "2018-03-31": {
        "Diluted EPS": 0.0,
        "Total Revenue": NaN,
        "Gross Profit": NaN,
        "Operating Income": 0,
        "EBIT": 0,
        "Net Income": 0
    },
    "2017-12-31": {
        "Diluted EPS": 0.0,
        "Total Revenue": NaN,
        "Gross Profit": NaN,
        "Operating Income": NaN,
        "EBIT": NaN,
        "Net Income": NaN
    },
    "2017-06-30": {
        "Diluted EPS": 0.04,
        "Total Revenue": NaN,
        "Gross Profit": NaN,
        "Operating Income": 0,
        "EBIT": 0,
        "Net Income": 1
    },
    "2023-06-30": {
        "Tax Effect Of Unusual Items": 0.0,
        "Tax Rate For Calcs": 0.266907,
        "Normalized EBITDA": 18418000.0,
        "Total Unusual Items": NaN,
        "Total Unusual Items Excluding Goodwill": NaN,
        "Net Income From Continuing Operation Net Minority Interest": 11371000.0,
        "Reconciled Depreciation": 252000.0,
        "Reconciled Cost Of Revenue": 6117000.0,
        "EBITDA": 18418000.0,
        "EBIT": 18166000.0,
        "Net Interest Income": -203000.0,
        "Interest Expense": 2655000.0,
        "Interest Income": 2452000.0,
        "Normalized Income": 11371000.0,
        "Net Income From Continuing And Discontinued Operation": 11371000.0,
        "Total Expenses": 22434000.0,
        "Total Operating Income As Reported": 15720000.0,
        "Diluted Average Shares": 121540094.0,
        "Basic Average Shares": 120648658.0,
        "Diluted EPS": 0.09,
        "Basic EPS": 0.09,
        "Diluted NI Availto Com Stockholders": 11371000.0,
        "Net Income Common Stockholders": 11371000.0,
        "Net Income": 11371000.0,
        "Net Income Including Noncontrolling Interests": 11371000.0,
        "Net Income Continuous Operations": 11371000.0,
        "Tax Provision": 4140000.0,
        "Pretax Income": 15511000.0,
        "Other Income Expense": -6000.0,
        "Other Non Operating Income Expenses": -6000.0,
        "Special Income Charges": NaN,
        "Net Non Operating Interest Income Expense": -203000.0,
        "Interest Expense Non Operating": 2655000.0,
        "Interest Income Non Operating": 2452000.0,
        "Operating Income": 15720000.0,
        "Operating Expense": 16317000.0,
        "Research And Development": 1128000.0,
        "Selling General And Administration": 15189000.0,
        "Selling And Marketing Expense": 4218000.0,
        "General And Administrative Expense": 10971000.0,
        "Other Gand A": 10971000.0,
        "Gross Profit": 32037000.0,
        "Cost Of Revenue": 6117000.0,
        "Total Revenue": 38154000.0,
        "Operating Revenue": 38154000.0
    }
}