{
    "2023-03-31": {
        "Tax Effect Of Unusual Items": NaN,
        "Tax Rate For Calcs": NaN,
        "Normalized EBITDA": NaN,
        "Total Unusual Items": NaN,
        "Total Unusual Items Excluding Goodwill": NaN,
        "Net Income From Continuing Operation Net Minority Interest": NaN,
        "Reconciled Depreciation": NaN,
        "Reconciled Cost Of Revenue": NaN,
        "EBITDA": NaN,
        "EBIT": NaN,
        "Net Interest Income": NaN,
        "Interest Expense": NaN,
        "Normalized Income": NaN,
        "Net Income From Continuing And Discontinued Operation": NaN,
        "Total Expenses": NaN,
        "Total Operating Income As Reported": NaN,
        "Diluted Average Shares": NaN,
        "Basic Average Shares": NaN,
        "Diluted EPS": NaN,
        "Basic EPS": NaN,
        "Diluted NI Availto Com Stockholders": NaN,
        "Net Income Common Stockholders": NaN,
        "Net Income": NaN,
        "Minority Interests": NaN,
        "Net Income Including Noncontrolling Interests": NaN,
        "Net Income Discontinuous Operations": 0.0,
        "Net Income Continuous Operations": NaN,
        "Earnings From Equity Interest Net Of Tax": NaN,
        "Tax Provision": NaN,
        "Pretax Income": NaN,
        "Other Income Expense": NaN,
        "Other Non Operating Income Expenses": 1000000.0,
        "Special Income Charges": NaN,
        "Gain On Sale Of Ppe": NaN,
        "Other Special Charges": NaN,
        "Impairment Of Capital Assets": NaN,
        "Restructuring And Mergern Acquisition": NaN,
        "Gain On Sale Of Security": NaN,
        "Net Non Operating Interest Income Expense": NaN,
        "Interest Expense Non Operating": NaN,
        "Operating Income": NaN,
        "Operating Expense": NaN,
        "Other Operating Expenses": NaN,
        "Selling General And Administration": NaN,
        "Selling And Marketing Expense": NaN,
        "General And Administrative Expense": NaN,
        "Other Gand A": NaN,
        "Salaries And Wages": NaN,
        "Gross Profit": NaN,
        "Cost Of Revenue": NaN,
        "Total Revenue": NaN,
        "Operating Revenue": NaN
    },
    "2022-12-31": {
        "Tax Effect Of Unusual Items": NaN,
        "Tax Rate For Calcs": NaN,
        "Normalized EBITDA": NaN,
        "Total Unusual Items": NaN,
        "Total Unusual Items Excluding Goodwill": NaN,
        "Net Income From Continuing Operation Net Minority Interest": NaN,
        "Reconciled Depreciation": NaN,
        "Reconciled Cost Of Revenue": NaN,
        "EBITDA": NaN,
        "EBIT": NaN,
        "Net Interest Income": NaN,
        "Interest Expense": NaN,
        "Normalized Income": NaN,
        "Net Income From Continuing And Discontinued Operation": NaN,
        "Total Expenses": NaN,
        "Total Operating Income As Reported": NaN,
        "Diluted Average Shares": NaN,
        "Basic Average Shares": NaN,
        "Diluted EPS": NaN,
        "Basic EPS": NaN,
        "Diluted NI Availto Com Stockholders": NaN,
        "Net Income Common Stockholders": NaN,
        "Net Income": NaN,
        "Minority Interests": NaN,
        "Net Income Including Noncontrolling Interests": NaN,
        "Net Income Discontinuous Operations": 2000000.0,
        "Net Income Continuous Operations": NaN,
        "Earnings From Equity Interest Net Of Tax": NaN,
        "Tax Provision": NaN,
        "Pretax Income": NaN,
        "Other Income Expense": NaN,
        "Other Non Operating Income Expenses": -79000000.0,
        "Special Income Charges": NaN,
        "Gain On Sale Of Ppe": NaN,
        "Other Special Charges": 0.0,
        "Impairment Of Capital Assets": NaN,
        "Restructuring And Mergern Acquisition": NaN,
        "Gain On Sale Of Security": NaN,
        "Net Non Operating Interest Income Expense": NaN,
        "Interest Expense Non Operating": NaN,
        "Operating Income": NaN,
        "Operating Expense": NaN,
        "Other Operating Expenses": NaN,
        "Selling General And Administration": NaN,
        "Selling And Marketing Expense": NaN,
        "General And Administrative Expense": NaN,
        "Other Gand A": NaN,
        "Salaries And Wages": NaN,
        "Gross Profit": NaN,
        "Cost Of Revenue": NaN,
        "Total Revenue": NaN,
        "Operating Revenue": NaN
    },
    "2022-09-30": {
        "Tax Effect Of Unusual Items": NaN,
        "Tax Rate For Calcs": NaN,
        "Normalized EBITDA": NaN,
        "Total Unusual Items": NaN,
        "Total Unusual Items Excluding Goodwill": NaN,
        "Net Income From Continuing Operation Net Minority Interest": NaN,
        "Reconciled Depreciation": NaN,
        "Reconciled Cost Of Revenue": NaN,
        "EBITDA": NaN,
        "EBIT": NaN,
        "Net Interest Income": NaN,
        "Interest Expense": NaN,
        "Normalized Income": NaN,
        "Net Income From Continuing And Discontinued Operation": NaN,
        "Total Expenses": NaN,
        "Total Operating Income As Reported": NaN,
        "Diluted Average Shares": NaN,
        "Basic Average Shares": NaN,
        "Diluted EPS": NaN,
        "Basic EPS": NaN,
        "Diluted NI Availto Com Stockholders": NaN,
        "Net Income Common Stockholders": NaN,
        "Net Income": NaN,
        "Minority Interests": NaN,
        "Net Income Including Noncontrolling Interests": NaN,
        "Net Income Discontinuous Operations": NaN,
        "Net Income Continuous Operations": NaN,
        "Earnings From Equity Interest Net Of Tax": NaN,
        "Tax Provision": NaN,
        "Pretax Income": NaN,
        "Other Income Expense": NaN,
        "Other Non Operating Income Expenses": -3000000.0,
        "Special Income Charges": NaN,
        "Gain On Sale Of Ppe": 0.0,
        "Other Special Charges": -2000000.0,
        "Impairment Of Capital Assets": 0.0,
        "Restructuring And Mergern Acquisition": NaN,
        "Gain On Sale Of Security": NaN,
        "Net Non Operating Interest Income Expense": NaN,
        "Interest Expense Non Operating": NaN,
        "Operating Income": NaN,
        "Operating Expense": NaN,
        "Other Operating Expenses": NaN,
        "Selling General And Administration": NaN,
        "Selling And Marketing Expense": NaN,
        "General And Administrative Expense": NaN,
        "Other Gand A": NaN,
        "Salaries And Wages": NaN,
        "Gross Profit": NaN,
        "Cost Of Revenue": NaN,
        "Total Revenue": NaN,
        "Operating Revenue": NaN
    },
    "2022-06-30": {
        "Tax Effect Of Unusual Items": 4500000.0,
        "Tax Rate For Calcs": 0.25,
        "Normalized EBITDA": 481000000.0,
        "Total Unusual Items": 18000000.0,
        "Total Unusual Items Excluding Goodwill": 18000000.0,
        "Net Income From Continuing Operation Net Minority Interest": 347000000.0,
        "Reconciled Depreciation": 33000000.0,
        "Reconciled Cost Of Revenue": 611000000.0,
        "EBITDA": 499000000.0,
        "EBIT": 466000000.0,
        "Net Interest Income": -3000000.0,
        "Interest Expense": 3000000.0,
        "Normalized Income": 333500000.0,
        "Net Income From Continuing And Discontinued Operation": 384000000.0,
        "Total Expenses": 680000000.0,
        "Total Operating Income As Reported": 462000000.0,
        "Diluted Average Shares": 81000000.0,
        "Basic Average Shares": 81000000.0,
        "Diluted EPS": 4.73,
        "Basic EPS": 4.76,
        "Diluted NI Availto Com Stockholders": 384000000.0,
        "Net Income Common Stockholders": 384000000.0,
        "Net Income": 384000000.0,
        "Minority Interests": 0.0,
        "Net Income Including Noncontrolling Interests": 385000000.0,
        "Net Income Discontinuous Operations": 37000000.0,
        "Net Income Continuous Operations": 348000000.0,
        "Earnings From Equity Interest Net Of Tax": 1000000.0,
        "Tax Provision": 116000000.0,
        "Pretax Income": 463000000.0,
        "Other Income Expense": 17000000.0,
        "Other Non Operating Income Expenses": -1000000.0,
        "Special Income Charges": 13000000.0,
        "Other Special Charges": -13000000.0,
        "Impairment Of Capital Assets": NaN,
        "Restructuring And Mergern Acquisition": 0.0,
        "Gain On Sale Of Security": 5000000.0,
        "Net Non Operating Interest Income Expense": -3000000.0,
        "Interest Expense Non Operating": 3000000.0,
        "Operating Income": 449000000.0,
        "Operating Expense": 69000000.0,
        "Other Operating Expenses": 2000000.0,
        "Selling General And Administration": 67000000.0,
        "Selling And Marketing Expense": NaN,
        "General And Administrative Expense": 68000000.0,
        "Other Gand A": 67000000.0,
        "Salaries And Wages": 1000000.0,
        "Gross Profit": 518000000.0,
        "Cost Of Revenue": 611000000.0,
        "Total Revenue": 1130000000.0,
        "Operating Revenue": 1130000000.0
    },
    "2023-06-30": {
        "Tax Effect Of Unusual Items": NaN,
        "Tax Rate For Calcs": NaN,
        "Normalized EBITDA": NaN,
        "Total Unusual Items": NaN,
        "Total Unusual Items Excluding Goodwill": NaN,
        "Net Income From Continuing Operation Net Minority Interest": NaN,
        "Reconciled Depreciation": NaN,
        "Reconciled Cost Of Revenue": NaN,
        "EBITDA": NaN,
        "EBIT": NaN,
        "Net Interest Income": NaN,
        "Interest Expense": NaN,
        "Normalized Income": NaN,
        "Net Income From Continuing And Discontinued Operation": NaN,
        "Total Expenses": NaN,
        "Total Operating Income As Reported": NaN,
        "Diluted Average Shares": NaN,
        "Basic Average Shares": NaN,
        "Diluted EPS": NaN,
        "Basic EPS": NaN,
        "Diluted NI Availto Com Stockholders": NaN,
        "Net Income Common Stockholders": NaN,
        "Net Income": NaN,
        "Minority Interests": NaN,
        "Net Income Including Noncontrolling Interests": NaN,
        "Net Income Discontinuous Operations": 0.0,
        "Net Income Continuous Operations": NaN,
        "Earnings From Equity Interest Net Of Tax": NaN,
        "Tax Provision": NaN,
        "Pretax Income": NaN,
        "Other Income Expense": NaN,
        "Other Non Operating Income Expenses": NaN,
        "Special Income Charges": NaN,
        "Gain On Sale Of Ppe": NaN,
        "Other Special Charges": 16000000.0,
        "Impairment Of Capital Assets": 24000000.0,
        "Restructuring And Mergern Acquisition": NaN,
        "Gain On Sale Of Security": NaN,
        "Net Non Operating Interest Income Expense": NaN,
        "Interest Expense Non Operating": NaN,
        "Operating Income": NaN,
        "Operating Expense": NaN,
        "Other Operating Expenses": 3000000.0,
        "Selling General And Administration": NaN,
        "Selling And Marketing Expense": 66000000.0,
        "General And Administrative Expense": 66000000.0,
        "Other Gand A": 66000000.0,
        "Salaries And Wages": 0.0,
        "Gross Profit": NaN,
        "Cost Of Revenue": NaN,
        "Total Revenue": NaN,
        "Operating Revenue": NaN
    },
    "2022-03-31": {
        "Diluted EPS": 5.6,
        "Total Revenue": NaN,
        "Gross Profit": 620,
        "Operating Income": 557,
        "EBIT": 589,
        "Net Income": 484
    },
    "2021-12-31": {
        "Diluted EPS": 2.32,
        "Total Revenue": 712,
        "Gross Profit": 294,
        "Operating Income": 220,
        "EBIT": 251,
        "Net Income": 194
    },
    "2021-09-30": {
        "Diluted EPS": 3.87,
        "Total Revenue": NaN,
        "Gross Profit": 505,
        "Operating Income": 449,
        "EBIT": 479,
        "Net Income": 365
    },
    "2021-06-30": {
        "Diluted EPS": 4.9,
        "Total Revenue": NaN,
        "Gross Profit": 685,
        "Operating Income": 635,
        "EBIT": 664,
        "Net Income": 498
    },
    "2021-03-31": {
        "Diluted EPS": 3.0,
        "Total Revenue": NaN,
        "Gross Profit": 479,
        "Operating Income": 431,
        "EBIT": 460,
        "Net Income": 320
    },
    "2020-12-31": {
        "Diluted EPS": 2.31,
        "Total Revenue": 471,
        "Gross Profit": 316,
        "Operating Income": 276,
        "EBIT": 303,
        "Net Income": 256
    },
    "2020-09-30": {
        "Diluted EPS": 1.57,
        "Total Revenue": 795,
        "Gross Profit": 292,
        "Operating Income": 242,
        "EBIT": 270,
        "Net Income": 177
    },
    "2020-06-30": {
        "Diluted EPS": 0.29,
        "Total Revenue": 548,
        "Gross Profit": 117,
        "Operating Income": 53,
        "EBIT": 81,
        "Net Income": 33
    },
    "2020-03-31": {
        "Diluted EPS": 0.29,
        "Total Revenue": 585,
        "Gross Profit": 108,
        "Operating Income": 44,
        "EBIT": 72,
        "Net Income": 33
    },
    "2019-12-31": {
        "Diluted EPS": -0.4,
        "Total Revenue": 537,
        "Gross Profit": 70,
        "Operating Income": -73,
        "EBIT": -40,
        "Net Income": -51
    },
    "2019-09-30": {
        "Diluted EPS": 0.02,
        "Total Revenue": 603,
        "Gross Profit": 74,
        "Operating Income": 8,
        "EBIT": 38,
        "Net Income": 2
    },
    "2019-06-30": {
        "Diluted EPS": 0.14,
        "Total Revenue": 588,
        "Gross Profit": 78,
        "Operating Income": 23,
        "EBIT": 52,
        "Net Income": 17
    },
    "2019-03-31": {
        "Diluted EPS": 0.2,
        "Total Revenue": 582,
        "Gross Profit": 81,
        "Operating Income": 22,
        "EBIT": 53,
        "Net Income": 27
    },
    "2018-12-31": {
        "Diluted EPS": 0.14,
        "Total Revenue": 589,
        "Gross Profit": 94,
        "Operating Income": 16,
        "EBIT": 44,
        "Net Income": 17
    },
    "2018-09-30": {
        "Diluted EPS": 0.86,
        "Total Revenue": 737,
        "Gross Profit": 213,
        "Operating Income": 168,
        "EBIT": 199,
        "Net Income": 124
    },
    "2018-06-30": {
        "Diluted EPS": 1.11,
        "Total Revenue": 811,
        "Gross Profit": 261,
        "Operating Income": 216,
        "EBIT": 246,
        "Net Income": 163
    },
    "2018-03-31": {
        "Diluted EPS": 0.62,
        "Total Revenue": 691,
        "Gross Profit": 176,
        "Operating Income": 126,
        "EBIT": 157,
        "Net Income": 91
    },
    "2017-12-31": {
        "Diluted EPS": 0.88,
        "Total Revenue": 711,
        "Gross Profit": 215,
        "Operating Income": 160,
        "EBIT": 192,
        "Net Income": 131
    },
    "2017-09-30": {
        "Diluted EPS": 0.75,
        "Total Revenue": 718,
        "Gross Profit": 211,
        "Operating Income": 162,
        "EBIT": 193,
        "Net Income": 110
    },
    "2017-06-30": {
        "Diluted EPS": 0.65,
        "Total Revenue": 694,
        "Gross Profit": 182,
        "Operating Income": 136,
        "EBIT": 166,
        "Net Income": 95
    },
    "2017-03-31": {
        "Diluted EPS": 0.38,
        "Total Revenue": 611,
        "Gross Profit": 128,
        "Operating Income": 75,
        "EBIT": 106,
        "Net Income": 55
    },
    "2016-12-31": {
        "Diluted EPS": 0.29,
        "Total Revenue": 550,
        "Gross Profit": 22,
        "Operating Income": 62,
        "EBIT": 89,
        "Net Income": 42
    },
    "2016-09-30": {
        "Diluted EPS": 0.45,
        "Total Revenue": 596,
        "Gross Profit": 154,
        "Operating Income": 77,
        "EBIT": 107,
        "Net Income": 66
    },
    "2016-06-30": {
        "Diluted EPS": 0.22,
        "Total Revenue": 582,
        "Gross Profit": 139,
        "Operating Income": 52,
        "EBIT": 81,
        "Net Income": 32
    },
    "2016-03-31": {
        "Diluted EPS": 0.07,
        "Total Revenue": 505,
        "Gross Profit": 89,
        "Operating Income": 19,
        "EBIT": 47,
        "Net Income": 10
    },
    "2015-12-31": {
        "Diluted EPS": -0.05,
        "Total Revenue": 463,
        "Gross Profit": 68,
        "Operating Income": 1,
        "EBIT": 25,
        "Net Income": -8
    },
    "2015-09-30": {
        "Diluted EPS": -0.19,
        "Total Revenue": 465,
        "Gross Profit": 49,
        "Operating Income": -17,
        "EBIT": 9,
        "Net Income": -27
    },
    "2015-06-30": {
        "Diluted EPS": -0.14,
        "Total Revenue": 493,
        "Gross Profit": 50,
        "Operating Income": -14,
        "EBIT": 11,
        "Net Income": -20
    },
    "2015-03-31": {
        "Diluted EPS": -0.24,
        "Total Revenue": 472,
        "Gross Profit": 44,
        "Operating Income": -33,
        "EBIT": -7,
        "Net Income": -35
    },
    "2014-12-31": {
        "Diluted EPS": -0.3,
        "Total Revenue": 454,
        "Gross Profit": 23,
        "Operating Income": -49,
        "EBIT": -26,
        "Net Income": -43
    },
    "2014-09-30": {
        "Diluted EPS": -0.14,
        "Total Revenue": 518,
        "Gross Profit": 41,
        "Operating Income": -15,
        "EBIT": 12,
        "Net Income": -20
    },
    "2014-06-30": {
        "Diluted EPS": 0.01,
        "Total Revenue": 519,
        "Gross Profit": 57,
        "Operating Income": -4,
        "EBIT": 21,
        "Net Income": 2
    },
    "2014-03-31": {
        "Diluted EPS": -0.1,
        "Total Revenue": 445,
        "Gross Profit": 56,
        "Operating Income": -10,
        "EBIT": 15,
        "Net Income": -14
    },
    "2013-12-31": {
        "Diluted EPS": -0.13,
        "Total Revenue": 480,
        "Gross Profit": 64,
        "Operating Income": -22,
        "EBIT": 4,
        "Net Income": -20
    },
    "2013-09-30": {
        "Diluted EPS": 0.26,
        "Total Revenue": 507,
        "Gross Profit": 91,
        "Operating Income": 48,
        "EBIT": 73,
        "Net Income": 38
    },
    "2013-06-30": {
        "Diluted EPS": 0.65,
        "Total Revenue": 567,
        "Gross Profit": 149,
        "Operating Income": 89,
        "EBIT": 109,
        "Net Income": 94
    },
    "2013-03-31": {
        "Diluted EPS": 0.45,
        "Total Revenue": 531,
        "Gross Profit": 144,
        "Operating Income": 89,
        "EBIT": 107,
        "Net Income": 65
    },
    "2012-12-31": {
        "Diluted EPS": 0.33,
        "Total Revenue": 440,
        "Gross Profit": 94,
        "Operating Income": 44,
        "EBIT": 62,
        "Net Income": 46
    },
    "2012-09-30": {
        "Diluted EPS": 0.22,
        "Total Revenue": 462,
        "Gross Profit": 98,
        "Operating Income": 43,
        "EBIT": 61,
        "Net Income": 31
    },
    "2012-06-30": {
        "Diluted EPS": -0.27,
        "Total Revenue": 428,
        "Gross Profit": 68,
        "Operating Income": 19,
        "EBIT": 37,
        "Net Income": -37
    },
    "2012-03-31": {
        "Diluted EPS": -0.08,
        "Total Revenue": 362,
        "Gross Profit": 48,
        "Operating Income": -2,
        "EBIT": 17,
        "Net Income": -11
    },
    "2011-12-31": {
        "Diluted EPS": -0.42,
        "Total Revenue": 284,
        "Gross Profit": 15,
        "Operating Income": -31,
        "EBIT": -14,
        "Net Income": -57
    },
    "2011-09-30": {
        "Diluted EPS": -0.49,
        "Total Revenue": 351,
        "Gross Profit": 29,
        "Operating Income": -73,
        "EBIT": -53,
        "Net Income": -66
    },
    "2011-06-30": {
        "Diluted EPS": -0.27,
        "Total Revenue": 362,
        "Gross Profit": 26,
        "Operating Income": -24,
        "EBIT": -3,
        "Net Income": -36
    },
    "2011-03-31": {
        "Diluted EPS": -0.18,
        "Total Revenue": 332,
        "Gross Profit": 37,
        "Operating Income": -18,
        "EBIT": 3,
        "Net Income": -23
    },
    "2010-12-31": {
        "Diluted EPS": -0.04,
        "Total Revenue": 316,
        "Gross Profit": 32,
        "Operating Income": -18,
        "EBIT": 3,
        "Net Income": -7
    },
    "2010-09-30": {
        "Diluted EPS": -0.24,
        "Total Revenue": 323,
        "Gross Profit": 34,
        "Operating Income": -16,
        "EBIT": 3,
        "Net Income": -32
    },
    "2010-06-30": {
        "Diluted EPS": 0.16,
        "Total Revenue": 448,
        "Gross Profit": 101,
        "Operating Income": 49,
        "EBIT": 71,
        "Net Income": 22
    },
    "2010-03-31": {
        "Diluted EPS": -0.18,
        "Total Revenue": 297,
        "Gross Profit": 29,
        "Operating Income": -23,
        "EBIT": -2,
        "Net Income": -23
    },
    "2009-12-31": {
        "Diluted EPS": -0.41,
        "Total Revenue": 278,
        "Gross Profit": 11,
        "Operating Income": -51,
        "EBIT": -31,
        "Net Income": -49
    },
    "2009-09-30": {
        "Diluted EPS": -0.12,
        "Total Revenue": 311,
        "Gross Profit": 37,
        "Operating Income": -8,
        "EBIT": 14,
        "Net Income": -12
    },
    "2009-06-30": {
        "Diluted EPS": -0.28,
        "Total Revenue": 267,
        "Gross Profit": 13,
        "Operating Income": -32,
        "EBIT": -13,
        "Net Income": -29
    },
    "2009-03-31": {
        "Diluted EPS": -0.3,
        "Total Revenue": 206,
        "Gross Profit": 0,
        "Operating Income": -43,
        "EBIT": -23,
        "Net Income": -31
    },
    "2023-09-30": {
        "Tax Effect Of Unusual Items": 1890000.0,
        "Tax Rate For Calcs": 0.27,
        "Normalized EBITDA": 187000000.0,
        "Total Unusual Items": 7000000.0,
        "Total Unusual Items Excluding Goodwill": 7000000.0,
        "Net Income From Continuing Operation Net Minority Interest": 118000000.0,
        "Reconciled Depreciation": 30000000.0,
        "Reconciled Cost Of Revenue": 514000000.0,
        "EBITDA": 194000000.0,
        "EBIT": 164000000.0,
        "Net Interest Income": -4000000.0,
        "Interest Expense": 4000000.0,
        "Normalized Income": 112890000.0,
        "Net Income From Continuing And Discontinued Operation": 118000000.0,
        "Total Expenses": 571000000.0,
        "Total Operating Income As Reported": 161000000.0,
        "Diluted Average Shares": 72000000.0,
        "Basic Average Shares": 72000000.0,
        "Diluted EPS": 1.63,
        "Basic EPS": 1.63,
        "Diluted NI Availto Com Stockholders": 118000000.0,
        "Net Income Common Stockholders": 118000000.0,
        "Net Income": 118000000.0,
        "Minority Interests": 0.0,
        "Net Income Including Noncontrolling Interests": 118000000.0,
        "Net Income Discontinuous Operations": 0.0,
        "Net Income Continuous Operations": 118000000.0,
        "Earnings From Equity Interest Net Of Tax": 1000000.0,
        "Tax Provision": 44000000.0,
        "Pretax Income": 160000000.0,
        "Other Income Expense": 7000000.0,
        "Other Non Operating Income Expenses": NaN,
        "Special Income Charges": 3000000.0,
        "Gain On Sale Of Ppe": 6000000.0,
        "Other Special Charges": NaN,
        "Impairment Of Capital Assets": 1000000.0,
        "Restructuring And Mergern Acquisition": 2000000.0,
        "Gain On Sale Of Security": 4000000.0,
        "Net Non Operating Interest Income Expense": -4000000.0,
        "Interest Expense Non Operating": 4000000.0,
        "Operating Income": 157000000.0,
        "Operating Expense": 57000000.0,
        "Other Operating Expenses": -1000000.0,
        "Selling General And Administration": 58000000.0,
        "Selling And Marketing Expense": NaN,
        "General And Administrative Expense": 58000000.0,
        "Other Gand A": 58000000.0,
        "Salaries And Wages": 0.0,
        "Gross Profit": 214000000.0,
        "Cost Of Revenue": 514000000.0,
        "Total Revenue": 728000000.0,
        "Operating Revenue": 728000000.0
    },
    "2023-12-31": {
        "Tax Effect Of Unusual Items": -5046153.846154,
        "Tax Rate For Calcs": 0.123077,
        "Normalized EBITDA": 142000000.0,
        "Total Unusual Items": -41000000.0,
        "Total Unusual Items Excluding Goodwill": -41000000.0,
        "Net Income From Continuing Operation Net Minority Interest": 59000000.0,
        "Reconciled Depreciation": 32000000.0,
        "Reconciled Cost Of Revenue": 499000000.0,
        "EBITDA": 101000000.0,
        "EBIT": 69000000.0,
        "Net Interest Income": 13000000.0,
        "Interest Expense": 4000000.0,
        "Normalized Income": 94953846.153846,
        "Net Income From Continuing And Discontinued Operation": 59000000.0,
        "Total Expenses": 565000000.0,
        "Total Operating Income As Reported": 89000000.0,
        "Diluted Average Shares": 72000000.0,
        "Basic Average Shares": 72000000.0,
        "Diluted EPS": 0.81,
        "Basic EPS": 0.81,
        "Diluted NI Availto Com Stockholders": 59000000.0,
        "Net Income Common Stockholders": 59000000.0,
        "Net Income": 59000000.0,
        "Minority Interests": 0.0,
        "Net Income Including Noncontrolling Interests": 59000000.0,
        "Net Income Discontinuous Operations": 0.0,
        "Net Income Continuous Operations": 59000000.0,
        "Earnings From Equity Interest Net Of Tax": 0.0,
        "Tax Provision": 8000000.0,
        "Pretax Income": 65000000.0,
        "Other Income Expense": -40000000.0,
        "Other Non Operating Income Expenses": 1000000.0,
        "Special Income Charges": -3000000.0,
        "Gain On Sale Of Ppe": 0.0,
        "Other Special Charges": 0.0,
        "Impairment Of Capital Assets": 5000000.0,
        "Restructuring And Mergern Acquisition": -2000000.0,
        "Gain On Sale Of Security": -38000000.0,
        "Net Non Operating Interest Income Expense": 13000000.0,
        "Interest Expense Non Operating": 4000000.0,
        "Operating Income": 93000000.0,
        "Operating Expense": 66000000.0,
        "Other Operating Expenses": 0.0,
        "Selling General And Administration": 66000000.0,
        "Selling And Marketing Expense": NaN,
        "General And Administrative Expense": 66000000.0,
        "Other Gand A": 66000000.0,
        "Salaries And Wages": 0.0,
        "Gross Profit": 159000000.0,
        "Cost Of Revenue": 499000000.0,
        "Total Revenue": 658000000.0,
        "Operating Revenue": 658000000.0
    },
    "2024-03-31": {
        "Tax Effect Of Unusual Items": 1400000.0,
        "Tax Rate For Calcs": 0.28,
        "Normalized EBITDA": 178000000.0,
        "Total Unusual Items": 5000000.0,
        "Total Unusual Items Excluding Goodwill": 5000000.0,
        "Net Income From Continuing Operation Net Minority Interest": 108000000.0,
        "Reconciled Depreciation": 31000000.0,
        "Reconciled Cost Of Revenue": 511000000.0,
        "EBITDA": 183000000.0,
        "EBIT": 152000000.0,
        "Net Interest Income": -4000000.0,
        "Interest Expense": 4000000.0,
        "Normalized Income": 104400000.0,
        "Net Income From Continuing And Discontinued Operation": 108000000.0,
        "Total Expenses": 577000000.0,
        "Total Operating Income As Reported": 145000000.0,
        "Diluted Average Shares": 72000000.0,
        "Basic Average Shares": 72000000.0,
        "Diluted EPS": 1.48,
        "Basic EPS": 1.49,
        "Diluted NI Availto Com Stockholders": 108000000.0,
        "Net Income Common Stockholders": 108000000.0,
        "Net Income": 108000000.0,
        "Minority Interests": 0.0,
        "Net Income Including Noncontrolling Interests": 108000000.0,
        "Net Income Discontinuous Operations": NaN,
        "Net Income Continuous Operations": 108000000.0,
        "Earnings From Equity Interest Net Of Tax": 1000000.0,
        "Tax Provision": 41000000.0,
        "Pretax Income": 148000000.0,
        "Other Income Expense": 5000000.0,
        "Other Non Operating Income Expenses": NaN,
        "Special Income Charges": -2000000.0,
        "Gain On Sale Of Ppe": NaN,
        "Other Special Charges": NaN,
        "Impairment Of Capital Assets": NaN,
        "Restructuring And Mergern Acquisition": 2000000.0,
        "Gain On Sale Of Security": 7000000.0,
        "Net Non Operating Interest Income Expense": -4000000.0,
        "Interest Expense Non Operating": 4000000.0,
        "Operating Income": 148000000.0,
        "Operating Expense": 66000000.0,
        "Other Operating Expenses": -3000000.0,
        "Selling General And Administration": 69000000.0,
        "Selling And Marketing Expense": NaN,
        "General And Administrative Expense": 69000000.0,
        "Other Gand A": 69000000.0,
        "Salaries And Wages": 0.0,
        "Gross Profit": 214000000.0,
        "Cost Of Revenue": 511000000.0,
        "Total Revenue": 724000000.0,
        "Operating Revenue": 724000000.0
    },
    "2024-06-30": {
        "Tax Effect Of Unusual Items": 2636815.920398,
        "Tax Rate For Calcs": 0.263682,
        "Normalized EBITDA": 226000000.0,
        "Total Unusual Items": 10000000.0,
        "Total Unusual Items Excluding Goodwill": 10000000.0,
        "Net Income From Continuing Operation Net Minority Interest": 160000000.0,
        "Reconciled Depreciation": 31000000.0,
        "Reconciled Cost Of Revenue": 551000000.0,
        "EBITDA": 236000000.0,
        "EBIT": 205000000.0,
        "Net Interest Income": -4000000.0,
        "Interest Expense": 4000000.0,
        "Normalized Income": 152636815.920398,
        "Net Income From Continuing And Discontinued Operation": 160000000.0,
        "Total Expenses": 619000000.0,
        "Total Operating Income As Reported": 194000000.0,
        "Diluted Average Shares": 72000000.0,
        "Basic Average Shares": 72000000.0,
        "Diluted EPS": 2.23,
        "Basic EPS": 2.23,
        "Diluted NI Availto Com Stockholders": 160000000.0,
        "Net Income Common Stockholders": 160000000.0,
        "Net Income": 160000000.0,
        "Minority Interests": 0.0,
        "Net Income Including Noncontrolling Interests": 160000000.0,
        "Net Income Discontinuous Operations": NaN,
        "Net Income Continuous Operations": 160000000.0,
        "Earnings From Equity Interest Net Of Tax": 12000000.0,
        "Tax Provision": 53000000.0,
        "Pretax Income": 201000000.0,
        "Other Income Expense": 10000000.0,
        "Other Non Operating Income Expenses": NaN,
        "Special Income Charges": -1000000.0,
        "Gain On Sale Of Ppe": NaN,
        "Other Special Charges": NaN,
        "Impairment Of Capital Assets": 0.0,
        "Restructuring And Mergern Acquisition": 1000000.0,
        "Gain On Sale Of Security": 11000000.0,
        "Net Non Operating Interest Income Expense": -4000000.0,
        "Interest Expense Non Operating": 4000000.0,
        "Operating Income": 195000000.0,
        "Operating Expense": 68000000.0,
        "Other Operating Expenses": -3000000.0,
        "Selling General And Administration": 71000000.0,
        "Selling And Marketing Expense": NaN,
        "General And Administrative Expense": 71000000.0,
        "Other Gand A": 71000000.0,
        "Salaries And Wages": 0.0,
        "Gross Profit": 263000000.0,
        "Cost Of Revenue": 551000000.0,
        "Total Revenue": 814000000.0,
        "Operating Revenue": 814000000.0
    },
    "2024-09-30": {
        "Tax Effect Of Unusual Items": 200000.0,
        "Tax Rate For Calcs": 0.2,
        "Normalized EBITDA": 147000000.0,
        "Total Unusual Items": 1000000.0,
        "Total Unusual Items Excluding Goodwill": 1000000.0,
        "Net Income From Continuing Operation Net Minority Interest": 90000000.0,
        "Reconciled Depreciation": 31000000.0,
        "Reconciled Cost Of Revenue": 530000000.0,
        "EBITDA": 148000000.0,
        "EBIT": 117000000.0,
        "Net Interest Income": -4000000.0,
        "Interest Expense": 4000000.0,
        "Normalized Income": 89200000.0,
        "Net Income From Continuing And Discontinued Operation": 90000000.0,
        "Total Expenses": 605000000.0,
        "Total Operating Income As Reported": 116000000.0,
        "Diluted Average Shares": 71000000.0,
        "Basic Average Shares": 70000000.0,
        "Diluted EPS": 1.28,
        "Basic EPS": 1.28,
        "Diluted NI Availto Com Stockholders": 90000000.0,
        "Net Income Common Stockholders": 90000000.0,
        "Net Income": 90000000.0,
        "Minority Interests": 0.0,
        "Net Income Including Noncontrolling Interests": 90000000.0,
        "Net Income Discontinuous Operations": NaN,
        "Net Income Continuous Operations": 90000000.0,
        "Earnings From Equity Interest Net Of Tax": 0.0,
        "Tax Provision": 23000000.0,
        "Pretax Income": 113000000.0,
        "Other Income Expense": 1000000.0,
        "Other Non Operating Income Expenses": NaN,
        "Special Income Charges": -1000000.0,
        "Gain On Sale Of Ppe": 0.0,
        "Other Special Charges": NaN,
        "Impairment Of Capital Assets": 0.0,
        "Restructuring And Mergern Acquisition": 1000000.0,
        "Gain On Sale Of Security": 2000000.0,
        "Net Non Operating Interest Income Expense": -4000000.0,
        "Interest Expense Non Operating": 4000000.0,
        "Operating Income": 118000000.0,
        "Operating Expense": 75000000.0,
        "Other Operating Expenses": NaN,
        "Selling General And Administration": 75000000.0,
        "Selling And Marketing Expense": NaN,
        "General And Administrative Expense": NaN,
        "Other Gand A": NaN,
        "Salaries And Wages": NaN,
        "Gross Profit": 193000000.0,
        "Cost Of Revenue": 530000000.0,
        "Total Revenue": 722000000.0,
        "Operating Revenue": 722000000.0
    }
}