{
    "2023-03-31": {
        "Tax Effect Of Unusual Items": NaN,
        "Tax Rate For Calcs": NaN,
        "Normalized EBITDA": NaN,
        "Total Unusual Items": 0.0,
        "Total Unusual Items Excluding Goodwill": 0.0,
        "Net Income From Continuing Operation Net Minority Interest": NaN,
        "Reconciled Depreciation": NaN,
        "Reconciled Cost Of Revenue": NaN,
        "EBITDA": NaN,
        "EBIT": NaN,
        "Net Interest Income": NaN,
        "Interest Income": NaN,
        "Normalized Income": NaN,
        "Net Income From Continuing And Discontinued Operation": NaN,
        "Total Expenses": NaN,
        "Total Operating Income As Reported": NaN,
        "Diluted Average Shares": 32124188.0,
        "Basic Average Shares": 31305214.0,
        "Diluted EPS": 0.13,
        "Basic EPS": 0.14,
        "Diluted NI Availto Com Stockholders": NaN,
        "Net Income Common Stockholders": NaN,
        "Net Income": NaN,
        "Net Income Including Noncontrolling Interests": NaN,
        "Net Income Continuous Operations": NaN,
        "Tax Provision": NaN,
        "Pretax Income": NaN,
        "Special Income Charges": 0.0,
        "Restructuring And Mergern Acquisition": 0.0,
        "Net Non Operating Interest Income Expense": NaN,
        "Total Other Finance Cost": NaN,
        "Interest Income Non Operating": NaN,
        "Operating Income": NaN,
        "Operating Expense": NaN,
        "Other Operating Expenses": NaN,
        "Depreciation Amortization Depletion Income Statement": NaN,
        "Depreciation And Amortization In Income Statement": NaN,
        "Depreciation Income Statement": 2803000.0,
        "Selling General And Administration": NaN,
        "Selling And Marketing Expense": NaN,
        "General And Administrative Expense": NaN,
        "Other Gand A": NaN,
        "Gross Profit": NaN,
        "Cost Of Revenue": NaN,
        "Total Revenue": NaN,
        "Operating Revenue": NaN
    },
    "2022-12-31": {
        "Tax Effect Of Unusual Items": NaN,
        "Tax Rate For Calcs": NaN,
        "Normalized EBITDA": NaN,
        "Total Unusual Items": NaN,
        "Total Unusual Items Excluding Goodwill": NaN,
        "Net Income From Continuing Operation Net Minority Interest": NaN,
        "Reconciled Depreciation": NaN,
        "Reconciled Cost Of Revenue": NaN,
        "EBITDA": NaN,
        "EBIT": NaN,
        "Net Interest Income": NaN,
        "Interest Income": 389000.0,
        "Normalized Income": NaN,
        "Net Income From Continuing And Discontinued Operation": NaN,
        "Total Expenses": NaN,
        "Total Operating Income As Reported": NaN,
        "Diluted Average Shares": 32937600.0,
        "Basic Average Shares": 31815160.0,
        "Diluted EPS": 0.12,
        "Basic EPS": 0.12,
        "Diluted NI Availto Com Stockholders": NaN,
        "Net Income Common Stockholders": NaN,
        "Net Income": NaN,
        "Net Income Including Noncontrolling Interests": NaN,
        "Net Income Continuous Operations": NaN,
        "Tax Provision": NaN,
        "Pretax Income": NaN,
        "Special Income Charges": NaN,
        "Restructuring And Mergern Acquisition": NaN,
        "Net Non Operating Interest Income Expense": NaN,
        "Total Other Finance Cost": NaN,
        "Interest Income Non Operating": 389000.0,
        "Operating Income": NaN,
        "Operating Expense": NaN,
        "Other Operating Expenses": NaN,
        "Depreciation Amortization Depletion Income Statement": NaN,
        "Depreciation And Amortization In Income Statement": NaN,
        "Depreciation Income Statement": NaN,
        "Selling General And Administration": NaN,
        "Selling And Marketing Expense": NaN,
        "General And Administrative Expense": NaN,
        "Other Gand A": NaN,
        "Gross Profit": NaN,
        "Cost Of Revenue": NaN,
        "Total Revenue": NaN,
        "Operating Revenue": NaN
    },
    "2022-09-30": {
        "Tax Effect Of Unusual Items": NaN,
        "Tax Rate For Calcs": NaN,
        "Normalized EBITDA": NaN,
        "Total Unusual Items": 4500000.0,
        "Total Unusual Items Excluding Goodwill": 4500000.0,
        "Net Income From Continuing Operation Net Minority Interest": NaN,
        "Reconciled Depreciation": NaN,
        "Reconciled Cost Of Revenue": NaN,
        "EBITDA": NaN,
        "EBIT": NaN,
        "Net Interest Income": NaN,
        "Interest Income": NaN,
        "Normalized Income": NaN,
        "Net Income From Continuing And Discontinued Operation": NaN,
        "Total Expenses": NaN,
        "Total Operating Income As Reported": NaN,
        "Diluted Average Shares": NaN,
        "Basic Average Shares": NaN,
        "Diluted EPS": NaN,
        "Basic EPS": NaN,
        "Diluted NI Availto Com Stockholders": NaN,
        "Net Income Common Stockholders": NaN,
        "Net Income": NaN,
        "Net Income Including Noncontrolling Interests": NaN,
        "Net Income Continuous Operations": NaN,
        "Tax Provision": NaN,
        "Pretax Income": NaN,
        "Other Income Expense": 4500000.0,
        "Special Income Charges": 4500000.0,
        "Restructuring And Mergern Acquisition": -4500000.0,
        "Net Non Operating Interest Income Expense": NaN,
        "Total Other Finance Cost": NaN,
        "Interest Income Non Operating": NaN,
        "Operating Income": NaN,
        "Operating Expense": NaN,
        "Other Operating Expenses": NaN,
        "Depreciation Amortization Depletion Income Statement": NaN,
        "Depreciation And Amortization In Income Statement": NaN,
        "Depreciation Income Statement": NaN,
        "Selling General And Administration": NaN,
        "Selling And Marketing Expense": NaN,
        "General And Administrative Expense": NaN,
        "Other Gand A": NaN,
        "Gross Profit": NaN,
        "Cost Of Revenue": NaN,
        "Total Revenue": NaN,
        "Operating Revenue": NaN
    },
    "2022-06-30": {
        "Tax Effect Of Unusual Items": 1350357.699962,
        "Tax Rate For Calcs": 0.117422,
        "Normalized EBITDA": -1664000.0,
        "Total Unusual Items": 11500000.0,
        "Total Unusual Items Excluding Goodwill": 11500000.0,
        "Net Income From Continuing Operation Net Minority Interest": 16408000.0,
        "Reconciled Depreciation": 2640000.0,
        "Reconciled Cost Of Revenue": 28933000.0,
        "EBITDA": 9836000.0,
        "EBIT": 7195000.0,
        "Net Interest Income": -104000.0,
        "Interest Income": NaN,
        "Normalized Income": 6258357.699962,
        "Net Income From Continuing And Discontinued Operation": 16408000.0,
        "Total Expenses": 62671000.0,
        "Total Operating Income As Reported": 18695000.0,
        "Diluted Average Shares": 33078568.0,
        "Basic Average Shares": 31908864.0,
        "Diluted EPS": 0.5,
        "Basic EPS": 0.51,
        "Diluted NI Availto Com Stockholders": 16408000.0,
        "Net Income Common Stockholders": 16408000.0,
        "Net Income": 16408000.0,
        "Net Income Including Noncontrolling Interests": 16408000.0,
        "Net Income Continuous Operations": 16408000.0,
        "Tax Provision": 2183000.0,
        "Pretax Income": 18591000.0,
        "Other Income Expense": 11500000.0,
        "Special Income Charges": 11500000.0,
        "Restructuring And Mergern Acquisition": -11500000.0,
        "Net Non Operating Interest Income Expense": -104000.0,
        "Total Other Finance Cost": 104000.0,
        "Interest Income Non Operating": NaN,
        "Operating Income": 7195000.0,
        "Operating Expense": 33739000.0,
        "Other Operating Expenses": 27000.0,
        "Depreciation Amortization Depletion Income Statement": 2641000.0,
        "Depreciation And Amortization In Income Statement": 2641000.0,
        "Depreciation Income Statement": 2641000.0,
        "Selling General And Administration": 31071000.0,
        "Selling And Marketing Expense": 10900000.0,
        "General And Administrative Expense": 20171000.0,
        "Other Gand A": 20171000.0,
        "Gross Profit": 40934000.0,
        "Cost Of Revenue": 28932000.0,
        "Total Revenue": 69866000.0,
        "Operating Revenue": 69866000.0
    },
    "2023-06-30": {
        "Tax Effect Of Unusual Items": NaN,
        "Tax Rate For Calcs": NaN,
        "Normalized EBITDA": NaN,
        "Total Unusual Items": 0.0,
        "Total Unusual Items Excluding Goodwill": 0.0,
        "Net Income From Continuing Operation Net Minority Interest": NaN,
        "Reconciled Depreciation": NaN,
        "Reconciled Cost Of Revenue": NaN,
        "EBITDA": NaN,
        "EBIT": NaN,
        "Net Interest Income": NaN,
        "Interest Income": NaN,
        "Normalized Income": NaN,
        "Net Income From Continuing And Discontinued Operation": NaN,
        "Total Expenses": NaN,
        "Total Operating Income As Reported": NaN,
        "Diluted Average Shares": 31513488.0,
        "Basic Average Shares": 30605963.0,
        "Diluted EPS": 0.21,
        "Basic EPS": 0.21,
        "Diluted NI Availto Com Stockholders": NaN,
        "Net Income Common Stockholders": NaN,
        "Net Income": NaN,
        "Net Income Including Noncontrolling Interests": NaN,
        "Net Income Continuous Operations": NaN,
        "Tax Provision": NaN,
        "Pretax Income": NaN,
        "Special Income Charges": 0.0,
        "Restructuring And Mergern Acquisition": 0.0,
        "Net Non Operating Interest Income Expense": NaN,
        "Total Other Finance Cost": -775000.0,
        "Interest Income Non Operating": NaN,
        "Operating Income": NaN,
        "Operating Expense": NaN,
        "Other Operating Expenses": NaN,
        "Depreciation Amortization Depletion Income Statement": NaN,
        "Depreciation And Amortization In Income Statement": NaN,
        "Selling General And Administration": NaN,
        "Selling And Marketing Expense": NaN,
        "General And Administrative Expense": NaN,
        "Other Gand A": NaN,
        "Gross Profit": NaN,
        "Cost Of Revenue": NaN,
        "Total Revenue": NaN,
        "Operating Revenue": NaN
    },
    "2022-03-31": {
        "Diluted EPS": 0.35,
        "Total Revenue": 68,
        "Gross Profit": 39,
        "Operating Income": 13,
        "EBIT": 16,
        "Net Income": 12
    },
    "2021-12-31": {
        "Diluted EPS": 0.1,
        "Total Revenue": 67,
        "Gross Profit": 39,
        "Operating Income": 4,
        "EBIT": 7,
        "Net Income": 4
    },
    "2021-09-30": {
        "Diluted EPS": 0.93,
        "Total Revenue": 70,
        "Gross Profit": 40,
        "Operating Income": 8,
        "EBIT": 10,
        "Net Income": 33
    },
    "2021-06-30": {
        "Diluted EPS": 0.24,
        "Total Revenue": 70,
        "Gross Profit": 41,
        "Operating Income": 9,
        "EBIT": 10,
        "Net Income": 8
    },
    "2021-03-31": {
        "Diluted EPS": 0.15,
        "Total Revenue": 62,
        "Gross Profit": 35,
        "Operating Income": 6,
        "EBIT": 7,
        "Net Income": 5
    },
    "2020-12-31": {
        "Diluted EPS": 0.13,
        "Total Revenue": 56,
        "Gross Profit": 33,
        "Operating Income": 5,
        "EBIT": 6,
        "Net Income": 5
    },
    "2020-09-30": {
        "Diluted EPS": 0.16,
        "Total Revenue": 56,
        "Gross Profit": 33,
        "Operating Income": 5,
        "EBIT": 7,
        "Net Income": 5
    },
    "2020-06-30": {
        "Diluted EPS": 0.01,
        "Total Revenue": 48,
        "Gross Profit": 25,
        "Operating Income": 0,
        "EBIT": 2,
        "Net Income": 0
    },
    "2020-03-31": {
        "Diluted EPS": -0.13,
        "Total Revenue": 53,
        "Gross Profit": 26,
        "Operating Income": -4,
        "EBIT": -3,
        "Net Income": -4
    },
    "2019-12-31": {
        "Diluted EPS": -0.15,
        "Total Revenue": 50,
        "Gross Profit": 25,
        "Operating Income": -5,
        "EBIT": -3,
        "Net Income": -5
    },
    "2019-09-30": {
        "Diluted EPS": -0.16,
        "Total Revenue": 59,
        "Gross Profit": 31,
        "Operating Income": -5,
        "EBIT": -4,
        "Net Income": -5
    },
    "2019-06-30": {
        "Diluted EPS": -0.14,
        "Total Revenue": 57,
        "Gross Profit": 32,
        "Operating Income": -5,
        "EBIT": -3,
        "Net Income": -5
    },
    "2019-03-31": {
        "Diluted EPS": -0.13,
        "Total Revenue": 57,
        "Gross Profit": 32,
        "Operating Income": -4,
        "EBIT": -3,
        "Net Income": -4
    },
    "2018-12-31": {
        "Diluted EPS": -0.15,
        "Total Revenue": 54,
        "Gross Profit": 29,
        "Operating Income": -5,
        "EBIT": -4,
        "Net Income": -5
    },
    "2018-09-30": {
        "Diluted EPS": -0.02,
        "Total Revenue": 53,
        "Gross Profit": 28,
        "Operating Income": -6,
        "EBIT": -5,
        "Net Income": -1
    },
    "2018-06-30": {
        "Diluted EPS": -0.12,
        "Total Revenue": 51,
        "Gross Profit": 31,
        "Operating Income": -3,
        "EBIT": -2,
        "Net Income": -4
    },
    "2018-03-31": {
        "Diluted EPS": -0.18,
        "Total Revenue": 60,
        "Gross Profit": 31,
        "Operating Income": -6,
        "EBIT": -5,
        "Net Income": -6
    },
    "2017-12-31": {
        "Diluted EPS": -0.04,
        "Total Revenue": 61,
        "Gross Profit": 34,
        "Operating Income": -7,
        "EBIT": -5,
        "Net Income": -1
    },
    "2017-09-30": {
        "Diluted EPS": -0.45,
        "Total Revenue": 61,
        "Gross Profit": 32,
        "Operating Income": -15,
        "EBIT": -13,
        "Net Income": -14
    },
    "2017-06-30": {
        "Diluted EPS": -0.27,
        "Total Revenue": 66,
        "Gross Profit": 35,
        "Operating Income": -9,
        "EBIT": -7,
        "Net Income": -9
    },
    "2017-03-31": {
        "Diluted EPS": -0.26,
        "Total Revenue": 72,
        "Gross Profit": 38,
        "Operating Income": -8,
        "EBIT": -7,
        "Net Income": -8
    },
    "2016-12-31": {
        "Diluted EPS": -0.27,
        "Total Revenue": 71,
        "Gross Profit": 39,
        "Operating Income": -8,
        "EBIT": -7,
        "Net Income": -8
    },
    "2016-09-30": {
        "Diluted EPS": -1.76,
        "Total Revenue": 79,
        "Gross Profit": 41,
        "Operating Income": -25,
        "EBIT": -24,
        "Net Income": -54
    },
    "2016-06-30": {
        "Diluted EPS": 0.0,
        "Total Revenue": 85,
        "Gross Profit": 46,
        "Operating Income": 0,
        "EBIT": 2,
        "Net Income": 0
    },
    "2016-03-31": {
        "Diluted EPS": -0.03,
        "Total Revenue": 87,
        "Gross Profit": 47,
        "Operating Income": -2,
        "EBIT": 0,
        "Net Income": -1
    },
    "2015-12-31": {
        "Diluted EPS": -0.17,
        "Total Revenue": 66,
        "Gross Profit": 39,
        "Operating Income": -7,
        "EBIT": -6,
        "Net Income": -5
    },
    "2015-09-30": {
        "Diluted EPS": -1.46,
        "Total Revenue": 79,
        "Gross Profit": 46,
        "Operating Income": -63,
        "EBIT": -61,
        "Net Income": -44
    },
    "2015-06-30": {
        "Diluted EPS": 0.05,
        "Total Revenue": 90,
        "Gross Profit": 54,
        "Operating Income": 0,
        "EBIT": -94,
        "Net Income": 2
    },
    "2015-03-31": {
        "Diluted EPS": 0.05,
        "Total Revenue": 103,
        "Gross Profit": 60,
        "Operating Income": 4,
        "EBIT": 6,
        "Net Income": 1
    },
    "2014-12-31": {
        "Diluted EPS": -2.14,
        "Total Revenue": 125,
        "Gross Profit": 71,
        "Operating Income": -85,
        "EBIT": 14,
        "Net Income": -64
    },
    "2014-09-30": {
        "Diluted EPS": -0.01,
        "Total Revenue": 118,
        "Gross Profit": 63,
        "Operating Income": 1,
        "EBIT": 4,
        "Net Income": -1
    },
    "2014-06-30": {
        "Diluted EPS": 0.59,
        "Total Revenue": 127,
        "Gross Profit": 72,
        "Operating Income": 29,
        "EBIT": 33,
        "Net Income": 18
    },
    "2014-03-31": {
        "Diluted EPS": 0.17,
        "Total Revenue": 128,
        "Gross Profit": 74,
        "Operating Income": 9,
        "EBIT": 14,
        "Net Income": 6
    },
    "2013-12-31": {
        "Diluted EPS": 0.22,
        "Total Revenue": 122,
        "Gross Profit": 74,
        "Operating Income": 12,
        "EBIT": 16,
        "Net Income": 7
    },
    "2013-09-30": {
        "Diluted EPS": 0.32,
        "Total Revenue": 129,
        "Gross Profit": 77,
        "Operating Income": 17,
        "EBIT": 22,
        "Net Income": 10
    },
    "2013-06-30": {
        "Diluted EPS": 0.35,
        "Total Revenue": 124,
        "Gross Profit": 74,
        "Operating Income": 19,
        "EBIT": 23,
        "Net Income": 11
    },
    "2013-03-31": {
        "Diluted EPS": 0.39,
        "Total Revenue": 130,
        "Gross Profit": 80,
        "Operating Income": 22,
        "EBIT": 26,
        "Net Income": 13
    },
    "2012-12-31": {
        "Diluted EPS": 0.2,
        "Total Revenue": 122,
        "Gross Profit": 75,
        "Operating Income": 10,
        "EBIT": 14,
        "Net Income": 7
    },
    "2012-09-30": {
        "Diluted EPS": 0.17,
        "Total Revenue": 122,
        "Gross Profit": 72,
        "Operating Income": 9,
        "EBIT": 12,
        "Net Income": 6
    },
    "2012-06-30": {
        "Diluted EPS": 0.45,
        "Total Revenue": 121,
        "Gross Profit": 72,
        "Operating Income": 25,
        "EBIT": 29,
        "Net Income": 15
    },
    "2012-03-31": {
        "Diluted EPS": 0.57,
        "Total Revenue": 126,
        "Gross Profit": 71,
        "Operating Income": 32,
        "EBIT": 35,
        "Net Income": 19
    },
    "2011-12-31": {
        "Diluted EPS": 0.28,
        "Total Revenue": 106,
        "Gross Profit": 63,
        "Operating Income": 16,
        "EBIT": 20,
        "Net Income": 9
    },
    "2011-09-30": {
        "Diluted EPS": 0.1,
        "Total Revenue": 79,
        "Gross Profit": 54,
        "Operating Income": 10,
        "EBIT": 11,
        "Net Income": 3
    },
    "2011-06-30": {
        "Diluted EPS": -0.04,
        "Total Revenue": 83,
        "Gross Profit": 52,
        "Operating Income": 12,
        "EBIT": 14,
        "Net Income": -1
    },
    "2011-03-31": {
        "Diluted EPS": 0.18,
        "Total Revenue": 89,
        "Gross Profit": 51,
        "Operating Income": 11,
        "EBIT": 13,
        "Net Income": 5
    },
    "2010-12-31": {
        "Diluted EPS": 0.05,
        "Total Revenue": 75,
        "Gross Profit": 45,
        "Operating Income": 4,
        "EBIT": 5,
        "Net Income": 1
    },
    "2010-09-30": {
        "Diluted EPS": 0.09,
        "Total Revenue": 59,
        "Gross Profit": 40,
        "Operating Income": 9,
        "EBIT": 9,
        "Net Income": 3
    },
    "2010-06-30": {
        "Diluted EPS": 0.11,
        "Total Revenue": 73,
        "Gross Profit": 42,
        "Operating Income": 7,
        "EBIT": 8,
        "Net Income": 3
    },
    "2010-03-31": {
        "Diluted EPS": 0.13,
        "Total Revenue": 76,
        "Gross Profit": 42,
        "Operating Income": 7,
        "EBIT": 8,
        "Net Income": 4
    },
    "2009-12-31": {
        "Diluted EPS": 0.11,
        "Total Revenue": 65,
        "Gross Profit": 38,
        "Operating Income": 6,
        "EBIT": 7,
        "Net Income": 3
    },
    "2009-09-30": {
        "Diluted EPS": 0.03,
        "Total Revenue": 46,
        "Gross Profit": 33,
        "Operating Income": 7,
        "EBIT": 7,
        "Net Income": 1
    },
    "2009-06-30": {
        "Diluted EPS": 0.12,
        "Total Revenue": 58,
        "Gross Profit": 37,
        "Operating Income": 6,
        "EBIT": 7,
        "Net Income": 3
    },
    "2009-03-31": {
        "Diluted EPS": 0.06,
        "Total Revenue": 60,
        "Gross Profit": 37,
        "Operating Income": 3,
        "EBIT": 4,
        "Net Income": 2
    },
    "2023-09-30": {
        "Tax Effect Of Unusual Items": NaN,
        "Tax Rate For Calcs": NaN,
        "Normalized EBITDA": NaN,
        "Total Unusual Items": 0.0,
        "Total Unusual Items Excluding Goodwill": 0.0,
        "Net Income From Continuing Operation Net Minority Interest": NaN,
        "Reconciled Depreciation": NaN,
        "Reconciled Cost Of Revenue": NaN,
        "EBITDA": NaN,
        "EBIT": NaN,
        "Net Interest Income": NaN,
        "Interest Income": NaN,
        "Normalized Income": NaN,
        "Net Income From Continuing And Discontinued Operation": NaN,
        "Total Expenses": NaN,
        "Total Operating Income As Reported": NaN,
        "Diluted Average Shares": NaN,
        "Basic Average Shares": NaN,
        "Diluted EPS": NaN,
        "Basic EPS": NaN,
        "Diluted NI Availto Com Stockholders": NaN,
        "Net Income Common Stockholders": NaN,
        "Net Income": NaN,
        "Net Income Including Noncontrolling Interests": NaN,
        "Net Income Continuous Operations": NaN,
        "Tax Provision": NaN,
        "Pretax Income": NaN,
        "Special Income Charges": 0.0,
        "Restructuring And Mergern Acquisition": 0.0,
        "Net Non Operating Interest Income Expense": NaN,
        "Total Other Finance Cost": NaN,
        "Interest Income Non Operating": NaN,
        "Operating Income": NaN,
        "Operating Expense": NaN,
        "Other Operating Expenses": NaN,
        "Depreciation Amortization Depletion Income Statement": NaN,
        "Depreciation And Amortization In Income Statement": NaN,
        "Selling General And Administration": NaN,
        "Selling And Marketing Expense": NaN,
        "General And Administrative Expense": NaN,
        "Other Gand A": NaN,
        "Gross Profit": NaN,
        "Cost Of Revenue": NaN,
        "Total Revenue": NaN,
        "Operating Revenue": NaN
    },
    "2023-12-31": {
        "Tax Effect Of Unusual Items": 0.0,
        "Tax Rate For Calcs": 0.316,
        "Normalized EBITDA": 4551000.0,
        "Total Unusual Items": NaN,
        "Total Unusual Items Excluding Goodwill": NaN,
        "Net Income From Continuing Operation Net Minority Interest": 1907000.0,
        "Reconciled Depreciation": 2904000.0,
        "Reconciled Cost Of Revenue": 31526000.0,
        "EBITDA": 4551000.0,
        "EBIT": 1647000.0,
        "Net Interest Income": 1141000.0,
        "Interest Income": 1141000.0,
        "Normalized Income": 1907000.0,
        "Net Income From Continuing And Discontinued Operation": 1907000.0,
        "Total Expenses": 69678000.0,
        "Total Operating Income As Reported": 1647000.0,
        "Diluted Average Shares": 31938342.0,
        "Basic Average Shares": 30605475.0,
        "Diluted EPS": 0.06,
        "Basic EPS": 0.06,
        "Diluted NI Availto Com Stockholders": 1907000.0,
        "Net Income Common Stockholders": 1907000.0,
        "Net Income": 1907000.0,
        "Net Income Including Noncontrolling Interests": 1907000.0,
        "Net Income Continuous Operations": 1907000.0,
        "Tax Provision": 881000.0,
        "Pretax Income": 2788000.0,
        "Special Income Charges": NaN,
        "Restructuring And Mergern Acquisition": NaN,
        "Net Non Operating Interest Income Expense": 1141000.0,
        "Total Other Finance Cost": NaN,
        "Interest Income Non Operating": 1141000.0,
        "Operating Income": 1647000.0,
        "Operating Expense": 38152000.0,
        "Other Operating Expenses": 14683000.0,
        "Depreciation Amortization Depletion Income Statement": 2904000.0,
        "Depreciation And Amortization In Income Statement": 2904000.0,
        "Selling General And Administration": 20565000.0,
        "Selling And Marketing Expense": 12980000.0,
        "General And Administrative Expense": 7585000.0,
        "Other Gand A": 7585000.0,
        "Gross Profit": 39799000.0,
        "Cost Of Revenue": 31526000.0,
        "Total Revenue": 71325000.0,
        "Operating Revenue": 71325000.0
    },
    "2024-03-31": {
        "Tax Effect Of Unusual Items": 0.0,
        "Tax Rate For Calcs": 0.206643,
        "Normalized EBITDA": 9790000.0,
        "Total Unusual Items": NaN,
        "Total Unusual Items Excluding Goodwill": NaN,
        "Net Income From Continuing Operation Net Minority Interest": 5709000.0,
        "Reconciled Depreciation": 3194000.0,
        "Reconciled Cost Of Revenue": 44223000.0,
        "EBITDA": 9790000.0,
        "EBIT": 6595000.0,
        "Net Interest Income": 601000.0,
        "Interest Income": 601000.0,
        "Normalized Income": 5709000.0,
        "Net Income From Continuing And Discontinued Operation": 5709000.0,
        "Total Expenses": 84858000.0,
        "Total Operating Income As Reported": 6595000.0,
        "Diluted Average Shares": 31459066.0,
        "Basic Average Shares": 30498127.0,
        "Diluted EPS": 0.18,
        "Basic EPS": 0.19,
        "Diluted NI Availto Com Stockholders": 5709000.0,
        "Net Income Common Stockholders": 5709000.0,
        "Net Income": 5709000.0,
        "Net Income Including Noncontrolling Interests": 5709000.0,
        "Net Income Continuous Operations": 5709000.0,
        "Tax Provision": 1487000.0,
        "Pretax Income": 7196000.0,
        "Special Income Charges": NaN,
        "Restructuring And Mergern Acquisition": NaN,
        "Net Non Operating Interest Income Expense": 601000.0,
        "Total Other Finance Cost": NaN,
        "Interest Income Non Operating": 601000.0,
        "Operating Income": 6595000.0,
        "Operating Expense": 40636000.0,
        "Other Operating Expenses": 15588000.0,
        "Depreciation Amortization Depletion Income Statement": 3195000.0,
        "Depreciation And Amortization In Income Statement": 3195000.0,
        "Selling General And Administration": 21853000.0,
        "Selling And Marketing Expense": 14195000.0,
        "General And Administrative Expense": 7658000.0,
        "Other Gand A": 7658000.0,
        "Gross Profit": 47231000.0,
        "Cost Of Revenue": 44222000.0,
        "Total Revenue": 91453000.0,
        "Operating Revenue": 91453000.0
    },
    "2024-06-30": {
        "Tax Effect Of Unusual Items": 0.0,
        "Tax Rate For Calcs": 0.310503,
        "Normalized EBITDA": 11094000.0,
        "Total Unusual Items": NaN,
        "Total Unusual Items Excluding Goodwill": NaN,
        "Net Income From Continuing Operation Net Minority Interest": 6000000.0,
        "Reconciled Depreciation": 3199000.0,
        "Reconciled Cost Of Revenue": 44212000.0,
        "EBITDA": 11094000.0,
        "EBIT": 7895000.0,
        "Net Interest Income": 807000.0,
        "Interest Income": 807000.0,
        "Normalized Income": 6000000.0,
        "Net Income From Continuing And Discontinued Operation": 6000000.0,
        "Total Expenses": 85718000.0,
        "Total Operating Income As Reported": 7895000.0,
        "Diluted Average Shares": 31464461.0,
        "Basic Average Shares": 30388675.0,
        "Diluted EPS": 0.19,
        "Basic EPS": 0.2,
        "Diluted NI Availto Com Stockholders": 6000000.0,
        "Net Income Common Stockholders": 6000000.0,
        "Net Income": 6000000.0,
        "Net Income Including Noncontrolling Interests": 6000000.0,
        "Net Income Continuous Operations": 6000000.0,
        "Tax Provision": 2702000.0,
        "Pretax Income": 8702000.0,
        "Special Income Charges": NaN,
        "Restructuring And Mergern Acquisition": NaN,
        "Net Non Operating Interest Income Expense": 807000.0,
        "Total Other Finance Cost": NaN,
        "Interest Income Non Operating": 807000.0,
        "Operating Income": 7895000.0,
        "Operating Expense": 41506000.0,
        "Other Operating Expenses": 15945000.0,
        "Depreciation Amortization Depletion Income Statement": 3199000.0,
        "Depreciation And Amortization In Income Statement": 3199000.0,
        "Selling General And Administration": 22362000.0,
        "Selling And Marketing Expense": 13759000.0,
        "General And Administrative Expense": 8603000.0,
        "Other Gand A": 8603000.0,
        "Gross Profit": 49401000.0,
        "Cost Of Revenue": 44212000.0,
        "Total Revenue": 93613000.0,
        "Operating Revenue": 93613000.0
    },
    "2024-09-30": {
        "Tax Effect Of Unusual Items": 0.0,
        "Tax Rate For Calcs": 0.256386,
        "Normalized EBITDA": 10089000.0,
        "Total Unusual Items": NaN,
        "Total Unusual Items Excluding Goodwill": NaN,
        "Net Income From Continuing Operation Net Minority Interest": 6375000.0,
        "Reconciled Depreciation": 2823000.0,
        "Reconciled Cost Of Revenue": 58192000.0,
        "EBITDA": 10089000.0,
        "EBIT": 7266000.0,
        "Net Interest Income": 1305000.0,
        "Interest Income": 1305000.0,
        "Normalized Income": 6375000.0,
        "Net Income From Continuing And Discontinued Operation": 6375000.0,
        "Total Expenses": 99661000.0,
        "Total Operating Income As Reported": 7266000.0,
        "Diluted Average Shares": NaN,
        "Basic Average Shares": NaN,
        "Diluted EPS": NaN,
        "Basic EPS": NaN,
        "Diluted NI Availto Com Stockholders": 6375000.0,
        "Net Income Common Stockholders": 6375000.0,
        "Net Income": 6375000.0,
        "Net Income Including Noncontrolling Interests": 6375000.0,
        "Net Income Continuous Operations": 6375000.0,
        "Tax Provision": 2198000.0,
        "Pretax Income": 8573000.0,
        "Special Income Charges": NaN,
        "Restructuring And Mergern Acquisition": NaN,
        "Net Non Operating Interest Income Expense": 1305000.0,
        "Total Other Finance Cost": NaN,
        "Interest Income Non Operating": 1305000.0,
        "Operating Income": 7266000.0,
        "Operating Expense": 41469000.0,
        "Other Operating Expenses": 16632000.0,
        "Depreciation Amortization Depletion Income Statement": 2823000.0,
        "Depreciation And Amortization In Income Statement": 2823000.0,
        "Selling General And Administration": 22014000.0,
        "Selling And Marketing Expense": 13898000.0,
        "General And Administrative Expense": 8116000.0,
        "Other Gand A": 8116000.0,
        "Gross Profit": 48735000.0,
        "Cost Of Revenue": 58192000.0,
        "Total Revenue": 106927000.0,
        "Operating Revenue": 106927000.0
    },
    "2024-12-31": {
        "Tax Effect Of Unusual Items": 0.0,
        "Tax Rate For Calcs": 0.29,
        "Normalized EBITDA": 9603000.0,
        "Total Unusual Items": NaN,
        "Total Unusual Items Excluding Goodwill": NaN,
        "Net Income From Continuing Operation Net Minority Interest": 5810000.0,
        "Reconciled Depreciation": 2516000.0,
        "Reconciled Cost Of Revenue": 72164000.0,
        "EBITDA": 9603000.0,
        "EBIT": 7087000.0,
        "Net Interest Income": 1103000.0,
        "Interest Income": 1103000.0,
        "Normalized Income": 5810000.0,
        "Net Income From Continuing And Discontinued Operation": 5810000.0,
        "Total Expenses": 115244000.0,
        "Total Operating Income As Reported": 7087000.0,
        "Diluted Average Shares": 32204055.0,
        "Basic Average Shares": 30642438.0,
        "Diluted EPS": 0.18,
        "Basic EPS": 0.19,
        "Diluted NI Availto Com Stockholders": 5810000.0,
        "Net Income Common Stockholders": 5810000.0,
        "Net Income": 5810000.0,
        "Net Income Including Noncontrolling Interests": 5810000.0,
        "Net Income Continuous Operations": 5810000.0,
        "Tax Provision": 2380000.0,
        "Pretax Income": 8190000.0,
        "Special Income Charges": NaN,
        "Restructuring And Mergern Acquisition": NaN,
        "Net Non Operating Interest Income Expense": 1103000.0,
        "Total Other Finance Cost": NaN,
        "Interest Income Non Operating": 1103000.0,
        "Operating Income": 7087000.0,
        "Operating Expense": 43080000.0,
        "Other Operating Expenses": 17523000.0,
        "Depreciation Amortization Depletion Income Statement": 2516000.0,
        "Depreciation And Amortization In Income Statement": 2516000.0,
        "Selling General And Administration": 23041000.0,
        "Selling And Marketing Expense": 14774000.0,
        "General And Administrative Expense": 8267000.0,
        "Other Gand A": 8267000.0,
        "Gross Profit": 50167000.0,
        "Cost Of Revenue": 72164000.0,
        "Total Revenue": 122331000.0,
        "Operating Revenue": 122331000.0
    }
}