{
    "2023-03-31": {
        "Tax Effect Of Unusual Items": 0.0,
        "Tax Rate For Calcs": 0.261799,
        "Normalized EBITDA": 103728000.0,
        "Net Income From Continuing Operation Net Minority Interest": 55462000.0,
        "Reconciled Depreciation": 26942000.0,
        "Reconciled Cost Of Revenue": 295032000.0,
        "EBIT": 76786000.0,
        "Net Interest Income": -2206000.0,
        "Interest Expense": 2206000.0,
        "Normalized Income": 55462000.0,
        "Net Income From Continuing And Discontinued Operation": 55462000.0,
        "Total Expenses": 398085000.0,
        "Total Operating Income As Reported": 72199000.0,
        "Diluted Average Shares": 42714090.0,
        "Basic Average Shares": 42375480.0,
        "Diluted EPS": 1.3,
        "Basic EPS": 1.31,
        "Diluted NI Availto Com Stockholders": 55462000.0,
        "Net Income Common Stockholders": 55462000.0,
        "Net Income": 55462000.0,
        "Net Income Including Noncontrolling Interests": 55462000.0,
        "Net Income Continuous Operations": 55462000.0,
        "Earnings From Equity Interest Net Of Tax": 407000.0,
        "Tax Provision": 19525000.0,
        "Pretax Income": 74580000.0,
        "Other Income Expense": 4587000.0,
        "Other Non Operating Income Expenses": 4587000.0,
        "Net Non Operating Interest Income Expense": -2206000.0,
        "Total Other Finance Cost": NaN,
        "Interest Expense Non Operating": 2206000.0,
        "Operating Income": 72199000.0,
        "Operating Expense": 103053000.0,
        "Selling General And Administration": 103053000.0,
        "Gross Profit": 175252000.0,
        "Cost Of Revenue": 295032000.0,
        "Total Revenue": 470284000.0,
        "Operating Revenue": 470284000.0
    },
    "2022-12-31": {
        "Tax Effect Of Unusual Items": 0.0,
        "Tax Rate For Calcs": 0.269579,
        "Normalized EBITDA": 99506000.0,
        "Net Income From Continuing Operation Net Minority Interest": 50705000.0,
        "Reconciled Depreciation": 27463000.0,
        "Reconciled Cost Of Revenue": 288347000.0,
        "EBIT": 72043000.0,
        "Net Interest Income": -2082000.0,
        "Interest Expense": 2082000.0,
        "Normalized Income": 50705000.0,
        "Net Income From Continuing And Discontinued Operation": 50705000.0,
        "Total Expenses": 390362000.0,
        "Total Operating Income As Reported": 68073000.0,
        "Diluted Average Shares": 42547334.0,
        "Basic Average Shares": 42259061.0,
        "Diluted EPS": 1.19,
        "Basic EPS": 1.2,
        "Diluted NI Availto Com Stockholders": 50705000.0,
        "Net Income Common Stockholders": 50705000.0,
        "Net Income": 50705000.0,
        "Net Income Including Noncontrolling Interests": 50705000.0,
        "Net Income Continuous Operations": 50705000.0,
        "Earnings From Equity Interest Net Of Tax": -396000.0,
        "Tax Provision": 18860000.0,
        "Pretax Income": 69961000.0,
        "Other Income Expense": 3970000.0,
        "Other Non Operating Income Expenses": 3970000.0,
        "Net Non Operating Interest Income Expense": -2082000.0,
        "Total Other Finance Cost": NaN,
        "Interest Expense Non Operating": 2082000.0,
        "Operating Income": 68073000.0,
        "Operating Expense": 102015000.0,
        "Selling General And Administration": 102015000.0,
        "Gross Profit": 170088000.0,
        "Cost Of Revenue": 288347000.0,
        "Total Revenue": 458435000.0,
        "Operating Revenue": 458435000.0
    },
    "2022-09-30": {
        "Tax Effect Of Unusual Items": 0.0,
        "Tax Rate For Calcs": 0.252523,
        "Normalized EBITDA": -2468000.0,
        "Net Income From Continuing Operation Net Minority Interest": -22672000.0,
        "Reconciled Depreciation": 26251000.0,
        "Reconciled Cost Of Revenue": 295501000.0,
        "EBIT": -28719000.0,
        "Net Interest Income": -2046000.0,
        "Interest Expense": 2046000.0,
        "Normalized Income": -22672000.0,
        "Net Income From Continuing And Discontinued Operation": -22672000.0,
        "Total Expenses": 453869000.0,
        "Total Operating Income As Reported": -28719000.0,
        "Diluted Average Shares": 42076628.0,
        "Basic Average Shares": 42076628.0,
        "Diluted EPS": -0.54,
        "Basic EPS": -0.54,
        "Diluted NI Availto Com Stockholders": -22672000.0,
        "Net Income Common Stockholders": -22672000.0,
        "Net Income": -22672000.0,
        "Net Income Including Noncontrolling Interests": -22672000.0,
        "Net Income Continuous Operations": -22672000.0,
        "Earnings From Equity Interest Net Of Tax": -451000.0,
        "Tax Provision": -7507000.0,
        "Pretax Income": -29728000.0,
        "Other Income Expense": 1037000.0,
        "Other Non Operating Income Expenses": 1037000.0,
        "Net Non Operating Interest Income Expense": -2046000.0,
        "Total Other Finance Cost": 2046000.0,
        "Interest Expense Non Operating": 2046000.0,
        "Operating Income": -28719000.0,
        "Operating Expense": 158368000.0,
        "Selling General And Administration": 158368000.0,
        "Gross Profit": 129649000.0,
        "Cost Of Revenue": 295501000.0,
        "Total Revenue": 425150000.0,
        "Operating Revenue": 425150000.0
    },
    "2022-06-30": {
        "Tax Effect Of Unusual Items": 0.0,
        "Tax Rate For Calcs": 0.268549,
        "Normalized EBITDA": 70546000.0,
        "Net Income From Continuing Operation Net Minority Interest": 28090000.0,
        "Reconciled Depreciation": 24450000.0,
        "Reconciled Cost Of Revenue": 287534000.0,
        "EBIT": 46096000.0,
        "Net Interest Income": -2036000.0,
        "Interest Expense": NaN,
        "Normalized Income": 28090000.0,
        "Net Income From Continuing And Discontinued Operation": 28090000.0,
        "Total Expenses": 409115000.0,
        "Total Operating Income As Reported": 46096000.0,
        "Diluted Average Shares": 42574712.0,
        "Basic Average Shares": 41896039.0,
        "Diluted EPS": 0.66,
        "Basic EPS": 0.67,
        "Diluted NI Availto Com Stockholders": 28090000.0,
        "Net Income Common Stockholders": 28090000.0,
        "Net Income": 28090000.0,
        "Net Income Including Noncontrolling Interests": 28090000.0,
        "Net Income Continuous Operations": 28090000.0,
        "Earnings From Equity Interest Net Of Tax": -65000.0,
        "Tax Provision": 10337000.0,
        "Pretax Income": 38492000.0,
        "Other Income Expense": -5568000.0,
        "Other Non Operating Income Expenses": -5568000.0,
        "Net Non Operating Interest Income Expense": -2036000.0,
        "Total Other Finance Cost": 2036000.0,
        "Interest Expense Non Operating": NaN,
        "Operating Income": 46096000.0,
        "Operating Expense": 121581000.0,
        "Selling General And Administration": 121581000.0,
        "Gross Profit": 167677000.0,
        "Cost Of Revenue": 287534000.0,
        "Total Revenue": 455211000.0,
        "Operating Revenue": 455211000.0
    },
    "2022-03-31": {
        "Diluted EPS": 1.02,
        "Total Revenue": 422,
        "Gross Profit": 155,
        "Operating Income": 61,
        "EBIT": 85,
        "Net Income": 43
    },
    "2021-12-31": {
        "Diluted EPS": 1.0,
        "Total Revenue": 410,
        "Gross Profit": 148,
        "Operating Income": 57,
        "EBIT": 83,
        "Net Income": 42
    },
    "2021-09-30": {
        "Diluted EPS": -0.15,
        "Total Revenue": 400,
        "Gross Profit": 126,
        "Operating Income": -7,
        "EBIT": 18,
        "Net Income": -6
    },
    "2021-06-30": {
        "Diluted EPS": 0.24,
        "Total Revenue": 398,
        "Gross Profit": 137,
        "Operating Income": 21,
        "EBIT": 50,
        "Net Income": 10
    },
    "2021-03-31": {
        "Diluted EPS": 0.57,
        "Total Revenue": 392,
        "Gross Profit": 139,
        "Operating Income": 39,
        "EBIT": 66,
        "Net Income": 24
    },
    "2020-12-31": {
        "Diluted EPS": 0.6,
        "Total Revenue": 376,
        "Gross Profit": 129,
        "Operating Income": 38,
        "EBIT": 65,
        "Net Income": 25
    },
    "2020-09-30": {
        "Diluted EPS": 0.3,
        "Total Revenue": 371,
        "Gross Profit": 130,
        "Operating Income": 12,
        "EBIT": 32,
        "Net Income": 13
    },
    "2020-06-30": {
        "Diluted EPS": 0.11,
        "Total Revenue": 269,
        "Gross Profit": 91,
        "Operating Income": 7,
        "EBIT": 26,
        "Net Income": 5
    },
    "2020-03-31": {
        "Diluted EPS": 0.22,
        "Total Revenue": 257,
        "Gross Profit": 78,
        "Operating Income": 14,
        "EBIT": 33,
        "Net Income": 9
    },
    "2019-12-31": {
        "Diluted EPS": 0.52,
        "Total Revenue": 258,
        "Gross Profit": 90,
        "Operating Income": 30,
        "EBIT": 48,
        "Net Income": 21
    },
    "2019-09-30": {
        "Diluted EPS": -0.25,
        "Total Revenue": 257,
        "Gross Profit": 88,
        "Operating Income": -19,
        "EBIT": -2,
        "Net Income": -10
    },
    "2019-06-30": {
        "Diluted EPS": 0.1,
        "Total Revenue": 256,
        "Gross Profit": 80,
        "Operating Income": 3,
        "EBIT": 21,
        "Net Income": 3
    },
    "2019-03-31": {
        "Diluted EPS": 0.44,
        "Total Revenue": 253,
        "Gross Profit": 85,
        "Operating Income": 23,
        "EBIT": 40,
        "Net Income": 18
    },
    "2018-12-31": {
        "Diluted EPS": 0.59,
        "Total Revenue": 255,
        "Gross Profit": 95,
        "Operating Income": 33,
        "EBIT": 51,
        "Net Income": 24
    },
    "2018-09-30": {
        "Diluted EPS": -0.22,
        "Total Revenue": 251,
        "Gross Profit": 92,
        "Operating Income": -14,
        "EBIT": 5,
        "Net Income": -8
    },
    "2018-06-30": {
        "Diluted EPS": 0.24,
        "Total Revenue": 239,
        "Gross Profit": 82,
        "Operating Income": 10,
        "EBIT": 28,
        "Net Income": 9
    },
    "2018-03-31": {
        "Diluted EPS": 0.32,
        "Total Revenue": 233,
        "Gross Profit": 84,
        "Operating Income": 20,
        "EBIT": 38,
        "Net Income": 13
    },
    "2017-12-31": {
        "Diluted EPS": 0.33,
        "Total Revenue": 217,
        "Gross Profit": 78,
        "Operating Income": 14,
        "EBIT": 32,
        "Net Income": 13
    },
    "2017-09-30": {
        "Diluted EPS": -0.21,
        "Total Revenue": 229,
        "Gross Profit": 81,
        "Operating Income": -18,
        "EBIT": 3,
        "Net Income": -8
    },
    "2017-06-30": {
        "Diluted EPS": -0.16,
        "Total Revenue": 216,
        "Gross Profit": 77,
        "Operating Income": 5,
        "EBIT": 23,
        "Net Income": -6
    },
    "2017-03-31": {
        "Diluted EPS": 0.23,
        "Total Revenue": 223,
        "Gross Profit": 86,
        "Operating Income": 13,
        "EBIT": 33,
        "Net Income": 9
    },
    "2016-12-31": {
        "Diluted EPS": 0.3,
        "Total Revenue": 221,
        "Gross Profit": 84,
        "Operating Income": 18,
        "EBIT": 37,
        "Net Income": 12
    },
    "2016-09-30": {
        "Diluted EPS": -0.36,
        "Total Revenue": 229,
        "Gross Profit": 85,
        "Operating Income": -23,
        "EBIT": -5,
        "Net Income": -14
    },
    "2016-06-30": {
        "Diluted EPS": -0.03,
        "Total Revenue": 221,
        "Gross Profit": 78,
        "Operating Income": 1,
        "EBIT": 18,
        "Net Income": -1
    },
    "2016-03-31": {
        "Diluted EPS": 0.37,
        "Total Revenue": 221,
        "Gross Profit": 87,
        "Operating Income": 19,
        "EBIT": 37,
        "Net Income": 14
    },
    "2015-12-31": {
        "Diluted EPS": 0.23,
        "Total Revenue": 209,
        "Gross Profit": 79,
        "Operating Income": 15,
        "EBIT": 31,
        "Net Income": 9
    },
    "2015-09-30": {
        "Diluted EPS": -0.34,
        "Total Revenue": 221,
        "Gross Profit": 82,
        "Operating Income": -20,
        "EBIT": -4,
        "Net Income": -13
    },
    "2015-06-30": {
        "Diluted EPS": -0.31,
        "Total Revenue": 236,
        "Gross Profit": 69,
        "Operating Income": -16,
        "EBIT": 12,
        "Net Income": -12
    },
    "2015-03-31": {
        "Diluted EPS": 0.45,
        "Total Revenue": 245,
        "Gross Profit": 96,
        "Operating Income": 27,
        "EBIT": 45,
        "Net Income": 17
    },
    "2014-12-31": {
        "Diluted EPS": 0.33,
        "Total Revenue": 231,
        "Gross Profit": 86,
        "Operating Income": 20,
        "EBIT": 38,
        "Net Income": 12
    },
    "2014-09-30": {
        "Diluted EPS": -0.18,
        "Total Revenue": 237,
        "Gross Profit": 90,
        "Operating Income": -13,
        "EBIT": 4,
        "Net Income": -7
    },
    "2014-06-30": {
        "Diluted EPS": 0.32,
        "Total Revenue": 232,
        "Gross Profit": 90,
        "Operating Income": 13,
        "EBIT": 30,
        "Net Income": 12
    },
    "2014-03-31": {
        "Diluted EPS": 0.4,
        "Total Revenue": 235,
        "Gross Profit": 95,
        "Operating Income": 27,
        "EBIT": 45,
        "Net Income": 16
    },
    "2013-12-31": {
        "Diluted EPS": -0.09,
        "Total Revenue": 224,
        "Gross Profit": 70,
        "Operating Income": -9,
        "EBIT": 26,
        "Net Income": -4
    },
    "2013-09-30": {
        "Diluted EPS": -0.13,
        "Total Revenue": 228,
        "Gross Profit": 95,
        "Operating Income": -8,
        "EBIT": 8,
        "Net Income": -5
    },
    "2013-06-30": {
        "Diluted EPS": 0.06,
        "Total Revenue": 203,
        "Gross Profit": 74,
        "Operating Income": 1,
        "EBIT": 19,
        "Net Income": 1
    },
    "2013-03-31": {
        "Diluted EPS": 0.31,
        "Total Revenue": 218,
        "Gross Profit": 90,
        "Operating Income": 19,
        "EBIT": 36,
        "Net Income": 12
    },
    "2012-12-31": {
        "Diluted EPS": 0.24,
        "Total Revenue": 206,
        "Gross Profit": 83,
        "Operating Income": 16,
        "EBIT": 33,
        "Net Income": 10
    },
    "2012-09-30": {
        "Diluted EPS": 0.11,
        "Total Revenue": 221,
        "Gross Profit": 102,
        "Operating Income": 9,
        "EBIT": 24,
        "Net Income": 4
    },
    "2012-06-30": {
        "Diluted EPS": 0.04,
        "Total Revenue": 170,
        "Gross Profit": 68,
        "Operating Income": 2,
        "EBIT": 18,
        "Net Income": 2
    },
    "2012-03-31": {
        "Diluted EPS": 0.18,
        "Total Revenue": 178,
        "Gross Profit": 72,
        "Operating Income": 12,
        "EBIT": 26,
        "Net Income": 6
    },
    "2011-12-31": {
        "Diluted EPS": 0.11,
        "Total Revenue": 167,
        "Gross Profit": 68,
        "Operating Income": 7,
        "EBIT": 22,
        "Net Income": 4
    },
    "2011-09-30": {
        "Diluted EPS": 0.12,
        "Total Revenue": 193,
        "Gross Profit": 92,
        "Operating Income": 8,
        "EBIT": 21,
        "Net Income": 4
    },
    "2011-06-30": {
        "Diluted EPS": -0.09,
        "Total Revenue": 128,
        "Gross Profit": 50,
        "Operating Income": -6,
        "EBIT": 6,
        "Net Income": -3
    },
    "2011-03-31": {
        "Diluted EPS": 0.16,
        "Total Revenue": 130,
        "Gross Profit": 53,
        "Operating Income": 11,
        "EBIT": 22,
        "Net Income": 5
    },
    "2010-12-31": {
        "Diluted EPS": 0.23,
        "Total Revenue": 129,
        "Gross Profit": 53,
        "Operating Income": 14,
        "EBIT": 24,
        "Net Income": 7
    },
    "2010-09-30": {
        "Diluted EPS": 0.07,
        "Total Revenue": 135,
        "Gross Profit": 60,
        "Operating Income": 5,
        "EBIT": 15,
        "Net Income": 2
    },
    "2010-06-30": {
        "Diluted EPS": -0.05,
        "Total Revenue": 88,
        "Gross Profit": 32,
        "Operating Income": -2,
        "EBIT": 6,
        "Net Income": -1
    },
    "2010-03-31": {
        "Diluted EPS": 0.2,
        "Total Revenue": 97,
        "Gross Profit": 40,
        "Operating Income": 10,
        "EBIT": 16,
        "Net Income": 6
    },
    "2009-12-31": {
        "Diluted EPS": 0.32,
        "Total Revenue": 93,
        "Gross Profit": 42,
        "Operating Income": 14,
        "EBIT": 20,
        "Net Income": 10
    },
    "2009-09-30": {
        "Diluted EPS": 0.24,
        "Total Revenue": 106,
        "Gross Profit": 48,
        "Operating Income": 13,
        "EBIT": 19,
        "Net Income": 7
    },
    "2009-06-30": {
        "Diluted EPS": -0.02,
        "Total Revenue": 72,
        "Gross Profit": 28,
        "Operating Income": 0,
        "EBIT": 6,
        "Net Income": -1
    },
    "2009-03-31": {
        "Diluted EPS": 0.12,
        "Total Revenue": 77,
        "Gross Profit": 29,
        "Operating Income": 7,
        "EBIT": 13,
        "Net Income": 4
    }
}