{
    "2023-03-31": {
        "Tax Effect Of Unusual Items": NaN,
        "Tax Rate For Calcs": NaN,
        "Normalized EBITDA": NaN,
        "Total Unusual Items": NaN,
        "Total Unusual Items Excluding Goodwill": NaN,
        "Net Income From Continuing Operation Net Minority Interest": NaN,
        "Reconciled Depreciation": NaN,
        "Reconciled Cost Of Revenue": NaN,
        "EBITDA": NaN,
        "EBIT": NaN,
        "Net Interest Income": NaN,
        "Interest Expense": NaN,
        "Interest Income": NaN,
        "Normalized Income": NaN,
        "Net Income From Continuing And Discontinued Operation": NaN,
        "Total Expenses": NaN,
        "Total Operating Income As Reported": NaN,
        "Diluted Average Shares": NaN,
        "Basic Average Shares": NaN,
        "Diluted EPS": NaN,
        "Basic EPS": NaN,
        "Diluted NI Availto Com Stockholders": NaN,
        "Net Income Common Stockholders": NaN,
        "Otherunder Preferred Stock Dividend": -215000.0,
        "Net Income": NaN,
        "Net Income Including Noncontrolling Interests": NaN,
        "Net Income Continuous Operations": NaN,
        "Earnings From Equity Interest Net Of Tax": NaN,
        "Tax Provision": NaN,
        "Pretax Income": NaN,
        "Other Income Expense": -329000.0,
        "Special Income Charges": NaN,
        "Gain On Sale Of Business": NaN,
        "Restructuring And Mergern Acquisition": NaN,
        "Gain On Sale Of Security": -329000.0,
        "Net Non Operating Interest Income Expense": NaN,
        "Interest Expense Non Operating": NaN,
        "Interest Income Non Operating": NaN,
        "Operating Income": NaN,
        "Operating Expense": NaN,
        "Provision For Doubtful Accounts": NaN,
        "Depreciation Amortization Depletion Income Statement": NaN,
        "Depreciation And Amortization In Income Statement": NaN,
        "Selling General And Administration": NaN,
        "Gross Profit": NaN,
        "Cost Of Revenue": NaN,
        "Total Revenue": NaN,
        "Operating Revenue": NaN
    },
    "2022-12-31": {
        "Tax Effect Of Unusual Items": NaN,
        "Tax Rate For Calcs": NaN,
        "Normalized EBITDA": NaN,
        "Total Unusual Items": NaN,
        "Total Unusual Items Excluding Goodwill": NaN,
        "Net Income From Continuing Operation Net Minority Interest": NaN,
        "Reconciled Depreciation": NaN,
        "Reconciled Cost Of Revenue": NaN,
        "EBITDA": NaN,
        "EBIT": NaN,
        "Net Interest Income": NaN,
        "Interest Expense": NaN,
        "Interest Income": NaN,
        "Normalized Income": NaN,
        "Net Income From Continuing And Discontinued Operation": NaN,
        "Total Expenses": NaN,
        "Total Operating Income As Reported": NaN,
        "Diluted Average Shares": NaN,
        "Basic Average Shares": NaN,
        "Diluted EPS": NaN,
        "Basic EPS": NaN,
        "Diluted NI Availto Com Stockholders": NaN,
        "Net Income Common Stockholders": NaN,
        "Otherunder Preferred Stock Dividend": -272000.0,
        "Net Income": NaN,
        "Net Income Including Noncontrolling Interests": NaN,
        "Net Income Continuous Operations": NaN,
        "Earnings From Equity Interest Net Of Tax": NaN,
        "Tax Provision": NaN,
        "Pretax Income": NaN,
        "Other Income Expense": -112000.0,
        "Special Income Charges": NaN,
        "Gain On Sale Of Business": NaN,
        "Restructuring And Mergern Acquisition": 0.0,
        "Gain On Sale Of Security": -112000.0,
        "Net Non Operating Interest Income Expense": NaN,
        "Interest Expense Non Operating": NaN,
        "Interest Income Non Operating": NaN,
        "Operating Income": NaN,
        "Operating Expense": NaN,
        "Provision For Doubtful Accounts": NaN,
        "Depreciation Amortization Depletion Income Statement": NaN,
        "Depreciation And Amortization In Income Statement": NaN,
        "Selling General And Administration": NaN,
        "Gross Profit": NaN,
        "Cost Of Revenue": NaN,
        "Total Revenue": NaN,
        "Operating Revenue": NaN
    },
    "2022-09-30": {
        "Tax Effect Of Unusual Items": NaN,
        "Tax Rate For Calcs": NaN,
        "Normalized EBITDA": NaN,
        "Total Unusual Items": NaN,
        "Total Unusual Items Excluding Goodwill": NaN,
        "Net Income From Continuing Operation Net Minority Interest": NaN,
        "Reconciled Depreciation": NaN,
        "Reconciled Cost Of Revenue": NaN,
        "EBITDA": NaN,
        "EBIT": NaN,
        "Net Interest Income": NaN,
        "Interest Expense": NaN,
        "Interest Income": NaN,
        "Normalized Income": NaN,
        "Net Income From Continuing And Discontinued Operation": NaN,
        "Total Expenses": NaN,
        "Total Operating Income As Reported": NaN,
        "Diluted Average Shares": NaN,
        "Basic Average Shares": NaN,
        "Diluted EPS": NaN,
        "Basic EPS": NaN,
        "Diluted NI Availto Com Stockholders": NaN,
        "Net Income Common Stockholders": NaN,
        "Otherunder Preferred Stock Dividend": -419000.0,
        "Net Income": NaN,
        "Net Income Including Noncontrolling Interests": NaN,
        "Net Income Continuous Operations": NaN,
        "Earnings From Equity Interest Net Of Tax": NaN,
        "Tax Provision": NaN,
        "Pretax Income": NaN,
        "Other Income Expense": 248000.0,
        "Special Income Charges": NaN,
        "Gain On Sale Of Business": NaN,
        "Restructuring And Mergern Acquisition": 0.0,
        "Gain On Sale Of Security": NaN,
        "Net Non Operating Interest Income Expense": NaN,
        "Interest Expense Non Operating": NaN,
        "Interest Income Non Operating": NaN,
        "Operating Income": NaN,
        "Operating Expense": NaN,
        "Provision For Doubtful Accounts": NaN,
        "Depreciation Amortization Depletion Income Statement": NaN,
        "Depreciation And Amortization In Income Statement": NaN,
        "Selling General And Administration": NaN,
        "Gross Profit": NaN,
        "Cost Of Revenue": NaN,
        "Total Revenue": NaN,
        "Operating Revenue": NaN
    },
    "2022-06-30": {
        "Tax Effect Of Unusual Items": -139200.107009,
        "Tax Rate For Calcs": 0.032638,
        "Normalized EBITDA": 230000.0,
        "Total Unusual Items": -4265000.0,
        "Total Unusual Items Excluding Goodwill": -4265000.0,
        "Net Income From Continuing Operation Net Minority Interest": -15149000.0,
        "Reconciled Depreciation": 5491000.0,
        "Reconciled Cost Of Revenue": 100522000.0,
        "EBITDA": -4035000.0,
        "EBIT": -9526000.0,
        "Net Interest Income": -2931000.0,
        "Interest Expense": 3557000.0,
        "Interest Income": 626000.0,
        "Normalized Income": -11023200.107009,
        "Net Income From Continuing And Discontinued Operation": -15149000.0,
        "Total Expenses": 127676000.0,
        "Total Operating Income As Reported": -10122000.0,
        "Diluted Average Shares": 59427000.0,
        "Basic Average Shares": 59427000.0,
        "Diluted EPS": -0.25,
        "Basic EPS": -0.25,
        "Diluted NI Availto Com Stockholders": -15149000.0,
        "Net Income Common Stockholders": -15149000.0,
        "Otherunder Preferred Stock Dividend": NaN,
        "Net Income": -15149000.0,
        "Net Income Including Noncontrolling Interests": -15149000.0,
        "Net Income Continuous Operations": -15149000.0,
        "Earnings From Equity Interest Net Of Tax": -2493000.0,
        "Tax Provision": -427000.0,
        "Pretax Income": -13083000.0,
        "Other Income Expense": -4265000.0,
        "Special Income Charges": -4235000.0,
        "Gain On Sale Of Business": NaN,
        "Impairment Of Capital Assets": NaN,
        "Restructuring And Mergern Acquisition": 4235000.0,
        "Gain On Sale Of Security": -30000.0,
        "Net Non Operating Interest Income Expense": -2931000.0,
        "Interest Expense Non Operating": 3557000.0,
        "Interest Income Non Operating": 626000.0,
        "Operating Income": -5887000.0,
        "Operating Expense": 27154000.0,
        "Depreciation Amortization Depletion Income Statement": 5491000.0,
        "Depreciation And Amortization In Income Statement": 5491000.0,
        "Selling General And Administration": 21663000.0,
        "Gross Profit": 21267000.0,
        "Cost Of Revenue": 100522000.0,
        "Total Revenue": 121789000.0,
        "Operating Revenue": 121789000.0
    },
    "2022-03-31": {
        "Diluted EPS": -0.06,
        "Total Revenue": 35,
        "Gross Profit": 12,
        "Operating Income": -9,
        "EBIT": -9,
        "Net Income": -3
    },
    "2021-12-31": {
        "Diluted EPS": -0.22,
        "Total Revenue": 31,
        "Gross Profit": 11,
        "Operating Income": -9,
        "EBIT": -9,
        "Net Income": -12
    },
    "2021-09-30": {
        "Diluted EPS": -0.23,
        "Total Revenue": 35,
        "Gross Profit": 10,
        "Operating Income": -11,
        "EBIT": -10,
        "Net Income": -13
    },
    "2021-06-30": {
        "Diluted EPS": 0.03,
        "Total Revenue": 35,
        "Gross Profit": 12,
        "Operating Income": -14,
        "EBIT": -12,
        "Net Income": 2
    },
    "2021-03-31": {
        "Diluted EPS": -0.11,
        "Total Revenue": 29,
        "Gross Profit": 6,
        "Operating Income": -14,
        "EBIT": -13,
        "Net Income": -6
    },
    "2020-12-31": {
        "Diluted EPS": -0.08,
        "Total Revenue": 32,
        "Gross Profit": 8,
        "Operating Income": -15,
        "EBIT": -14,
        "Net Income": -5
    },
    "2020-09-30": {
        "Diluted EPS": -0.51,
        "Total Revenue": 35,
        "Gross Profit": 9,
        "Operating Income": -11,
        "EBIT": -10,
        "Net Income": -29
    },
    "2020-06-30": {
        "Diluted EPS": -0.69,
        "Total Revenue": 26,
        "Gross Profit": 4,
        "Operating Income": -13,
        "EBIT": -19,
        "Net Income": -39
    },
    "2020-03-31": {
        "Diluted EPS": -0.61,
        "Total Revenue": 35,
        "Gross Profit": 11,
        "Operating Income": -14,
        "EBIT": -5,
        "Net Income": -35
    },
    "2019-12-31": {
        "Diluted EPS": -0.0,
        "Total Revenue": 39,
        "Gross Profit": 12,
        "Operating Income": -10,
        "EBIT": -6,
        "Net Income": 0
    },
    "2019-09-30": {
        "Diluted EPS": -0.08,
        "Total Revenue": 48,
        "Gross Profit": 16,
        "Operating Income": -6,
        "EBIT": -2,
        "Net Income": -4
    },
    "2019-06-30": {
        "Diluted EPS": -3.27,
        "Total Revenue": 17,
        "Gross Profit": -9,
        "Operating Income": -52,
        "EBIT": -59,
        "Net Income": -183
    },
    "2019-03-31": {
        "Diluted EPS": -1.03,
        "Total Revenue": 37,
        "Gross Profit": 7,
        "Operating Income": -24,
        "EBIT": 0,
        "Net Income": -59
    },
    "2018-12-31": {
        "Diluted EPS": -1.12,
        "Total Revenue": 77,
        "Gross Profit": 36,
        "Operating Income": -49,
        "EBIT": -39,
        "Net Income": -64
    },
    "2018-09-30": {
        "Diluted EPS": -0.09,
        "Total Revenue": 126,
        "Gross Profit": 54,
        "Operating Income": 1,
        "EBIT": 12,
        "Net Income": -5
    },
    "2018-06-30": {
        "Diluted EPS": 0.01,
        "Total Revenue": -4,
        "Gross Profit": -21,
        "Operating Income": 5,
        "EBIT": 14,
        "Net Income": 1
    },
    "2018-03-31": {
        "Diluted EPS": 0.57,
        "Total Revenue": 163,
        "Gross Profit": 85,
        "Operating Income": 8,
        "EBIT": 17,
        "Net Income": 32
    },
    "2017-12-31": {
        "Diluted EPS": 0.17,
        "Total Revenue": 148,
        "Gross Profit": 74,
        "Operating Income": 16,
        "EBIT": 25,
        "Net Income": 10
    },
    "2017-09-30": {
        "Diluted EPS": 0.34,
        "Total Revenue": 153,
        "Gross Profit": 78,
        "Operating Income": 25,
        "EBIT": 34,
        "Net Income": 19
    },
    "2017-06-30": {
        "Diluted EPS": 0.18,
        "Total Revenue": 155,
        "Gross Profit": 82,
        "Operating Income": 15,
        "EBIT": 26,
        "Net Income": 11
    },
    "2017-03-31": {
        "Diluted EPS": 0.34,
        "Total Revenue": 148,
        "Gross Profit": 77,
        "Operating Income": 25,
        "EBIT": 35,
        "Net Income": 18
    },
    "2016-12-31": {
        "Diluted EPS": 0.35,
        "Total Revenue": 151,
        "Gross Profit": 78,
        "Operating Income": 26,
        "EBIT": 36,
        "Net Income": 19
    },
    "2016-09-30": {
        "Diluted EPS": 0.46,
        "Total Revenue": 156,
        "Gross Profit": 81,
        "Operating Income": 32,
        "EBIT": 42,
        "Net Income": 25
    },
    "2016-06-30": {
        "Diluted EPS": 0.47,
        "Total Revenue": 151,
        "Gross Profit": 80,
        "Operating Income": 32,
        "EBIT": 43,
        "Net Income": 24
    },
    "2016-03-31": {
        "Diluted EPS": 0.4,
        "Total Revenue": 135,
        "Gross Profit": 71,
        "Operating Income": 26,
        "EBIT": 36,
        "Net Income": 18
    },
    "2015-12-31": {
        "Diluted EPS": 0.35,
        "Total Revenue": 150,
        "Gross Profit": 72,
        "Operating Income": 25,
        "EBIT": 35,
        "Net Income": 17
    },
    "2015-09-30": {
        "Diluted EPS": 0.49,
        "Total Revenue": 154,
        "Gross Profit": 77,
        "Operating Income": 31,
        "EBIT": 41,
        "Net Income": 23
    },
    "2015-06-30": {
        "Diluted EPS": 0.51,
        "Total Revenue": 164,
        "Gross Profit": 84,
        "Operating Income": 33,
        "EBIT": 43,
        "Net Income": 24
    },
    "2015-03-31": {
        "Diluted EPS": 0.52,
        "Total Revenue": 151,
        "Gross Profit": 80,
        "Operating Income": 32,
        "EBIT": 42,
        "Net Income": 24
    },
    "2014-12-31": {
        "Diluted EPS": 0.48,
        "Total Revenue": 154,
        "Gross Profit": 82,
        "Operating Income": 31,
        "EBIT": 41,
        "Net Income": 22
    },
    "2014-09-30": {
        "Diluted EPS": 0.51,
        "Total Revenue": 156,
        "Gross Profit": 82,
        "Operating Income": 33,
        "EBIT": 43,
        "Net Income": 24
    },
    "2014-06-30": {
        "Diluted EPS": 0.6,
        "Total Revenue": 183,
        "Gross Profit": 110,
        "Operating Income": 43,
        "EBIT": 53,
        "Net Income": 29
    },
    "2014-03-31": {
        "Diluted EPS": 0.37,
        "Total Revenue": 138,
        "Gross Profit": 75,
        "Operating Income": 24,
        "EBIT": 34,
        "Net Income": 17
    },
    "2013-12-31": {
        "Diluted EPS": 0.28,
        "Total Revenue": 137,
        "Gross Profit": 69,
        "Operating Income": 19,
        "EBIT": 29,
        "Net Income": 13
    },
    "2013-09-30": {
        "Diluted EPS": 0.25,
        "Total Revenue": 123,
        "Gross Profit": 67,
        "Operating Income": 16,
        "EBIT": 26,
        "Net Income": 12
    },
    "2013-06-30": {
        "Diluted EPS": 0.17,
        "Total Revenue": 118,
        "Gross Profit": 65,
        "Operating Income": 14,
        "EBIT": 23,
        "Net Income": 8
    },
    "2013-03-31": {
        "Diluted EPS": -0.1,
        "Total Revenue": 111,
        "Gross Profit": 60,
        "Operating Income": -5,
        "EBIT": 6,
        "Net Income": -5
    },
    "2012-12-31": {
        "Diluted EPS": 0.06,
        "Total Revenue": 111,
        "Gross Profit": 64,
        "Operating Income": 5,
        "EBIT": 16,
        "Net Income": 3
    },
    "2012-09-30": {
        "Diluted EPS": 0.15,
        "Total Revenue": 112,
        "Gross Profit": 67,
        "Operating Income": 9,
        "EBIT": 19,
        "Net Income": 7
    },
    "2012-06-30": {
        "Diluted EPS": -0.18,
        "Total Revenue": 108,
        "Gross Profit": 66,
        "Operating Income": -2,
        "EBIT": 7,
        "Net Income": -8
    },
    "2012-03-31": {
        "Diluted EPS": 0.17,
        "Total Revenue": 91,
        "Gross Profit": 58,
        "Operating Income": 12,
        "EBIT": 22,
        "Net Income": 8
    },
    "2011-12-31": {
        "Diluted EPS": 0.56,
        "Total Revenue": 92,
        "Gross Profit": 58,
        "Operating Income": 20,
        "EBIT": 29,
        "Net Income": 25
    },
    "2011-09-30": {
        "Diluted EPS": 0.44,
        "Total Revenue": 100,
        "Gross Profit": 67,
        "Operating Income": 31,
        "EBIT": 40,
        "Net Income": 20
    },
    "2011-06-30": {
        "Diluted EPS": 0.15,
        "Total Revenue": 97,
        "Gross Profit": 64,
        "Operating Income": -15,
        "EBIT": -6,
        "Net Income": 7
    },
    "2011-03-31": {
        "Diluted EPS": -0.47,
        "Total Revenue": 93,
        "Gross Profit": 63,
        "Operating Income": 20,
        "EBIT": 73,
        "Net Income": -22
    },
    "2010-12-31": {
        "Diluted EPS": 0.22,
        "Total Revenue": 89,
        "Gross Profit": 60,
        "Operating Income": 22,
        "EBIT": 33,
        "Net Income": 10
    },
    "2010-09-30": {
        "Diluted EPS": 0.16,
        "Total Revenue": 64,
        "Gross Profit": 46,
        "Operating Income": 11,
        "EBIT": 16,
        "Net Income": 7
    },
    "2010-06-30": {
        "Diluted EPS": -0.36,
        "Total Revenue": 69,
        "Gross Profit": 51,
        "Operating Income": -13,
        "EBIT": 30,
        "Net Income": -17
    },
    "2010-03-31": {
        "Diluted EPS": 0.41,
        "Total Revenue": 72,
        "Gross Profit": 54,
        "Operating Income": 27,
        "EBIT": 32,
        "Net Income": 19
    },
    "2009-12-31": {
        "Diluted EPS": 0.42,
        "Total Revenue": 74,
        "Gross Profit": 53,
        "Operating Income": 29,
        "EBIT": 34,
        "Net Income": 19
    },
    "2009-09-30": {
        "Diluted EPS": 0.37,
        "Total Revenue": 66,
        "Gross Profit": 49,
        "Operating Income": 26,
        "EBIT": 31,
        "Net Income": 18
    },
    "2009-06-30": {
        "Diluted EPS": 0.33,
        "Total Revenue": 62,
        "Gross Profit": 43,
        "Operating Income": 20,
        "EBIT": 25,
        "Net Income": 18
    },
    "2009-03-31": {
        "Diluted EPS": 0.26,
        "Total Revenue": 56,
        "Gross Profit": 41,
        "Operating Income": 22,
        "EBIT": 26,
        "Net Income": 14
    },
    "2023-06-30": {
        "Tax Effect Of Unusual Items": NaN,
        "Tax Rate For Calcs": NaN,
        "Normalized EBITDA": NaN,
        "Total Unusual Items": NaN,
        "Total Unusual Items Excluding Goodwill": NaN,
        "Net Income From Continuing Operation Net Minority Interest": NaN,
        "Reconciled Depreciation": NaN,
        "Reconciled Cost Of Revenue": NaN,
        "EBITDA": NaN,
        "EBIT": NaN,
        "Net Interest Income": NaN,
        "Interest Expense": NaN,
        "Interest Income": NaN,
        "Normalized Income": NaN,
        "Net Income From Continuing And Discontinued Operation": NaN,
        "Total Expenses": NaN,
        "Total Operating Income As Reported": NaN,
        "Diluted Average Shares": 63805000.0,
        "Basic Average Shares": 63805000.0,
        "Diluted EPS": -0.19,
        "Basic EPS": -0.19,
        "Diluted NI Availto Com Stockholders": NaN,
        "Net Income Common Stockholders": NaN,
        "Otherunder Preferred Stock Dividend": NaN,
        "Net Income": NaN,
        "Net Income Including Noncontrolling Interests": NaN,
        "Net Income Continuous Operations": NaN,
        "Earnings From Equity Interest Net Of Tax": NaN,
        "Tax Provision": NaN,
        "Pretax Income": NaN,
        "Other Income Expense": -7051000.0,
        "Special Income Charges": NaN,
        "Gain On Sale Of Business": -12000.0,
        "Restructuring And Mergern Acquisition": 0.0,
        "Gain On Sale Of Security": -12000.0,
        "Net Non Operating Interest Income Expense": NaN,
        "Interest Expense Non Operating": NaN,
        "Interest Income Non Operating": NaN,
        "Operating Income": NaN,
        "Operating Expense": NaN,
        "Provision For Doubtful Accounts": NaN,
        "Depreciation Amortization Depletion Income Statement": NaN,
        "Depreciation And Amortization In Income Statement": NaN,
        "Selling General And Administration": NaN,
        "Gross Profit": NaN,
        "Cost Of Revenue": NaN,
        "Total Revenue": NaN,
        "Operating Revenue": NaN
    },
    "2023-09-30": {
        "Tax Effect Of Unusual Items": 0.0,
        "Tax Rate For Calcs": 0.27,
        "Normalized EBITDA": 6783000.0,
        "Total Unusual Items": 0.0,
        "Total Unusual Items Excluding Goodwill": 0.0,
        "Net Income From Continuing Operation Net Minority Interest": -5651000.0,
        "Reconciled Depreciation": 5856000.0,
        "Reconciled Cost Of Revenue": 107490000.0,
        "EBITDA": 6783000.0,
        "EBIT": 927000.0,
        "Net Interest Income": -4460000.0,
        "Interest Expense": 4909000.0,
        "Interest Income": 449000.0,
        "Normalized Income": -5651000.0,
        "Net Income From Continuing And Discontinued Operation": -5651000.0,
        "Total Expenses": 135611000.0,
        "Total Operating Income As Reported": 228000.0,
        "Diluted Average Shares": 60990000.0,
        "Basic Average Shares": 60990000.0,
        "Diluted EPS": -0.09,
        "Basic EPS": -0.09,
        "Diluted NI Availto Com Stockholders": -5402000.0,
        "Net Income Common Stockholders": -5402000.0,
        "Otherunder Preferred Stock Dividend": -249000.0,
        "Net Income": -5651000.0,
        "Net Income Including Noncontrolling Interests": -5651000.0,
        "Net Income Continuous Operations": -5651000.0,
        "Earnings From Equity Interest Net Of Tax": -1405000.0,
        "Tax Provision": 264000.0,
        "Pretax Income": -3982000.0,
        "Other Income Expense": NaN,
        "Special Income Charges": 0.0,
        "Gain On Sale Of Business": 0.0,
        "Restructuring And Mergern Acquisition": 0.0,
        "Gain On Sale Of Security": NaN,
        "Net Non Operating Interest Income Expense": -4460000.0,
        "Interest Expense Non Operating": 4909000.0,
        "Interest Income Non Operating": 449000.0,
        "Operating Income": 478000.0,
        "Operating Expense": 28121000.0,
        "Provision For Doubtful Accounts": -250000.0,
        "Depreciation Amortization Depletion Income Statement": 5856000.0,
        "Depreciation And Amortization In Income Statement": 5856000.0,
        "Selling General And Administration": 22515000.0,
        "Gross Profit": 28599000.0,
        "Cost Of Revenue": 107490000.0,
        "Total Revenue": 136089000.0,
        "Operating Revenue": 136089000.0
    },
    "2023-12-31": {
        "Tax Effect Of Unusual Items": 0.0,
        "Tax Rate For Calcs": 0.27,
        "Normalized EBITDA": 8571000.0,
        "Total Unusual Items": 0.0,
        "Total Unusual Items Excluding Goodwill": 0.0,
        "Net Income From Continuing Operation Net Minority Interest": -2707000.0,
        "Reconciled Depreciation": 5813000.0,
        "Reconciled Cost Of Revenue": 114266000.0,
        "EBITDA": 8571000.0,
        "EBIT": 2758000.0,
        "Net Interest Income": -4337000.0,
        "Interest Expense": 4822000.0,
        "Interest Income": 485000.0,
        "Normalized Income": -2707000.0,
        "Net Income From Continuing And Discontinued Operation": -2707000.0,
        "Total Expenses": 141620000.0,
        "Total Operating Income As Reported": 2273000.0,
        "Diluted Average Shares": 60990000.0,
        "Basic Average Shares": 60990000.0,
        "Diluted EPS": -0.04,
        "Basic EPS": -0.04,
        "Diluted NI Availto Com Stockholders": -2588000.0,
        "Net Income Common Stockholders": -2588000.0,
        "Otherunder Preferred Stock Dividend": -119000.0,
        "Net Income": -2707000.0,
        "Net Income Including Noncontrolling Interests": -2707000.0,
        "Net Income Continuous Operations": -2707000.0,
        "Earnings From Equity Interest Net Of Tax": 43000.0,
        "Tax Provision": 686000.0,
        "Pretax Income": -2064000.0,
        "Other Income Expense": NaN,
        "Special Income Charges": 0.0,
        "Gain On Sale Of Business": 0.0,
        "Restructuring And Mergern Acquisition": NaN,
        "Gain On Sale Of Security": NaN,
        "Net Non Operating Interest Income Expense": -4337000.0,
        "Interest Expense Non Operating": 4822000.0,
        "Interest Income Non Operating": 485000.0,
        "Operating Income": 2273000.0,
        "Operating Expense": 27354000.0,
        "Provision For Doubtful Accounts": 0.0,
        "Depreciation Amortization Depletion Income Statement": 5813000.0,
        "Depreciation And Amortization In Income Statement": 5813000.0,
        "Selling General And Administration": 21541000.0,
        "Gross Profit": 29627000.0,
        "Cost Of Revenue": 114266000.0,
        "Total Revenue": 143893000.0,
        "Operating Revenue": 143893000.0
    },
    "2024-03-31": {
        "Tax Effect Of Unusual Items": -170370.0,
        "Tax Rate For Calcs": 0.27,
        "Normalized EBITDA": 7844000.0,
        "Total Unusual Items": -631000.0,
        "Total Unusual Items Excluding Goodwill": -631000.0,
        "Net Income From Continuing Operation Net Minority Interest": -4047000.0,
        "Reconciled Depreciation": 5791000.0,
        "Reconciled Cost Of Revenue": 107854000.0,
        "EBITDA": 7213000.0,
        "EBIT": 1422000.0,
        "Net Interest Income": -3953000.0,
        "Interest Expense": 4581000.0,
        "Interest Income": 628000.0,
        "Normalized Income": -3586370.0,
        "Net Income From Continuing And Discontinued Operation": -4047000.0,
        "Total Expenses": 136769000.0,
        "Total Operating Income As Reported": 794000.0,
        "Diluted Average Shares": 60990000.0,
        "Basic Average Shares": 60990000.0,
        "Diluted EPS": -0.06,
        "Basic EPS": -0.06,
        "Diluted NI Availto Com Stockholders": -3868000.0,
        "Net Income Common Stockholders": -3868000.0,
        "Otherunder Preferred Stock Dividend": NaN,
        "Net Income": -4047000.0,
        "Net Income Including Noncontrolling Interests": -4047000.0,
        "Net Income Continuous Operations": -4047000.0,
        "Earnings From Equity Interest Net Of Tax": 43000.0,
        "Tax Provision": 931000.0,
        "Pretax Income": -3159000.0,
        "Other Income Expense": -631000.0,
        "Special Income Charges": -631000.0,
        "Gain On Sale Of Business": 0.0,
        "Restructuring And Mergern Acquisition": 631000.0,
        "Gain On Sale Of Security": NaN,
        "Net Non Operating Interest Income Expense": -3953000.0,
        "Interest Expense Non Operating": 4581000.0,
        "Interest Income Non Operating": 628000.0,
        "Operating Income": 1425000.0,
        "Operating Expense": 28915000.0,
        "Provision For Doubtful Accounts": 0.0,
        "Depreciation Amortization Depletion Income Statement": 5791000.0,
        "Depreciation And Amortization In Income Statement": 5791000.0,
        "Selling General And Administration": 23124000.0,
        "Gross Profit": 30340000.0,
        "Cost Of Revenue": 107854000.0,
        "Total Revenue": 138194000.0,
        "Operating Revenue": 138194000.0
    },
    "2024-06-30": {
        "Tax Effect Of Unusual Items": -439560.0,
        "Tax Rate For Calcs": 0.27,
        "Normalized EBITDA": 8860000.0,
        "Total Unusual Items": -1628000.0,
        "Total Unusual Items Excluding Goodwill": -1628000.0,
        "Net Income From Continuing Operation Net Minority Interest": -5035000.0,
        "Reconciled Depreciation": 6205000.0,
        "Reconciled Cost Of Revenue": 113063000.0,
        "EBITDA": 7232000.0,
        "EBIT": 1027000.0,
        "Net Interest Income": -3888000.0,
        "Interest Expense": 4620000.0,
        "Interest Income": 732000.0,
        "Normalized Income": -3846560.0,
        "Net Income From Continuing And Discontinued Operation": -5035000.0,
        "Total Expenses": 144123000.0,
        "Total Operating Income As Reported": 295000.0,
        "Diluted Average Shares": NaN,
        "Basic Average Shares": NaN,
        "Diluted EPS": NaN,
        "Basic EPS": NaN,
        "Diluted NI Availto Com Stockholders": -4835000.0,
        "Net Income Common Stockholders": -4835000.0,
        "Otherunder Preferred Stock Dividend": NaN,
        "Net Income": -5035000.0,
        "Net Income Including Noncontrolling Interests": -5035000.0,
        "Net Income Continuous Operations": -5035000.0,
        "Earnings From Equity Interest Net Of Tax": 40000.0,
        "Tax Provision": 1482000.0,
        "Pretax Income": -3593000.0,
        "Other Income Expense": -1628000.0,
        "Special Income Charges": -1628000.0,
        "Gain On Sale Of Business": 0.0,
        "Restructuring And Mergern Acquisition": 1628000.0,
        "Gain On Sale Of Security": NaN,
        "Net Non Operating Interest Income Expense": -3888000.0,
        "Interest Expense Non Operating": 4620000.0,
        "Interest Income Non Operating": 732000.0,
        "Operating Income": 1923000.0,
        "Operating Expense": 31060000.0,
        "Provision For Doubtful Accounts": 0.0,
        "Depreciation Amortization Depletion Income Statement": 6205000.0,
        "Depreciation And Amortization In Income Statement": 6205000.0,
        "Selling General And Administration": 24855000.0,
        "Gross Profit": 32983000.0,
        "Cost Of Revenue": 113063000.0,
        "Total Revenue": 146046000.0,
        "Operating Revenue": 146046000.0
    },
    "2024-09-30": {
        "Tax Effect Of Unusual Items": -459540.0,
        "Tax Rate For Calcs": 0.27,
        "Normalized EBITDA": 8519000.0,
        "Total Unusual Items": -1702000.0,
        "Total Unusual Items Excluding Goodwill": -1702000.0,
        "Net Income From Continuing Operation Net Minority Interest": -4542000.0,
        "Reconciled Depreciation": 6276000.0,
        "Reconciled Cost Of Revenue": 110887000.0,
        "EBITDA": 6817000.0,
        "EBIT": 541000.0,
        "Net Interest Income": -4446000.0,
        "Interest Expense": 5032000.0,
        "Interest Income": 586000.0,
        "Normalized Income": -3299540.0,
        "Net Income From Continuing And Discontinued Operation": -4542000.0,
        "Total Expenses": 143889000.0,
        "Total Operating Income As Reported": -45000.0,
        "Diluted Average Shares": 62265000.0,
        "Basic Average Shares": 62265000.0,
        "Diluted EPS": -0.07,
        "Basic EPS": -0.07,
        "Diluted NI Availto Com Stockholders": -4399000.0,
        "Net Income Common Stockholders": -4399000.0,
        "Otherunder Preferred Stock Dividend": -143000.0,
        "Net Income": -4542000.0,
        "Net Income Including Noncontrolling Interests": -4542000.0,
        "Net Income Continuous Operations": -4542000.0,
        "Earnings From Equity Interest Net Of Tax": 27000.0,
        "Tax Provision": 78000.0,
        "Pretax Income": -4491000.0,
        "Other Income Expense": -1702000.0,
        "Special Income Charges": -1702000.0,
        "Gain On Sale Of Business": NaN,
        "Restructuring And Mergern Acquisition": 1702000.0,
        "Gain On Sale Of Security": NaN,
        "Net Non Operating Interest Income Expense": -4446000.0,
        "Interest Expense Non Operating": 5032000.0,
        "Interest Income Non Operating": 586000.0,
        "Operating Income": 1657000.0,
        "Operating Expense": 33002000.0,
        "Provision For Doubtful Accounts": 0.0,
        "Depreciation Amortization Depletion Income Statement": 6276000.0,
        "Depreciation And Amortization In Income Statement": 6276000.0,
        "Selling General And Administration": 26726000.0,
        "Gross Profit": 34659000.0,
        "Cost Of Revenue": 110887000.0,
        "Total Revenue": 145546000.0,
        "Operating Revenue": 145546000.0
    }
}