{
    "2023-06-30": {
        "Tax Effect Of Unusual Items": 5146.054292,
        "Tax Rate For Calcs": 0.045947,
        "Normalized EBITDA": 62994000.0,
        "Total Unusual Items": 112000.0,
        "Total Unusual Items Excluding Goodwill": 112000.0,
        "Net Income From Continuing Operation Net Minority Interest": 50644000.0,
        "Reconciled Depreciation": 10148000.0,
        "Reconciled Cost Of Revenue": 48239000.0,
        "EBITDA": 63106000.0,
        "EBIT": 52958000.0,
        "Net Interest Income": 189000.0,
        "Interest Expense": NaN,
        "Normalized Income": 50537146.054292,
        "Net Income From Continuing And Discontinued Operation": 50644000.0,
        "Total Expenses": 137121000.0,
        "Total Operating Income As Reported": 53070000.0,
        "Diluted Average Shares": 139768000.0,
        "Basic Average Shares": 137735000.0,
        "Diluted EPS": 0.36,
        "Basic EPS": 0.37,
        "Diluted NI Availto Com Stockholders": 50644000.0,
        "Net Income Common Stockholders": 50644000.0,
        "Net Income": 50644000.0,
        "Net Income Including Noncontrolling Interests": 50644000.0,
        "Net Income Continuous Operations": 50644000.0,
        "Tax Provision": 2439000.0,
        "Pretax Income": 53083000.0,
        "Other Income Expense": -64000.0,
        "Other Non Operating Income Expenses": -176000.0,
        "Special Income Charges": 112000.0,
        "Restructuring And Mergern Acquisition": -112000.0,
        "Net Non Operating Interest Income Expense": 189000.0,
        "Total Other Finance Cost": -189000.0,
        "Interest Expense Non Operating": NaN,
        "Operating Income": 52958000.0,
        "Operating Expense": 79603000.0,
        "Depreciation Amortization Depletion Income Statement": 869000.0,
        "Depreciation And Amortization In Income Statement": 869000.0,
        "Amortization": 869000.0,
        "Amortization Of Intangibles Income Statement": 869000.0,
        "Research And Development": 41946000.0,
        "Selling General And Administration": 36788000.0,
        "Gross Profit": 132561000.0,
        "Cost Of Revenue": 57518000.0,
        "Total Revenue": 190079000.0,
        "Operating Revenue": 190079000.0
    },
    "2023-03-31": {
        "Tax Effect Of Unusual Items": NaN,
        "Tax Rate For Calcs": NaN,
        "Normalized EBITDA": NaN,
        "Total Unusual Items": NaN,
        "Total Unusual Items Excluding Goodwill": NaN,
        "Net Income From Continuing Operation Net Minority Interest": NaN,
        "Reconciled Depreciation": NaN,
        "Reconciled Cost Of Revenue": NaN,
        "EBITDA": NaN,
        "EBIT": NaN,
        "Net Interest Income": NaN,
        "Interest Expense": 555000.0,
        "Normalized Income": NaN,
        "Net Income From Continuing And Discontinued Operation": NaN,
        "Total Expenses": NaN,
        "Total Operating Income As Reported": NaN,
        "Diluted Average Shares": NaN,
        "Basic Average Shares": NaN,
        "Diluted EPS": NaN,
        "Basic EPS": NaN,
        "Diluted NI Availto Com Stockholders": NaN,
        "Net Income Common Stockholders": NaN,
        "Net Income": NaN,
        "Net Income Including Noncontrolling Interests": NaN,
        "Net Income Continuous Operations": NaN,
        "Tax Provision": NaN,
        "Pretax Income": NaN,
        "Other Income Expense": NaN,
        "Other Non Operating Income Expenses": NaN,
        "Special Income Charges": NaN,
        "Restructuring And Mergern Acquisition": NaN,
        "Net Non Operating Interest Income Expense": NaN,
        "Total Other Finance Cost": NaN,
        "Interest Expense Non Operating": 555000.0,
        "Operating Income": NaN,
        "Operating Expense": NaN,
        "Depreciation Amortization Depletion Income Statement": NaN,
        "Depreciation And Amortization In Income Statement": NaN,
        "Amortization": NaN,
        "Amortization Of Intangibles Income Statement": NaN,
        "Research And Development": NaN,
        "Selling General And Administration": NaN,
        "Gross Profit": NaN,
        "Cost Of Revenue": NaN,
        "Total Revenue": NaN,
        "Operating Revenue": NaN
    },
    "2022-12-31": {
        "Tax Effect Of Unusual Items": NaN,
        "Tax Rate For Calcs": NaN,
        "Normalized EBITDA": NaN,
        "Total Unusual Items": NaN,
        "Total Unusual Items Excluding Goodwill": NaN,
        "Net Income From Continuing Operation Net Minority Interest": NaN,
        "Reconciled Depreciation": NaN,
        "Reconciled Cost Of Revenue": NaN,
        "EBITDA": NaN,
        "EBIT": NaN,
        "Net Interest Income": NaN,
        "Interest Expense": 1280000.0,
        "Normalized Income": NaN,
        "Net Income From Continuing And Discontinued Operation": NaN,
        "Total Expenses": NaN,
        "Total Operating Income As Reported": NaN,
        "Diluted Average Shares": NaN,
        "Basic Average Shares": NaN,
        "Diluted EPS": NaN,
        "Basic EPS": NaN,
        "Diluted NI Availto Com Stockholders": NaN,
        "Net Income Common Stockholders": NaN,
        "Net Income": NaN,
        "Net Income Including Noncontrolling Interests": NaN,
        "Net Income Continuous Operations": NaN,
        "Tax Provision": NaN,
        "Pretax Income": NaN,
        "Other Income Expense": NaN,
        "Other Non Operating Income Expenses": NaN,
        "Special Income Charges": NaN,
        "Restructuring And Mergern Acquisition": NaN,
        "Net Non Operating Interest Income Expense": NaN,
        "Total Other Finance Cost": NaN,
        "Interest Expense Non Operating": 1280000.0,
        "Operating Income": NaN,
        "Operating Expense": NaN,
        "Depreciation Amortization Depletion Income Statement": NaN,
        "Depreciation And Amortization In Income Statement": NaN,
        "Amortization": NaN,
        "Amortization Of Intangibles Income Statement": NaN,
        "Research And Development": NaN,
        "Selling General And Administration": NaN,
        "Gross Profit": NaN,
        "Cost Of Revenue": NaN,
        "Total Revenue": NaN,
        "Operating Revenue": NaN
    },
    "2022-09-30": {
        "Tax Effect Of Unusual Items": NaN,
        "Tax Rate For Calcs": NaN,
        "Normalized EBITDA": NaN,
        "Total Unusual Items": NaN,
        "Total Unusual Items Excluding Goodwill": NaN,
        "Net Income From Continuing Operation Net Minority Interest": NaN,
        "Reconciled Depreciation": NaN,
        "Reconciled Cost Of Revenue": NaN,
        "EBITDA": NaN,
        "EBIT": NaN,
        "Net Interest Income": NaN,
        "Interest Expense": 1267000.0,
        "Normalized Income": NaN,
        "Net Income From Continuing And Discontinued Operation": NaN,
        "Total Expenses": NaN,
        "Total Operating Income As Reported": NaN,
        "Diluted Average Shares": NaN,
        "Basic Average Shares": NaN,
        "Diluted EPS": NaN,
        "Basic EPS": NaN,
        "Diluted NI Availto Com Stockholders": NaN,
        "Net Income Common Stockholders": NaN,
        "Net Income": NaN,
        "Net Income Including Noncontrolling Interests": NaN,
        "Net Income Continuous Operations": NaN,
        "Tax Provision": NaN,
        "Pretax Income": NaN,
        "Other Income Expense": NaN,
        "Other Non Operating Income Expenses": NaN,
        "Special Income Charges": NaN,
        "Restructuring And Mergern Acquisition": NaN,
        "Net Non Operating Interest Income Expense": NaN,
        "Total Other Finance Cost": NaN,
        "Interest Expense Non Operating": 1267000.0,
        "Operating Income": NaN,
        "Operating Expense": NaN,
        "Depreciation Amortization Depletion Income Statement": NaN,
        "Depreciation And Amortization In Income Statement": NaN,
        "Amortization": NaN,
        "Amortization Of Intangibles Income Statement": NaN,
        "Research And Development": NaN,
        "Selling General And Administration": NaN,
        "Gross Profit": NaN,
        "Cost Of Revenue": NaN,
        "Total Revenue": NaN,
        "Operating Revenue": NaN
    },
    "2022-06-30": {
        "Tax Effect Of Unusual Items": -4710.417944,
        "Tax Rate For Calcs": 0.024533,
        "Normalized EBITDA": 53828000.0,
        "Total Unusual Items": -192000.0,
        "Total Unusual Items Excluding Goodwill": -192000.0,
        "Net Income From Continuing Operation Net Minority Interest": 44532000.0,
        "Reconciled Depreciation": 7093000.0,
        "Reconciled Cost Of Revenue": 44664000.0,
        "EBITDA": 53636000.0,
        "EBIT": 46543000.0,
        "Net Interest Income": -891000.0,
        "Interest Expense": 891000.0,
        "Normalized Income": 44719289.582056,
        "Net Income From Continuing And Discontinued Operation": 44532000.0,
        "Total Expenses": 114394000.0,
        "Total Operating Income As Reported": 46786000.0,
        "Diluted Average Shares": 140170000.0,
        "Basic Average Shares": 137424000.0,
        "Diluted EPS": 0.32,
        "Basic EPS": 0.32,
        "Diluted NI Availto Com Stockholders": 44532000.0,
        "Net Income Common Stockholders": 44532000.0,
        "Net Income": 44532000.0,
        "Net Income Including Noncontrolling Interests": 44532000.0,
        "Net Income Continuous Operations": 44532000.0,
        "Tax Provision": 1120000.0,
        "Pretax Income": 45652000.0,
        "Other Income Expense": -435000.0,
        "Other Non Operating Income Expenses": -243000.0,
        "Special Income Charges": -192000.0,
        "Restructuring And Mergern Acquisition": 192000.0,
        "Net Non Operating Interest Income Expense": -891000.0,
        "Total Other Finance Cost": NaN,
        "Interest Expense Non Operating": 891000.0,
        "Operating Income": 46978000.0,
        "Operating Expense": 63507000.0,
        "Depreciation Amortization Depletion Income Statement": 870000.0,
        "Depreciation And Amortization In Income Statement": 870000.0,
        "Amortization": 870000.0,
        "Amortization Of Intangibles Income Statement": 870000.0,
        "Research And Development": 33613000.0,
        "Selling General And Administration": 29024000.0,
        "Gross Profit": 110485000.0,
        "Cost Of Revenue": 50887000.0,
        "Total Revenue": 161372000.0,
        "Operating Revenue": 161372000.0
    },
    "2022-03-31": {
        "Diluted EPS": 0.26,
        "Total Revenue": 151,
        "Gross Profit": 101,
        "Operating Income": 38,
        "EBIT": 47,
        "Net Income": 36
    },
    "2021-12-31": {
        "Diluted EPS": 0.2,
        "Total Revenue": 142,
        "Gross Profit": 91,
        "Operating Income": 30,
        "EBIT": 38,
        "Net Income": 29
    },
    "2021-09-30": {
        "Diluted EPS": 0.19,
        "Total Revenue": 132,
        "Gross Profit": 83,
        "Operating Income": 27,
        "EBIT": 35,
        "Net Income": 27
    },
    "2021-06-30": {
        "Diluted EPS": 0.15,
        "Total Revenue": 126,
        "Gross Profit": 77,
        "Operating Income": 23,
        "EBIT": 31,
        "Net Income": 22
    },
    "2021-03-31": {
        "Diluted EPS": 0.13,
        "Total Revenue": 116,
        "Gross Profit": 71,
        "Operating Income": 21,
        "EBIT": 28,
        "Net Income": 19
    },
    "2020-12-31": {
        "Diluted EPS": 0.11,
        "Total Revenue": 107,
        "Gross Profit": 65,
        "Operating Income": 17,
        "EBIT": 24,
        "Net Income": 16
    },
    "2020-09-30": {
        "Diluted EPS": 0.09,
        "Total Revenue": 103,
        "Gross Profit": 62,
        "Operating Income": 13,
        "EBIT": 20,
        "Net Income": 13
    },
    "2020-06-30": {
        "Diluted EPS": 0.08,
        "Total Revenue": 101,
        "Gross Profit": 61,
        "Operating Income": 12,
        "EBIT": 20,
        "Net Income": 11
    },
    "2020-03-31": {
        "Diluted EPS": 0.06,
        "Total Revenue": 97,
        "Gross Profit": 58,
        "Operating Income": 10,
        "EBIT": 19,
        "Net Income": 8
    },
    "2019-12-31": {
        "Diluted EPS": 0.11,
        "Total Revenue": 100,
        "Gross Profit": 59,
        "Operating Income": 15,
        "EBIT": 30,
        "Net Income": 14
    },
    "2019-09-30": {
        "Diluted EPS": 0.1,
        "Total Revenue": 103,
        "Gross Profit": 61,
        "Operating Income": 17,
        "EBIT": 25,
        "Net Income": 14
    },
    "2019-06-30": {
        "Diluted EPS": 0.06,
        "Total Revenue": 102,
        "Gross Profit": 60,
        "Operating Income": 14,
        "EBIT": 21,
        "Net Income": 9
    },
    "2019-03-31": {
        "Diluted EPS": 0.05,
        "Total Revenue": 98,
        "Gross Profit": 58,
        "Operating Income": 12,
        "EBIT": 23,
        "Net Income": 7
    },
    "2018-12-31": {
        "Diluted EPS": -0.05,
        "Total Revenue": 96,
        "Gross Profit": 54,
        "Operating Income": -2,
        "EBIT": 7,
        "Net Income": -7
    },
    "2018-09-30": {
        "Diluted EPS": 0.05,
        "Total Revenue": 101,
        "Gross Profit": 58,
        "Operating Income": 13,
        "EBIT": 22,
        "Net Income": 7
    },
    "2018-06-30": {
        "Diluted EPS": -0.16,
        "Total Revenue": 103,
        "Gross Profit": 50,
        "Operating Income": -14,
        "EBIT": -3,
        "Net Income": -20
    },
    "2018-03-31": {
        "Diluted EPS": -0.05,
        "Total Revenue": 99,
        "Gross Profit": 57,
        "Operating Income": -1,
        "EBIT": 12,
        "Net Income": -6
    },
    "2017-12-31": {
        "Diluted EPS": -0.06,
        "Total Revenue": 95,
        "Gross Profit": 51,
        "Operating Income": -1,
        "EBIT": 12,
        "Net Income": -7
    },
    "2017-09-30": {
        "Diluted EPS": -0.35,
        "Total Revenue": 92,
        "Gross Profit": 53,
        "Operating Income": -37,
        "EBIT": -22,
        "Net Income": -43
    },
    "2017-06-30": {
        "Diluted EPS": -0.11,
        "Total Revenue": 94,
        "Gross Profit": 51,
        "Operating Income": -9,
        "EBIT": 7,
        "Net Income": -13
    },
    "2017-03-31": {
        "Diluted EPS": -0.06,
        "Total Revenue": 105,
        "Gross Profit": 61,
        "Operating Income": -1,
        "EBIT": 16,
        "Net Income": -7
    },
    "2016-12-31": {
        "Diluted EPS": -0.06,
        "Total Revenue": 118,
        "Gross Profit": 63,
        "Operating Income": -1,
        "EBIT": 13,
        "Net Income": -8
    },
    "2016-09-30": {
        "Diluted EPS": -0.1,
        "Total Revenue": 113,
        "Gross Profit": 67,
        "Operating Income": -6,
        "EBIT": 10,
        "Net Income": -12
    },
    "2016-06-30": {
        "Diluted EPS": -0.12,
        "Total Revenue": 99,
        "Gross Profit": 58,
        "Operating Income": -6,
        "EBIT": 9,
        "Net Income": -14
    },
    "2016-03-31": {
        "Diluted EPS": -0.17,
        "Total Revenue": 97,
        "Gross Profit": 57,
        "Operating Income": -13,
        "EBIT": 4,
        "Net Income": -20
    },
    "2015-12-31": {
        "Diluted EPS": -0.39,
        "Total Revenue": 101,
        "Gross Profit": 54,
        "Operating Income": -36,
        "EBIT": -18,
        "Net Income": -45
    },
    "2015-09-30": {
        "Diluted EPS": -0.21,
        "Total Revenue": 110,
        "Gross Profit": 60,
        "Operating Income": -18,
        "EBIT": 1,
        "Net Income": -25
    },
    "2015-06-30": {
        "Diluted EPS": -0.3,
        "Total Revenue": 106,
        "Gross Profit": 58,
        "Operating Income": -26,
        "EBIT": -8,
        "Net Income": -36
    },
    "2015-03-31": {
        "Diluted EPS": -0.46,
        "Total Revenue": 89,
        "Gross Profit": 48,
        "Operating Income": -27,
        "EBIT": -19,
        "Net Income": -53
    },
    "2014-12-31": {
        "Diluted EPS": 0.12,
        "Total Revenue": 84,
        "Gross Profit": 46,
        "Operating Income": 5,
        "EBIT": 10,
        "Net Income": 15
    },
    "2014-09-30": {
        "Diluted EPS": 0.08,
        "Total Revenue": 87,
        "Gross Profit": 51,
        "Operating Income": 10,
        "EBIT": 16,
        "Net Income": 9
    },
    "2014-06-30": {
        "Diluted EPS": 0.1,
        "Total Revenue": 99,
        "Gross Profit": 55,
        "Operating Income": 13,
        "EBIT": 19,
        "Net Income": 12
    },
    "2014-03-31": {
        "Diluted EPS": 0.1,
        "Total Revenue": 97,
        "Gross Profit": 54,
        "Operating Income": 13,
        "EBIT": 19,
        "Net Income": 12
    },
    "2013-12-31": {
        "Diluted EPS": 0.05,
        "Total Revenue": 90,
        "Gross Profit": 49,
        "Operating Income": 8,
        "EBIT": 14,
        "Net Income": 7
    },
    "2013-09-30": {
        "Diluted EPS": 0.08,
        "Total Revenue": 87,
        "Gross Profit": 46,
        "Operating Income": 9,
        "EBIT": 14,
        "Net Income": 9
    },
    "2013-06-30": {
        "Diluted EPS": 0.04,
        "Total Revenue": 85,
        "Gross Profit": 45,
        "Operating Income": 7,
        "EBIT": 12,
        "Net Income": 5
    },
    "2013-03-31": {
        "Diluted EPS": 0.02,
        "Total Revenue": 71,
        "Gross Profit": 38,
        "Operating Income": 3,
        "EBIT": 8,
        "Net Income": 2
    },
    "2012-12-31": {
        "Diluted EPS": -0.05,
        "Total Revenue": 66,
        "Gross Profit": 36,
        "Operating Income": -6,
        "EBIT": 0,
        "Net Income": -7
    },
    "2012-09-30": {
        "Diluted EPS": -0.02,
        "Total Revenue": 71,
        "Gross Profit": 39,
        "Operating Income": 0,
        "EBIT": 6,
        "Net Income": -2
    },
    "2012-06-30": {
        "Diluted EPS": -0.11,
        "Total Revenue": 71,
        "Gross Profit": 37,
        "Operating Income": -3,
        "EBIT": 2,
        "Net Income": -13
    },
    "2012-03-31": {
        "Diluted EPS": -0.07,
        "Total Revenue": 72,
        "Gross Profit": 39,
        "Operating Income": 0,
        "EBIT": 5,
        "Net Income": -8
    },
    "2011-12-31": {
        "Diluted EPS": 0.34,
        "Total Revenue": 70,
        "Gross Profit": 40,
        "Operating Income": 6,
        "EBIT": 10,
        "Net Income": 41
    },
    "2011-09-30": {
        "Diluted EPS": 0.11,
        "Total Revenue": 82,
        "Gross Profit": 48,
        "Operating Income": 12,
        "EBIT": 16,
        "Net Income": 13
    },
    "2011-06-30": {
        "Diluted EPS": 0.11,
        "Total Revenue": 84,
        "Gross Profit": 51,
        "Operating Income": 13,
        "EBIT": 17,
        "Net Income": 13
    },
    "2011-03-31": {
        "Diluted EPS": 0.09,
        "Total Revenue": 83,
        "Gross Profit": 50,
        "Operating Income": 10,
        "EBIT": 15,
        "Net Income": 11
    },
    "2010-12-31": {
        "Diluted EPS": 0.11,
        "Total Revenue": 73,
        "Gross Profit": 46,
        "Operating Income": 13,
        "EBIT": 17,
        "Net Income": 14
    },
    "2010-09-30": {
        "Diluted EPS": 0.13,
        "Total Revenue": 77,
        "Gross Profit": 46,
        "Operating Income": 15,
        "EBIT": 19,
        "Net Income": 15
    },
    "2010-06-30": {
        "Diluted EPS": 0.14,
        "Total Revenue": 77,
        "Gross Profit": 47,
        "Operating Income": 16,
        "EBIT": 19,
        "Net Income": 17
    },
    "2010-03-31": {
        "Diluted EPS": 0.1,
        "Total Revenue": 70,
        "Gross Profit": 41,
        "Operating Income": 11,
        "EBIT": 14,
        "Net Income": 11
    },
    "2009-12-31": {
        "Diluted EPS": 0.05,
        "Total Revenue": 55,
        "Gross Profit": 30,
        "Operating Income": 3,
        "EBIT": 7,
        "Net Income": 6
    },
    "2009-09-30": {
        "Diluted EPS": -0.04,
        "Total Revenue": 49,
        "Gross Profit": 27,
        "Operating Income": -3,
        "EBIT": 0,
        "Net Income": -4
    },
    "2009-06-30": {
        "Diluted EPS": -0.02,
        "Total Revenue": 47,
        "Gross Profit": 25,
        "Operating Income": -3,
        "EBIT": 1,
        "Net Income": -3
    },
    "2009-03-31": {
        "Diluted EPS": -0.05,
        "Total Revenue": 43,
        "Gross Profit": 23,
        "Operating Income": -5,
        "EBIT": -1,
        "Net Income": -6
    },
    "2023-09-30": {
        "Tax Effect Of Unusual Items": -106804.405286,
        "Tax Rate For Calcs": 0.070778,
        "Normalized EBITDA": 70341000.0,
        "Total Unusual Items": -1509000.0,
        "Total Unusual Items Excluding Goodwill": -1509000.0,
        "Net Income From Continuing Operation Net Minority Interest": 53788000.0,
        "Reconciled Depreciation": 10406000.0,
        "Reconciled Cost Of Revenue": 48072000.0,
        "EBITDA": 68832000.0,
        "EBIT": 58426000.0,
        "Net Interest Income": 954000.0,
        "Interest Expense": NaN,
        "Normalized Income": 55190195.594714,
        "Net Income From Continuing And Discontinued Operation": 53788000.0,
        "Total Expenses": 133743000.0,
        "Total Operating Income As Reported": 56917000.0,
        "Diluted Average Shares": 139828000.0,
        "Basic Average Shares": 137948000.0,
        "Diluted EPS": 0.38,
        "Basic EPS": 0.39,
        "Diluted NI Availto Com Stockholders": 53788000.0,
        "Net Income Common Stockholders": 53788000.0,
        "Net Income": 53788000.0,
        "Net Income Including Noncontrolling Interests": 53788000.0,
        "Net Income Continuous Operations": 53788000.0,
        "Tax Provision": 4097000.0,
        "Pretax Income": 57885000.0,
        "Other Income Expense": -1495000.0,
        "Other Non Operating Income Expenses": 14000.0,
        "Special Income Charges": -1509000.0,
        "Restructuring And Mergern Acquisition": 1509000.0,
        "Net Non Operating Interest Income Expense": 954000.0,
        "Total Other Finance Cost": -954000.0,
        "Interest Expense Non Operating": NaN,
        "Operating Income": 58426000.0,
        "Operating Expense": 76135000.0,
        "Depreciation Amortization Depletion Income Statement": 870000.0,
        "Depreciation And Amortization In Income Statement": 870000.0,
        "Amortization": 870000.0,
        "Amortization Of Intangibles Income Statement": 870000.0,
        "Research And Development": 42048000.0,
        "Selling General And Administration": 33217000.0,
        "Gross Profit": 134561000.0,
        "Cost Of Revenue": 57608000.0,
        "Total Revenue": 192169000.0,
        "Operating Revenue": 192169000.0
    },
    "2023-12-31": {
        "Tax Effect Of Unusual Items": -101010.0,
        "Tax Rate For Calcs": 0.21,
        "Normalized EBITDA": 55006000.0,
        "Total Unusual Items": -481000.0,
        "Total Unusual Items Excluding Goodwill": -481000.0,
        "Net Income From Continuing Operation Net Minority Interest": 98706000.0,
        "Reconciled Depreciation": 10895000.0,
        "Reconciled Cost Of Revenue": 41623000.0,
        "EBITDA": 54525000.0,
        "EBIT": 43630000.0,
        "Net Interest Income": 1453000.0,
        "Interest Expense": NaN,
        "Normalized Income": 99085990.0,
        "Net Income From Continuing And Discontinued Operation": 98706000.0,
        "Total Expenses": 126966000.0,
        "Total Operating Income As Reported": 43149000.0,
        "Diluted Average Shares": 139114000.0,
        "Basic Average Shares": 137686000.0,
        "Diluted EPS": 0.71,
        "Basic EPS": 0.72,
        "Diluted NI Availto Com Stockholders": 98706000.0,
        "Net Income Common Stockholders": 98706000.0,
        "Net Income": 98706000.0,
        "Net Income Including Noncontrolling Interests": 98706000.0,
        "Net Income Continuous Operations": 98706000.0,
        "Tax Provision": -53302000.0,
        "Pretax Income": 45404000.0,
        "Other Income Expense": 321000.0,
        "Other Non Operating Income Expenses": 802000.0,
        "Special Income Charges": -481000.0,
        "Restructuring And Mergern Acquisition": 481000.0,
        "Net Non Operating Interest Income Expense": 1453000.0,
        "Total Other Finance Cost": -1453000.0,
        "Interest Expense Non Operating": NaN,
        "Operating Income": 43630000.0,
        "Operating Expense": 75317000.0,
        "Depreciation Amortization Depletion Income Statement": 869000.0,
        "Depreciation And Amortization In Income Statement": 869000.0,
        "Amortization": 869000.0,
        "Amortization Of Intangibles Income Statement": 869000.0,
        "Research And Development": 39787000.0,
        "Selling General And Administration": 34661000.0,
        "Gross Profit": 118947000.0,
        "Cost Of Revenue": 51649000.0,
        "Total Revenue": 170596000.0,
        "Operating Revenue": 170596000.0
    },
    "2024-03-31": {
        "Tax Effect Of Unusual Items": -290353.574432,
        "Tax Rate For Calcs": 0.170395,
        "Normalized EBITDA": 30976000.0,
        "Total Unusual Items": -1704000.0,
        "Total Unusual Items Excluding Goodwill": -1704000.0,
        "Net Income From Continuing Operation Net Minority Interest": 14796000.0,
        "Reconciled Depreciation": 10994000.0,
        "Reconciled Cost Of Revenue": 34483000.0,
        "EBITDA": 29272000.0,
        "EBIT": 18278000.0,
        "Net Interest Income": 1307000.0,
        "Interest Expense": NaN,
        "Normalized Income": 16209646.425568,
        "Net Income From Continuing And Discontinued Operation": 14796000.0,
        "Total Expenses": 122537000.0,
        "Total Operating Income As Reported": 16574000.0,
        "Diluted Average Shares": 138774000.0,
        "Basic Average Shares": 137475000.0,
        "Diluted EPS": 0.11,
        "Basic EPS": 0.11,
        "Diluted NI Availto Com Stockholders": 14796000.0,
        "Net Income Common Stockholders": 14796000.0,
        "Net Income": 14796000.0,
        "Net Income Including Noncontrolling Interests": 14796000.0,
        "Net Income Continuous Operations": 14796000.0,
        "Tax Provision": 3039000.0,
        "Pretax Income": 17835000.0,
        "Other Income Expense": -1750000.0,
        "Other Non Operating Income Expenses": -46000.0,
        "Special Income Charges": -1704000.0,
        "Restructuring And Mergern Acquisition": 1704000.0,
        "Net Non Operating Interest Income Expense": 1307000.0,
        "Total Other Finance Cost": -1307000.0,
        "Interest Expense Non Operating": NaN,
        "Operating Income": 18278000.0,
        "Operating Expense": 77930000.0,
        "Depreciation Amortization Depletion Income Statement": 870000.0,
        "Depreciation And Amortization In Income Statement": 870000.0,
        "Amortization": 870000.0,
        "Amortization Of Intangibles Income Statement": 870000.0,
        "Research And Development": 40591000.0,
        "Selling General And Administration": 36469000.0,
        "Gross Profit": 96208000.0,
        "Cost Of Revenue": 44607000.0,
        "Total Revenue": 140815000.0,
        "Operating Revenue": 140815000.0
    },
    "2024-06-30": {
        "Tax Effect Of Unusual Items": -121718.550017,
        "Tax Rate For Calcs": 0.047196,
        "Normalized EBITDA": 38926000.0,
        "Total Unusual Items": -2579000.0,
        "Total Unusual Items Excluding Goodwill": -2579000.0,
        "Net Income From Continuing Operation Net Minority Interest": 22631000.0,
        "Reconciled Depreciation": 11203000.0,
        "Reconciled Cost Of Revenue": 28991000.0,
        "EBITDA": 36347000.0,
        "EBIT": 25144000.0,
        "Net Interest Income": 933000.0,
        "Interest Expense": NaN,
        "Normalized Income": 25088281.449983,
        "Net Income From Continuing And Discontinued Operation": 22631000.0,
        "Total Expenses": 98932000.0,
        "Total Operating Income As Reported": 22565000.0,
        "Diluted Average Shares": 138243000.0,
        "Basic Average Shares": 137548000.0,
        "Diluted EPS": 0.16,
        "Basic EPS": 0.16,
        "Diluted NI Availto Com Stockholders": 22631000.0,
        "Net Income Common Stockholders": 22631000.0,
        "Net Income": 22631000.0,
        "Net Income Including Noncontrolling Interests": 22631000.0,
        "Net Income Continuous Operations": 22631000.0,
        "Tax Provision": 1121000.0,
        "Pretax Income": 23752000.0,
        "Other Income Expense": -2325000.0,
        "Other Non Operating Income Expenses": 254000.0,
        "Special Income Charges": -2579000.0,
        "Restructuring And Mergern Acquisition": 2579000.0,
        "Net Non Operating Interest Income Expense": 933000.0,
        "Total Other Finance Cost": -933000.0,
        "Interest Expense Non Operating": NaN,
        "Operating Income": 25144000.0,
        "Operating Expense": 59607000.0,
        "Depreciation Amortization Depletion Income Statement": 869000.0,
        "Depreciation And Amortization In Income Statement": 869000.0,
        "Amortization": 869000.0,
        "Amortization Of Intangibles Income Statement": 869000.0,
        "Research And Development": 38733000.0,
        "Selling General And Administration": 20005000.0,
        "Gross Profit": 84751000.0,
        "Cost Of Revenue": 39325000.0,
        "Total Revenue": 124076000.0,
        "Operating Revenue": 124076000.0
    },
    "2024-09-30": {
        "Tax Effect Of Unusual Items": -860065.254444,
        "Tax Rate For Calcs": 0.124665,
        "Normalized EBITDA": 33223000.0,
        "Total Unusual Items": -6899000.0,
        "Total Unusual Items Excluding Goodwill": -6899000.0,
        "Net Income From Continuing Operation Net Minority Interest": 7190000.0,
        "Reconciled Depreciation": 11898000.0,
        "Reconciled Cost Of Revenue": 28375000.0,
        "EBITDA": 26324000.0,
        "EBIT": 14426000.0,
        "Net Interest Income": 936000.0,
        "Interest Expense": NaN,
        "Normalized Income": 13228934.745556,
        "Net Income From Continuing And Discontinued Operation": 7190000.0,
        "Total Expenses": 112665000.0,
        "Total Operating Income As Reported": 7527000.0,
        "Diluted Average Shares": 137894000.0,
        "Basic Average Shares": 137709000.0,
        "Diluted EPS": 0.05,
        "Basic EPS": 0.05,
        "Diluted NI Availto Com Stockholders": 7190000.0,
        "Net Income Common Stockholders": 7190000.0,
        "Net Income": 7190000.0,
        "Net Income Including Noncontrolling Interests": 7190000.0,
        "Net Income Continuous Operations": 7190000.0,
        "Tax Provision": 1024000.0,
        "Pretax Income": 8214000.0,
        "Other Income Expense": -7148000.0,
        "Other Non Operating Income Expenses": -249000.0,
        "Special Income Charges": -6899000.0,
        "Restructuring And Mergern Acquisition": 6899000.0,
        "Net Non Operating Interest Income Expense": 936000.0,
        "Total Other Finance Cost": -936000.0,
        "Interest Expense Non Operating": NaN,
        "Operating Income": 14426000.0,
        "Operating Expense": 73262000.0,
        "Depreciation Amortization Depletion Income Statement": 870000.0,
        "Depreciation And Amortization In Income Statement": 870000.0,
        "Amortization": 870000.0,
        "Amortization Of Intangibles Income Statement": 870000.0,
        "Research And Development": 41398000.0,
        "Selling General And Administration": 30994000.0,
        "Gross Profit": 87688000.0,
        "Cost Of Revenue": 39403000.0,
        "Total Revenue": 127091000.0,
        "Operating Revenue": 127091000.0
    }
}