{
    "2023-03-31": {
        "Tax Effect Of Unusual Items": 0.0,
        "Tax Rate For Calcs": 0.282,
        "Normalized EBITDA": 6203000.0,
        "Total Unusual Items": NaN,
        "Total Unusual Items Excluding Goodwill": NaN,
        "Net Income From Continuing Operation Net Minority Interest": 3218000.0,
        "Reconciled Depreciation": 1418000.0,
        "Reconciled Cost Of Revenue": 197767000.0,
        "EBITDA": 6203000.0,
        "EBIT": 4785000.0,
        "Normalized Income": 3218000.0,
        "Net Income From Continuing And Discontinued Operation": 3218000.0,
        "Total Expenses": 236955000.0,
        "Total Operating Income As Reported": 4785000.0,
        "Diluted Average Shares": 40116873.0,
        "Basic Average Shares": 39997699.0,
        "Diluted EPS": 0.08,
        "Basic EPS": 0.08,
        "Diluted NI Availto Com Stockholders": 3218000.0,
        "Net Income Common Stockholders": 3218000.0,
        "Otherunder Preferred Stock Dividend": 0.0,
        "Net Income": 3218000.0,
        "Minority Interests": -905000.0,
        "Net Income Including Noncontrolling Interests": 4123000.0,
        "Net Income Continuous Operations": 4123000.0,
        "Tax Provision": 1617000.0,
        "Pretax Income": 5740000.0,
        "Other Income Expense": 955000.0,
        "Other Non Operating Income Expenses": 955000.0,
        "Earnings From Equity Interest": NaN,
        "Gain On Sale Of Security": NaN,
        "Operating Income": 4785000.0,
        "Operating Expense": 39188000.0,
        "Selling General And Administration": 39188000.0,
        "Selling And Marketing Expense": 16408000.0,
        "General And Administrative Expense": 22780000.0,
        "Other Gand A": 22780000.0,
        "Gross Profit": 43973000.0,
        "Cost Of Revenue": 197767000.0,
        "Total Revenue": 241740000.0,
        "Operating Revenue": 241740000.0
    },
    "2022-12-31": {
        "Tax Effect Of Unusual Items": NaN,
        "Tax Rate For Calcs": NaN,
        "Normalized EBITDA": NaN,
        "Total Unusual Items": 0.0,
        "Total Unusual Items Excluding Goodwill": 0.0,
        "Net Income From Continuing Operation Net Minority Interest": NaN,
        "Reconciled Depreciation": NaN,
        "Reconciled Cost Of Revenue": NaN,
        "EBITDA": NaN,
        "EBIT": NaN,
        "Normalized Income": NaN,
        "Net Income From Continuing And Discontinued Operation": NaN,
        "Total Expenses": NaN,
        "Total Operating Income As Reported": NaN,
        "Diluted Average Shares": 40065480.0,
        "Basic Average Shares": 39929310.0,
        "Diluted EPS": 0.62,
        "Basic EPS": 0.63,
        "Diluted NI Availto Com Stockholders": NaN,
        "Net Income Common Stockholders": NaN,
        "Otherunder Preferred Stock Dividend": NaN,
        "Net Income": NaN,
        "Minority Interests": NaN,
        "Net Income Including Noncontrolling Interests": NaN,
        "Net Income Continuous Operations": NaN,
        "Tax Provision": NaN,
        "Pretax Income": NaN,
        "Other Income Expense": NaN,
        "Other Non Operating Income Expenses": NaN,
        "Earnings From Equity Interest": 10000.0,
        "Gain On Sale Of Security": 0.0,
        "Operating Income": NaN,
        "Operating Expense": NaN,
        "Selling General And Administration": NaN,
        "Selling And Marketing Expense": NaN,
        "General And Administrative Expense": NaN,
        "Other Gand A": NaN,
        "Gross Profit": NaN,
        "Cost Of Revenue": NaN,
        "Total Revenue": NaN,
        "Operating Revenue": NaN
    },
    "2022-09-30": {
        "Tax Effect Of Unusual Items": NaN,
        "Tax Rate For Calcs": NaN,
        "Normalized EBITDA": NaN,
        "Total Unusual Items": NaN,
        "Total Unusual Items Excluding Goodwill": NaN,
        "Net Income From Continuing Operation Net Minority Interest": NaN,
        "Reconciled Depreciation": NaN,
        "Reconciled Cost Of Revenue": NaN,
        "EBITDA": NaN,
        "EBIT": NaN,
        "Normalized Income": NaN,
        "Net Income From Continuing And Discontinued Operation": NaN,
        "Total Expenses": NaN,
        "Total Operating Income As Reported": NaN,
        "Diluted Average Shares": NaN,
        "Basic Average Shares": NaN,
        "Diluted EPS": NaN,
        "Basic EPS": NaN,
        "Diluted NI Availto Com Stockholders": NaN,
        "Net Income Common Stockholders": NaN,
        "Otherunder Preferred Stock Dividend": NaN,
        "Net Income": NaN,
        "Minority Interests": NaN,
        "Net Income Including Noncontrolling Interests": NaN,
        "Net Income Continuous Operations": NaN,
        "Tax Provision": NaN,
        "Pretax Income": NaN,
        "Other Income Expense": NaN,
        "Other Non Operating Income Expenses": NaN,
        "Earnings From Equity Interest": 70000.0,
        "Gain On Sale Of Security": NaN,
        "Operating Income": NaN,
        "Operating Expense": NaN,
        "Selling General And Administration": NaN,
        "Selling And Marketing Expense": NaN,
        "General And Administrative Expense": NaN,
        "Other Gand A": NaN,
        "Gross Profit": NaN,
        "Cost Of Revenue": NaN,
        "Total Revenue": NaN,
        "Operating Revenue": NaN
    },
    "2022-06-30": {
        "Tax Effect Of Unusual Items": -633600.0,
        "Tax Rate For Calcs": 0.36,
        "Normalized EBITDA": 30093000.0,
        "Total Unusual Items": -1760000.0,
        "Total Unusual Items Excluding Goodwill": -1760000.0,
        "Net Income From Continuing Operation Net Minority Interest": 14935000.0,
        "Reconciled Depreciation": 1440000.0,
        "Reconciled Cost Of Revenue": 290594000.0,
        "EBITDA": 28333000.0,
        "EBIT": 26893000.0,
        "Normalized Income": 16061400.0,
        "Net Income From Continuing And Discontinued Operation": 14935000.0,
        "Total Expenses": 341786000.0,
        "Total Operating Income As Reported": 26893000.0,
        "Diluted Average Shares": 43200467.0,
        "Basic Average Shares": 43081762.0,
        "Diluted EPS": 0.34,
        "Basic EPS": 0.34,
        "Diluted NI Availto Com Stockholders": 14935000.0,
        "Net Income Common Stockholders": 14935000.0,
        "Otherunder Preferred Stock Dividend": NaN,
        "Net Income": 14935000.0,
        "Minority Interests": 81000.0,
        "Net Income Including Noncontrolling Interests": 14854000.0,
        "Net Income Continuous Operations": 14854000.0,
        "Tax Provision": 8372000.0,
        "Pretax Income": 23226000.0,
        "Other Income Expense": -3667000.0,
        "Other Non Operating Income Expenses": -1977000.0,
        "Earnings From Equity Interest": 70000.0,
        "Gain On Sale Of Security": -1760000.0,
        "Operating Income": 26893000.0,
        "Operating Expense": 51192000.0,
        "Selling General And Administration": 51192000.0,
        "Selling And Marketing Expense": 24155000.0,
        "General And Administrative Expense": 27037000.0,
        "Other Gand A": 27037000.0,
        "Gross Profit": 78085000.0,
        "Cost Of Revenue": 290594000.0,
        "Total Revenue": 368679000.0,
        "Operating Revenue": 368679000.0
    },
    "2023-06-30": {
        "Tax Effect Of Unusual Items": 0.0,
        "Tax Rate For Calcs": 0.218,
        "Normalized EBITDA": 7486000.0,
        "Total Unusual Items": NaN,
        "Total Unusual Items Excluding Goodwill": NaN,
        "Net Income From Continuing Operation Net Minority Interest": 4947000.0,
        "Reconciled Depreciation": 1139000.0,
        "Reconciled Cost Of Revenue": 242583000.0,
        "EBITDA": 7486000.0,
        "EBIT": 6347000.0,
        "Normalized Income": 4947000.0,
        "Net Income From Continuing And Discontinued Operation": 4947000.0,
        "Total Expenses": 286897000.0,
        "Total Operating Income As Reported": 6347000.0,
        "Diluted Average Shares": 39971731.0,
        "Basic Average Shares": 39891982.0,
        "Diluted EPS": 0.12,
        "Basic EPS": 0.12,
        "Diluted NI Availto Com Stockholders": 4947000.0,
        "Net Income Common Stockholders": 4947000.0,
        "Otherunder Preferred Stock Dividend": 0.0,
        "Net Income": 4947000.0,
        "Minority Interests": -919000.0,
        "Net Income Including Noncontrolling Interests": 5866000.0,
        "Net Income Continuous Operations": 5866000.0,
        "Tax Provision": 1640000.0,
        "Pretax Income": 7506000.0,
        "Other Income Expense": 1159000.0,
        "Other Non Operating Income Expenses": 1159000.0,
        "Earnings From Equity Interest": NaN,
        "Gain On Sale Of Security": NaN,
        "Operating Income": 6347000.0,
        "Operating Expense": 44314000.0,
        "Selling General And Administration": 44314000.0,
        "Selling And Marketing Expense": 18334000.0,
        "General And Administrative Expense": 25980000.0,
        "Other Gand A": 25980000.0,
        "Gross Profit": 50661000.0,
        "Cost Of Revenue": 242583000.0,
        "Total Revenue": 293244000.0,
        "Operating Revenue": 293244000.0
    },
    "2022-03-31": {
        "Diluted EPS": 0.28,
        "Total Revenue": 316,
        "Gross Profit": 65,
        "Operating Income": 23,
        "EBIT": 25,
        "Net Income": 13
    },
    "2021-12-31": {
        "Diluted EPS": 0.84,
        "Total Revenue": 398,
        "Gross Profit": 86,
        "Operating Income": 43,
        "EBIT": 46,
        "Net Income": 37
    },
    "2021-09-30": {
        "Diluted EPS": 0.23,
        "Total Revenue": 214,
        "Gross Profit": 35,
        "Operating Income": 6,
        "EBIT": 7,
        "Net Income": 11
    },
    "2021-06-30": {
        "Diluted EPS": 0.23,
        "Total Revenue": 250,
        "Gross Profit": 43,
        "Operating Income": 16,
        "EBIT": 17,
        "Net Income": 11
    },
    "2021-03-31": {
        "Diluted EPS": -0.16,
        "Total Revenue": 160,
        "Gross Profit": 19,
        "Operating Income": -6,
        "EBIT": -5,
        "Net Income": -7
    },
    "2020-12-31": {
        "Diluted EPS": 0.33,
        "Total Revenue": 285,
        "Gross Profit": 43,
        "Operating Income": 15,
        "EBIT": 16,
        "Net Income": 11
    },
    "2020-09-30": {
        "Diluted EPS": 0.1,
        "Total Revenue": 219,
        "Gross Profit": 30,
        "Operating Income": 5,
        "EBIT": 5,
        "Net Income": 3
    },
    "2020-06-30": {
        "Diluted EPS": -0.62,
        "Total Revenue": 95,
        "Gross Profit": 6,
        "Operating Income": -12,
        "EBIT": -11,
        "Net Income": -20
    },
    "2020-03-31": {
        "Diluted EPS": -0.08,
        "Total Revenue": 136,
        "Gross Profit": 17,
        "Operating Income": -3,
        "EBIT": -2,
        "Net Income": -3
    },
    "2019-12-31": {
        "Diluted EPS": 0.46,
        "Total Revenue": NaN,
        "Gross Profit": NaN,
        "Operating Income": -592,
        "EBIT": -592,
        "Net Income": 16
    },
    "2019-09-30": {
        "Diluted EPS": 0.02,
        "Total Revenue": NaN,
        "Gross Profit": NaN,
        "Operating Income": 0,
        "EBIT": 0,
        "Net Income": 0
    },
    "2019-06-30": {
        "Diluted EPS": 0.03,
        "Total Revenue": NaN,
        "Gross Profit": NaN,
        "Operating Income": 0,
        "EBIT": 0,
        "Net Income": 1
    },
    "2019-03-31": {
        "Diluted EPS": 0.02,
        "Total Revenue": NaN,
        "Gross Profit": NaN,
        "Operating Income": 0,
        "EBIT": 0,
        "Net Income": 0
    },
    "2018-12-31": {
        "Diluted EPS": 0.04,
        "Total Revenue": NaN,
        "Gross Profit": NaN,
        "Operating Income": 0,
        "EBIT": 0,
        "Net Income": 0
    },
    "2018-09-30": {
        "Diluted EPS": 0.02,
        "Total Revenue": NaN,
        "Gross Profit": NaN,
        "Operating Income": 0,
        "EBIT": 0,
        "Net Income": 0
    },
    "2018-06-30": {
        "Diluted EPS": -0.01,
        "Total Revenue": NaN,
        "Gross Profit": NaN,
        "Operating Income": 0,
        "EBIT": 0,
        "Net Income": 0
    },
    "2018-03-31": {
        "Diluted EPS": -0.02,
        "Total Revenue": NaN,
        "Gross Profit": NaN,
        "Operating Income": 0,
        "EBIT": 0,
        "Net Income": 0
    },
    "2017-12-31": {
        "Diluted EPS": 0.0,
        "Total Revenue": NaN,
        "Gross Profit": NaN,
        "Operating Income": NaN,
        "EBIT": NaN,
        "Net Income": NaN
    },
    "2017-09-30": {
        "Diluted EPS": -0.01,
        "Total Revenue": NaN,
        "Gross Profit": NaN,
        "Operating Income": 0,
        "EBIT": 0,
        "Net Income": 0
    },
    "2023-09-30": {
        "Tax Effect Of Unusual Items": 0.0,
        "Tax Rate For Calcs": 0.244,
        "Normalized EBITDA": 13114000.0,
        "Total Unusual Items": NaN,
        "Total Unusual Items Excluding Goodwill": NaN,
        "Net Income From Continuing Operation Net Minority Interest": 8596000.0,
        "Reconciled Depreciation": 1221000.0,
        "Reconciled Cost Of Revenue": 223062000.0,
        "EBITDA": 13114000.0,
        "EBIT": 11893000.0,
        "Normalized Income": 8596000.0,
        "Net Income From Continuing And Discontinued Operation": 8596000.0,
        "Total Expenses": 265455000.0,
        "Total Operating Income As Reported": 11893000.0,
        "Diluted Average Shares": 38440392.0,
        "Basic Average Shares": 38336100.0,
        "Diluted EPS": 0.22,
        "Basic EPS": 0.22,
        "Diluted NI Availto Com Stockholders": 8596000.0,
        "Net Income Common Stockholders": 8596000.0,
        "Otherunder Preferred Stock Dividend": NaN,
        "Net Income": 8596000.0,
        "Minority Interests": -887000.0,
        "Net Income Including Noncontrolling Interests": 9483000.0,
        "Net Income Continuous Operations": 9483000.0,
        "Tax Provision": 3066000.0,
        "Pretax Income": 12549000.0,
        "Other Income Expense": 656000.0,
        "Other Non Operating Income Expenses": 656000.0,
        "Earnings From Equity Interest": NaN,
        "Gain On Sale Of Security": NaN,
        "Operating Income": 11893000.0,
        "Operating Expense": 42393000.0,
        "Selling General And Administration": 42393000.0,
        "Selling And Marketing Expense": 16930000.0,
        "General And Administrative Expense": 25463000.0,
        "Other Gand A": 25463000.0,
        "Gross Profit": 54286000.0,
        "Cost Of Revenue": 223062000.0,
        "Total Revenue": 277348000.0,
        "Operating Revenue": 277348000.0
    },
    "2023-12-31": {
        "Tax Effect Of Unusual Items": 0.0,
        "Tax Rate For Calcs": 0.297173,
        "Normalized EBITDA": 18585000.0,
        "Total Unusual Items": NaN,
        "Total Unusual Items Excluding Goodwill": NaN,
        "Net Income From Continuing Operation Net Minority Interest": 12475000.0,
        "Reconciled Depreciation": 1326000.0,
        "Reconciled Cost Of Revenue": 331561000.0,
        "EBITDA": 18585000.0,
        "EBIT": 17259000.0,
        "Normalized Income": 12475000.0,
        "Net Income From Continuing And Discontinued Operation": 12475000.0,
        "Total Expenses": 380356000.0,
        "Total Operating Income As Reported": 17259000.0,
        "Diluted Average Shares": NaN,
        "Basic Average Shares": NaN,
        "Diluted EPS": NaN,
        "Basic EPS": NaN,
        "Diluted NI Availto Com Stockholders": 12475000.0,
        "Net Income Common Stockholders": 12475000.0,
        "Otherunder Preferred Stock Dividend": NaN,
        "Net Income": 12475000.0,
        "Minority Interests": -703000.0,
        "Net Income Including Noncontrolling Interests": 13178000.0,
        "Net Income Continuous Operations": 13178000.0,
        "Tax Provision": 5572000.0,
        "Pretax Income": 18750000.0,
        "Other Income Expense": 1491000.0,
        "Other Non Operating Income Expenses": 1491000.0,
        "Earnings From Equity Interest": NaN,
        "Gain On Sale Of Security": NaN,
        "Operating Income": 17259000.0,
        "Operating Expense": 48795000.0,
        "Selling General And Administration": 48795000.0,
        "Selling And Marketing Expense": 21576000.0,
        "General And Administrative Expense": 27219000.0,
        "Other Gand A": 27219000.0,
        "Gross Profit": 66054000.0,
        "Cost Of Revenue": 331561000.0,
        "Total Revenue": 397615000.0,
        "Operating Revenue": 397615000.0
    },
    "2024-03-31": {
        "Tax Effect Of Unusual Items": 0.0,
        "Tax Rate For Calcs": 0.043,
        "Normalized EBITDA": 211000.0,
        "Total Unusual Items": NaN,
        "Total Unusual Items Excluding Goodwill": NaN,
        "Net Income From Continuing Operation Net Minority Interest": 190000.0,
        "Reconciled Depreciation": 1320000.0,
        "Reconciled Cost Of Revenue": 250580000.0,
        "EBITDA": 211000.0,
        "EBIT": -1109000.0,
        "Normalized Income": 190000.0,
        "Net Income From Continuing And Discontinued Operation": 190000.0,
        "Total Expenses": 295150000.0,
        "Total Operating Income As Reported": -1109000.0,
        "Diluted Average Shares": 36798722.0,
        "Basic Average Shares": 36279679.0,
        "Diluted EPS": 0.01,
        "Basic EPS": 0.01,
        "Diluted NI Availto Com Stockholders": 190000.0,
        "Net Income Common Stockholders": 190000.0,
        "Otherunder Preferred Stock Dividend": NaN,
        "Net Income": 190000.0,
        "Minority Interests": -544000.0,
        "Net Income Including Noncontrolling Interests": 734000.0,
        "Net Income Continuous Operations": 734000.0,
        "Tax Provision": -30000.0,
        "Pretax Income": 704000.0,
        "Other Income Expense": 1813000.0,
        "Other Non Operating Income Expenses": 1813000.0,
        "Earnings From Equity Interest": NaN,
        "Gain On Sale Of Security": NaN,
        "Operating Income": -1109000.0,
        "Operating Expense": 44570000.0,
        "Selling General And Administration": 44570000.0,
        "Selling And Marketing Expense": 18488000.0,
        "General And Administrative Expense": 26082000.0,
        "Other Gand A": 26082000.0,
        "Gross Profit": 43461000.0,
        "Cost Of Revenue": 250580000.0,
        "Total Revenue": 294041000.0,
        "Operating Revenue": 294041000.0
    }
}