{
    "2023-03-31": {
        "Tax Effect Of Unusual Items": 1200000.0,
        "Tax Rate For Calcs": 0.4,
        "Normalized EBITDA": 3000000.0,
        "Total Unusual Items": 3000000.0,
        "Total Unusual Items Excluding Goodwill": 3000000.0,
        "Net Income From Continuing Operation Net Minority Interest": -31000000.0,
        "Reconciled Depreciation": 21000000.0,
        "Reconciled Cost Of Revenue": 97000000.0,
        "EBIT": -15000000.0,
        "Net Interest Income": -16000000.0,
        "Interest Expense": 16000000.0,
        "Interest Income": 11000000.0,
        "Normalized Income": -32800000.0,
        "Net Income From Continuing And Discontinued Operation": -31000000.0,
        "Total Expenses": 388000000.0,
        "Total Operating Income As Reported": -17000000.0,
        "Diluted Average Shares": 78000000.0,
        "Basic Average Shares": 76000000.0,
        "Diluted EPS": -0.41,
        "Basic EPS": -0.41,
        "Diluted NI Availto Com Stockholders": -31000000.0,
        "Net Income Common Stockholders": -31000000.0,
        "Otherunder Preferred Stock Dividend": NaN,
        "Net Income": -31000000.0,
        "Minority Interests": 57000000.0,
        "Net Income Including Noncontrolling Interests": -88000000.0,
        "Net Income Continuous Operations": -88000000.0,
        "Tax Provision": 57000000.0,
        "Pretax Income": -31000000.0,
        "Other Income Expense": 2000000.0,
        "Other Non Operating Income Expenses": -1000000.0,
        "Gain On Sale Of Security": 3000000.0,
        "Net Non Operating Interest Income Expense": -16000000.0,
        "Interest Expense Non Operating": 16000000.0,
        "Interest Income Non Operating": 11000000.0,
        "Operating Income": -17000000.0,
        "Operating Expense": 291000000.0,
        "Depreciation Amortization Depletion Income Statement": 21000000.0,
        "Depreciation And Amortization In Income Statement": 21000000.0,
        "Selling General And Administration": 270000000.0,
        "Selling And Marketing Expense": NaN,
        "General And Administrative Expense": NaN,
        "Salaries And Wages": NaN,
        "Gross Profit": 274000000.0,
        "Cost Of Revenue": 97000000.0,
        "Total Revenue": 371000000.0,
        "Operating Revenue": 371000000.0
    },
    "2022-12-31": {
        "Tax Effect Of Unusual Items": 28800000.0,
        "Tax Rate For Calcs": 0.4,
        "Normalized EBITDA": -27000000.0,
        "Total Unusual Items": 72000000.0,
        "Total Unusual Items Excluding Goodwill": 72000000.0,
        "Net Income From Continuing Operation Net Minority Interest": 20000000.0,
        "Reconciled Depreciation": 24000000.0,
        "Reconciled Cost Of Revenue": 91000000.0,
        "EBIT": 21000000.0,
        "Net Interest Income": -16000000.0,
        "Interest Expense": 16000000.0,
        "Interest Income": NaN,
        "Normalized Income": -23200000.0,
        "Net Income From Continuing And Discontinued Operation": 20000000.0,
        "Total Expenses": 370000000.0,
        "Total Operating Income As Reported": -16000000.0,
        "Diluted Average Shares": 77000000.0,
        "Basic Average Shares": 76000000.0,
        "Diluted EPS": 0.26,
        "Basic EPS": 0.26,
        "Diluted NI Availto Com Stockholders": 20000000.0,
        "Net Income Common Stockholders": 20000000.0,
        "Otherunder Preferred Stock Dividend": NaN,
        "Net Income": 20000000.0,
        "Minority Interests": 1000000.0,
        "Net Income Including Noncontrolling Interests": 19000000.0,
        "Net Income Continuous Operations": 19000000.0,
        "Tax Provision": -14000000.0,
        "Pretax Income": 5000000.0,
        "Other Income Expense": 37000000.0,
        "Other Non Operating Income Expenses": -35000000.0,
        "Gain On Sale Of Security": 72000000.0,
        "Net Non Operating Interest Income Expense": -16000000.0,
        "Interest Expense Non Operating": 16000000.0,
        "Interest Income Non Operating": NaN,
        "Operating Income": -16000000.0,
        "Operating Expense": 279000000.0,
        "Depreciation Amortization Depletion Income Statement": 24000000.0,
        "Depreciation And Amortization In Income Statement": 24000000.0,
        "Selling General And Administration": 255000000.0,
        "Selling And Marketing Expense": NaN,
        "General And Administrative Expense": NaN,
        "Salaries And Wages": NaN,
        "Gross Profit": 263000000.0,
        "Cost Of Revenue": 91000000.0,
        "Total Revenue": 354000000.0,
        "Operating Revenue": 354000000.0
    },
    "2022-09-30": {
        "Tax Effect Of Unusual Items": 1600000.0,
        "Tax Rate For Calcs": 0.4,
        "Normalized EBITDA": 62000000.0,
        "Total Unusual Items": 4000000.0,
        "Total Unusual Items Excluding Goodwill": 4000000.0,
        "Net Income From Continuing Operation Net Minority Interest": -30000000.0,
        "Reconciled Depreciation": 23000000.0,
        "Reconciled Cost Of Revenue": 87000000.0,
        "EBIT": 43000000.0,
        "Net Interest Income": -16000000.0,
        "Interest Expense": 16000000.0,
        "Interest Income": NaN,
        "Normalized Income": -32400000.0,
        "Net Income From Continuing And Discontinued Operation": -30000000.0,
        "Total Expenses": 393000000.0,
        "Total Operating Income As Reported": 66000000.0,
        "Diluted Average Shares": 78000000.0,
        "Basic Average Shares": 76000000.0,
        "Diluted EPS": -0.39,
        "Basic EPS": -0.39,
        "Diluted NI Availto Com Stockholders": -30000000.0,
        "Net Income Common Stockholders": -30000000.0,
        "Otherunder Preferred Stock Dividend": 0.0,
        "Net Income": -30000000.0,
        "Minority Interests": -19000000.0,
        "Net Income Including Noncontrolling Interests": -11000000.0,
        "Net Income Continuous Operations": -11000000.0,
        "Tax Provision": 38000000.0,
        "Pretax Income": 27000000.0,
        "Other Income Expense": -23000000.0,
        "Other Non Operating Income Expenses": -27000000.0,
        "Gain On Sale Of Security": 4000000.0,
        "Net Non Operating Interest Income Expense": -16000000.0,
        "Interest Expense Non Operating": 16000000.0,
        "Interest Income Non Operating": NaN,
        "Operating Income": 66000000.0,
        "Operating Expense": 306000000.0,
        "Depreciation Amortization Depletion Income Statement": 23000000.0,
        "Depreciation And Amortization In Income Statement": 23000000.0,
        "Selling General And Administration": 283000000.0,
        "Selling And Marketing Expense": NaN,
        "General And Administrative Expense": NaN,
        "Salaries And Wages": NaN,
        "Gross Profit": 372000000.0,
        "Cost Of Revenue": 87000000.0,
        "Total Revenue": 459000000.0,
        "Operating Revenue": 459000000.0
    },
    "2022-06-30": {
        "Tax Effect Of Unusual Items": 13823008.849558,
        "Tax Rate For Calcs": 0.19469,
        "Normalized EBITDA": 83000000.0,
        "Total Unusual Items": 71000000.0,
        "Total Unusual Items Excluding Goodwill": 71000000.0,
        "Net Income From Continuing Operation Net Minority Interest": 67000000.0,
        "Reconciled Depreciation": 25000000.0,
        "Reconciled Cost Of Revenue": 84000000.0,
        "EBIT": 129000000.0,
        "Net Interest Income": -16000000.0,
        "Interest Expense": 16000000.0,
        "Interest Income": NaN,
        "Normalized Income": 9823008.849558,
        "Net Income From Continuing And Discontinued Operation": 67000000.0,
        "Total Expenses": 357000000.0,
        "Total Operating Income As Reported": 60000000.0,
        "Diluted Average Shares": 77000000.0,
        "Basic Average Shares": 76000000.0,
        "Diluted EPS": 0.87,
        "Basic EPS": 0.88,
        "Diluted NI Availto Com Stockholders": 67000000.0,
        "Net Income Common Stockholders": 67000000.0,
        "Otherunder Preferred Stock Dividend": NaN,
        "Net Income": 67000000.0,
        "Minority Interests": -24000000.0,
        "Net Income Including Noncontrolling Interests": 91000000.0,
        "Net Income Continuous Operations": 91000000.0,
        "Tax Provision": 22000000.0,
        "Pretax Income": 113000000.0,
        "Other Income Expense": 69000000.0,
        "Other Non Operating Income Expenses": -2000000.0,
        "Gain On Sale Of Security": 71000000.0,
        "Net Non Operating Interest Income Expense": -16000000.0,
        "Interest Expense Non Operating": 16000000.0,
        "Interest Income Non Operating": NaN,
        "Operating Income": 60000000.0,
        "Operating Expense": 273000000.0,
        "Depreciation Amortization Depletion Income Statement": 25000000.0,
        "Depreciation And Amortization In Income Statement": 25000000.0,
        "Selling General And Administration": 248000000.0,
        "Selling And Marketing Expense": NaN,
        "General And Administrative Expense": NaN,
        "Salaries And Wages": NaN,
        "Gross Profit": 333000000.0,
        "Cost Of Revenue": 84000000.0,
        "Total Revenue": 417000000.0,
        "Operating Revenue": 417000000.0
    },
    "2023-06-30": {
        "Tax Effect Of Unusual Items": 6000000.0,
        "Tax Rate For Calcs": 0.4,
        "Normalized EBITDA": 72000000.0,
        "Total Unusual Items": 15000000.0,
        "Total Unusual Items Excluding Goodwill": 15000000.0,
        "Net Income From Continuing Operation Net Minority Interest": 10000000.0,
        "Reconciled Depreciation": 21000000.0,
        "Reconciled Cost Of Revenue": 112000000.0,
        "EBIT": 66000000.0,
        "Net Interest Income": -5000000.0,
        "Interest Expense": 17000000.0,
        "Interest Income": 12000000.0,
        "Normalized Income": 1000000.0,
        "Net Income From Continuing And Discontinued Operation": 10000000.0,
        "Total Expenses": 454000000.0,
        "Total Operating Income As Reported": 40000000.0,
        "Diluted Average Shares": 78000000.0,
        "Basic Average Shares": 77000000.0,
        "Diluted EPS": 0.13,
        "Basic EPS": 0.13,
        "Diluted NI Availto Com Stockholders": 10000000.0,
        "Net Income Common Stockholders": 10000000.0,
        "Otherunder Preferred Stock Dividend": NaN,
        "Net Income": 10000000.0,
        "Minority Interests": -19000000.0,
        "Net Income Including Noncontrolling Interests": 29000000.0,
        "Net Income Continuous Operations": 29000000.0,
        "Tax Provision": 20000000.0,
        "Pretax Income": 49000000.0,
        "Other Income Expense": 14000000.0,
        "Other Non Operating Income Expenses": -1000000.0,
        "Gain On Sale Of Security": 15000000.0,
        "Net Non Operating Interest Income Expense": -5000000.0,
        "Interest Expense Non Operating": 17000000.0,
        "Interest Income Non Operating": 12000000.0,
        "Operating Income": 40000000.0,
        "Operating Expense": 342000000.0,
        "Depreciation Amortization Depletion Income Statement": 21000000.0,
        "Depreciation And Amortization In Income Statement": 21000000.0,
        "Selling General And Administration": 321000000.0,
        "Selling And Marketing Expense": 306000000.0,
        "General And Administrative Expense": 15000000.0,
        "Salaries And Wages": 15000000.0,
        "Gross Profit": 382000000.0,
        "Cost Of Revenue": 112000000.0,
        "Total Revenue": 494000000.0,
        "Operating Revenue": 494000000.0
    },
    "2022-03-31": {
        "Diluted EPS": -0.36,
        "Total Revenue": 262,
        "Gross Profit": 262,
        "Operating Income": -22,
        "EBIT": 3,
        "Net Income": -27
    },
    "2021-12-31": {
        "Diluted EPS": 0.68,
        "Total Revenue": 241,
        "Gross Profit": 241,
        "Operating Income": -43,
        "EBIT": -5,
        "Net Income": 44
    },
    "2021-09-30": {
        "Diluted EPS": 0.94,
        "Total Revenue": 303,
        "Gross Profit": 303,
        "Operating Income": 4,
        "EBIT": 40,
        "Net Income": 72
    },
    "2021-06-30": {
        "Diluted EPS": 1.96,
        "Total Revenue": 235,
        "Gross Profit": 235,
        "Operating Income": -49,
        "EBIT": -11,
        "Net Income": 153
    },
    "2021-03-31": {
        "Diluted EPS": -6.13,
        "Total Revenue": 123,
        "Gross Profit": 123,
        "Operating Income": -97,
        "EBIT": -59,
        "Net Income": -460
    },
    "2020-12-31": {
        "Diluted EPS": -1.88,
        "Total Revenue": 116,
        "Gross Profit": 116,
        "Operating Income": -106,
        "EBIT": -64,
        "Net Income": -141
    },
    "2020-09-30": {
        "Diluted EPS": -0.45,
        "Total Revenue": 151,
        "Gross Profit": 151,
        "Operating Income": -59,
        "EBIT": -18,
        "Net Income": -34
    },
    "2020-06-30": {
        "Diluted EPS": -2.51,
        "Total Revenue": 59,
        "Gross Profit": 59,
        "Operating Income": -723,
        "EBIT": -681,
        "Net Income": -188
    },
    "2020-03-31": {
        "Diluted EPS": -0.33,
        "Total Revenue": 278,
        "Gross Profit": 278,
        "Operating Income": -44,
        "EBIT": -1,
        "Net Income": -25
    },
    "2019-12-31": {
        "Diluted EPS": -0.51,
        "Total Revenue": 334,
        "Gross Profit": 334,
        "Operating Income": -281,
        "EBIT": -237,
        "Net Income": -39
    },
    "2019-09-30": {
        "Diluted EPS": 0.21,
        "Total Revenue": 428,
        "Gross Profit": 428,
        "Operating Income": 55,
        "EBIT": 97,
        "Net Income": 16
    },
    "2019-06-30": {
        "Diluted EPS": 0.04,
        "Total Revenue": 422,
        "Gross Profit": 422,
        "Operating Income": 51,
        "EBIT": 92,
        "Net Income": 3
    },
    "2019-03-31": {
        "Diluted EPS": -0.03,
        "Total Revenue": 376,
        "Gross Profit": 376,
        "Operating Income": 16,
        "EBIT": 58,
        "Net Income": -2
    },
    "2018-12-31": {
        "Diluted EPS": -0.12,
        "Total Revenue": 346,
        "Gross Profit": 346,
        "Operating Income": 9,
        "EBIT": 51,
        "Net Income": -8
    },
    "2018-09-30": {
        "Diluted EPS": 0.19,
        "Total Revenue": 458,
        "Gross Profit": 458,
        "Operating Income": 76,
        "EBIT": 114,
        "Net Income": 14
    },
    "2018-06-30": {
        "Diluted EPS": -0.52,
        "Total Revenue": 433,
        "Gross Profit": 433,
        "Operating Income": 34,
        "EBIT": 75,
        "Net Income": -39
    },
    "2018-03-31": {
        "Diluted EPS": -0.41,
        "Total Revenue": 378,
        "Gross Profit": 378,
        "Operating Income": 9,
        "EBIT": 48,
        "Net Income": -31
    },
    "2017-12-31": {
        "Diluted EPS": -4.92,
        "Total Revenue": 321,
        "Gross Profit": 321,
        "Operating Income": NaN,
        "EBIT": NaN,
        "Net Income": -369
    },
    "2017-09-30": {
        "Diluted EPS": -0.17,
        "Total Revenue": 439,
        "Gross Profit": 439,
        "Operating Income": 16,
        "EBIT": 66,
        "Net Income": -13
    },
    "2017-06-30": {
        "Diluted EPS": -0.16,
        "Total Revenue": 431,
        "Gross Profit": 431,
        "Operating Income": 13,
        "EBIT": 68,
        "Net Income": -12
    },
    "2017-03-31": {
        "Diluted EPS": -0.04,
        "Total Revenue": 378,
        "Gross Profit": 378,
        "Operating Income": -7,
        "EBIT": 49,
        "Net Income": -3
    },
    "2016-12-31": {
        "Diluted EPS": 0.48,
        "Total Revenue": 339,
        "Gross Profit": 339,
        "Operating Income": -23,
        "EBIT": 33,
        "Net Income": 36
    },
    "2016-09-30": {
        "Diluted EPS": -0.01,
        "Total Revenue": 434,
        "Gross Profit": 434,
        "Operating Income": 31,
        "EBIT": 87,
        "Net Income": -1
    },
    "2016-06-30": {
        "Diluted EPS": -0.03,
        "Total Revenue": 398,
        "Gross Profit": 398,
        "Operating Income": 13,
        "EBIT": 68,
        "Net Income": -2
    },
    "2016-03-31": {
        "Diluted EPS": -0.16,
        "Total Revenue": 361,
        "Gross Profit": 361,
        "Operating Income": 2,
        "EBIT": 57,
        "Net Income": -12
    },
    "2015-12-31": {
        "Diluted EPS": -0.31,
        "Total Revenue": 345,
        "Gross Profit": 345,
        "Operating Income": -83,
        "EBIT": -14,
        "Net Income": -23
    },
    "2015-09-30": {
        "Diluted EPS": -0.04,
        "Total Revenue": 432,
        "Gross Profit": 432,
        "Operating Income": 35,
        "EBIT": 102,
        "Net Income": -3
    },
    "2015-06-30": {
        "Diluted EPS": -0.09,
        "Total Revenue": 414,
        "Gross Profit": 414,
        "Operating Income": 25,
        "EBIT": 93,
        "Net Income": -7
    },
    "2015-03-31": {
        "Diluted EPS": -0.09,
        "Total Revenue": 374,
        "Gross Profit": 374,
        "Operating Income": 38,
        "EBIT": 102,
        "Net Income": -7
    },
    "2014-12-31": {
        "Diluted EPS": -0.29,
        "Total Revenue": 325,
        "Gross Profit": 325,
        "Operating Income": -9,
        "EBIT": 70,
        "Net Income": -21
    },
    "2014-09-30": {
        "Diluted EPS": -0.07,
        "Total Revenue": 375,
        "Gross Profit": 360,
        "Operating Income": 17,
        "EBIT": 94,
        "Net Income": -5
    },
    "2014-06-30": {
        "Diluted EPS": -0.01,
        "Total Revenue": 335,
        "Gross Profit": 325,
        "Operating Income": 31,
        "EBIT": 103,
        "Net Income": -1
    },
    "2014-03-31": {
        "Diluted EPS": 0.07,
        "Total Revenue": 294,
        "Gross Profit": 284,
        "Operating Income": 29,
        "EBIT": 99,
        "Net Income": 5
    },
    "2013-12-31": {
        "Diluted EPS": 0.0,
        "Total Revenue": NaN,
        "Gross Profit": NaN,
        "Operating Income": NaN,
        "EBIT": NaN,
        "Net Income": NaN
    },
    "2013-09-30": {
        "Diluted EPS": 0.11,
        "Total Revenue": 274,
        "Gross Profit": 260,
        "Operating Income": 10,
        "EBIT": 10,
        "Net Income": 8
    },
    "2012-12-31": {
        "Diluted EPS": 0.0,
        "Total Revenue": NaN,
        "Gross Profit": NaN,
        "Operating Income": NaN,
        "EBIT": NaN,
        "Net Income": NaN
    }
}