{
    "2023-03-31": {
        "Tax Effect Of Unusual Items": NaN,
        "Tax Rate For Calcs": NaN,
        "Normalized EBITDA": NaN,
        "Total Unusual Items": NaN,
        "Total Unusual Items Excluding Goodwill": NaN,
        "Net Income From Continuing Operation Net Minority Interest": NaN,
        "Reconciled Depreciation": NaN,
        "Reconciled Cost Of Revenue": NaN,
        "EBITDA": NaN,
        "EBIT": NaN,
        "Net Interest Income": NaN,
        "Interest Expense": NaN,
        "Normalized Income": NaN,
        "Net Income From Continuing And Discontinued Operation": NaN,
        "Total Expenses": NaN,
        "Total Operating Income As Reported": NaN,
        "Diluted Average Shares": 36548000.0,
        "Basic Average Shares": 36548000.0,
        "Diluted EPS": -0.08,
        "Basic EPS": -0.08,
        "Diluted NI Availto Com Stockholders": NaN,
        "Net Income Common Stockholders": NaN,
        "Net Income": NaN,
        "Net Income Including Noncontrolling Interests": NaN,
        "Net Income Continuous Operations": NaN,
        "Tax Provision": NaN,
        "Pretax Income": NaN,
        "Other Income Expense": NaN,
        "Other Non Operating Income Expenses": NaN,
        "Special Income Charges": NaN,
        "Restructuring And Mergern Acquisition": NaN,
        "Net Non Operating Interest Income Expense": NaN,
        "Interest Expense Non Operating": NaN,
        "Operating Income": NaN,
        "Operating Expense": NaN,
        "Depreciation Amortization Depletion Income Statement": NaN,
        "Depreciation And Amortization In Income Statement": NaN,
        "Amortization": NaN,
        "Amortization Of Intangibles Income Statement": NaN,
        "Depreciation Income Statement": NaN,
        "Research And Development": NaN,
        "Selling General And Administration": NaN,
        "Selling And Marketing Expense": NaN,
        "General And Administrative Expense": NaN,
        "Other Gand A": NaN,
        "Insurance And Claims": NaN,
        "Salaries And Wages": NaN,
        "Gross Profit": NaN,
        "Cost Of Revenue": NaN,
        "Total Revenue": NaN,
        "Operating Revenue": NaN
    },
    "2022-12-31": {
        "Tax Effect Of Unusual Items": 24450.0,
        "Tax Rate For Calcs": 0.05,
        "Normalized EBITDA": -687000.0,
        "Total Unusual Items": 489000.0,
        "Total Unusual Items Excluding Goodwill": 489000.0,
        "Net Income From Continuing Operation Net Minority Interest": -2609000.0,
        "Reconciled Depreciation": 1939000.0,
        "Reconciled Cost Of Revenue": 17530000.0,
        "EBITDA": -198000.0,
        "EBIT": -2137000.0,
        "Net Interest Income": -354000.0,
        "Interest Expense": 354000.0,
        "Normalized Income": -3073550.0,
        "Net Income From Continuing And Discontinued Operation": -2609000.0,
        "Total Expenses": 34106000.0,
        "Total Operating Income As Reported": -2111000.0,
        "Diluted Average Shares": 36352000.0,
        "Basic Average Shares": 36352000.0,
        "Diluted EPS": -0.07,
        "Basic EPS": -0.07,
        "Diluted NI Availto Com Stockholders": -2609000.0,
        "Net Income Common Stockholders": -2609000.0,
        "Net Income": -2609000.0,
        "Net Income Including Noncontrolling Interests": -2609000.0,
        "Net Income Continuous Operations": -2609000.0,
        "Tax Provision": 118000.0,
        "Pretax Income": -2491000.0,
        "Other Income Expense": 463000.0,
        "Other Non Operating Income Expenses": -26000.0,
        "Special Income Charges": 489000.0,
        "Restructuring And Mergern Acquisition": -489000.0,
        "Net Non Operating Interest Income Expense": -354000.0,
        "Interest Expense Non Operating": 354000.0,
        "Operating Income": -2600000.0,
        "Operating Expense": 16394000.0,
        "Depreciation Amortization Depletion Income Statement": 1757000.0,
        "Depreciation And Amortization In Income Statement": 1757000.0,
        "Amortization": 1497000.0,
        "Amortization Of Intangibles Income Statement": 1497000.0,
        "Depreciation Income Statement": 260000.0,
        "Research And Development": 5084000.0,
        "Selling General And Administration": 9553000.0,
        "Selling And Marketing Expense": 466000.0,
        "General And Administrative Expense": 9087000.0,
        "Other Gand A": 1761000.0,
        "Insurance And Claims": 872000.0,
        "Salaries And Wages": 6454000.0,
        "Gross Profit": 13794000.0,
        "Cost Of Revenue": 17712000.0,
        "Total Revenue": 31506000.0,
        "Operating Revenue": 31506000.0
    },
    "2022-09-30": {
        "Tax Effect Of Unusual Items": -122000.0,
        "Tax Rate For Calcs": 0.4,
        "Normalized EBITDA": 736000.0,
        "Total Unusual Items": -305000.0,
        "Total Unusual Items Excluding Goodwill": -305000.0,
        "Net Income From Continuing Operation Net Minority Interest": -1653000.0,
        "Reconciled Depreciation": 1768000.0,
        "Reconciled Cost Of Revenue": 17410000.0,
        "EBITDA": 431000.0,
        "EBIT": -1337000.0,
        "Net Interest Income": -262000.0,
        "Interest Expense": 262000.0,
        "Normalized Income": -1470000.0,
        "Net Income From Continuing And Discontinued Operation": -1653000.0,
        "Total Expenses": 32861000.0,
        "Total Operating Income As Reported": -1371000.0,
        "Diluted Average Shares": 35406000.0,
        "Basic Average Shares": 35406000.0,
        "Diluted EPS": -0.05,
        "Basic EPS": -0.05,
        "Diluted NI Availto Com Stockholders": -1653000.0,
        "Net Income Common Stockholders": -1653000.0,
        "Net Income": -1653000.0,
        "Net Income Including Noncontrolling Interests": -1653000.0,
        "Net Income Continuous Operations": -1653000.0,
        "Tax Provision": 54000.0,
        "Pretax Income": -1599000.0,
        "Other Income Expense": -271000.0,
        "Other Non Operating Income Expenses": 34000.0,
        "Special Income Charges": -305000.0,
        "Restructuring And Mergern Acquisition": 305000.0,
        "Net Non Operating Interest Income Expense": -262000.0,
        "Interest Expense Non Operating": 262000.0,
        "Operating Income": -1066000.0,
        "Operating Expense": 15102000.0,
        "Depreciation Amortization Depletion Income Statement": 1419000.0,
        "Depreciation And Amortization In Income Statement": 1419000.0,
        "Amortization": 1419000.0,
        "Amortization Of Intangibles Income Statement": 1419000.0,
        "Depreciation Income Statement": NaN,
        "Research And Development": 4526000.0,
        "Selling General And Administration": 9157000.0,
        "Selling And Marketing Expense": 582000.0,
        "General And Administrative Expense": 8575000.0,
        "Other Gand A": 2490000.0,
        "Insurance And Claims": 483000.0,
        "Salaries And Wages": 6085000.0,
        "Gross Profit": 14036000.0,
        "Cost Of Revenue": 17759000.0,
        "Total Revenue": 31795000.0,
        "Operating Revenue": 31795000.0
    },
    "2022-06-30": {
        "Tax Effect Of Unusual Items": 477600.0,
        "Tax Rate For Calcs": 0.4,
        "Normalized EBITDA": 930000.0,
        "Total Unusual Items": 1194000.0,
        "Total Unusual Items Excluding Goodwill": 1194000.0,
        "Net Income From Continuing Operation Net Minority Interest": 2506000.0,
        "Reconciled Depreciation": 1478000.0,
        "Reconciled Cost Of Revenue": 20878000.0,
        "EBITDA": 2124000.0,
        "EBIT": 646000.0,
        "Net Interest Income": -195000.0,
        "Interest Expense": 195000.0,
        "Normalized Income": 1789600.0,
        "Net Income From Continuing And Discontinued Operation": 2506000.0,
        "Total Expenses": 36571000.0,
        "Total Operating Income As Reported": 568000.0,
        "Diluted Average Shares": 34909000.0,
        "Basic Average Shares": 34909000.0,
        "Diluted EPS": 0.07,
        "Basic EPS": 0.07,
        "Diluted NI Availto Com Stockholders": 2506000.0,
        "Net Income Common Stockholders": 2506000.0,
        "Net Income": 2506000.0,
        "Net Income Including Noncontrolling Interests": 2506000.0,
        "Net Income Continuous Operations": 2506000.0,
        "Tax Provision": -2055000.0,
        "Pretax Income": 451000.0,
        "Other Income Expense": 1272000.0,
        "Other Non Operating Income Expenses": 78000.0,
        "Special Income Charges": 1194000.0,
        "Other Special Charges": 0.0,
        "Restructuring And Mergern Acquisition": -1194000.0,
        "Net Non Operating Interest Income Expense": -195000.0,
        "Interest Expense Non Operating": 195000.0,
        "Operating Income": -626000.0,
        "Operating Expense": 15693000.0,
        "Depreciation Amortization Depletion Income Statement": 1478000.0,
        "Depreciation And Amortization In Income Statement": 1478000.0,
        "Amortization": 1478000.0,
        "Amortization Of Intangibles Income Statement": 1478000.0,
        "Depreciation Income Statement": NaN,
        "Research And Development": 4853000.0,
        "Selling General And Administration": 9362000.0,
        "Selling And Marketing Expense": 416000.0,
        "General And Administrative Expense": 8946000.0,
        "Other Gand A": 2331000.0,
        "Salaries And Wages": 6615000.0,
        "Gross Profit": 15067000.0,
        "Cost Of Revenue": 20878000.0,
        "Total Revenue": 35945000.0,
        "Operating Revenue": 35945000.0
    },
    "2022-03-31": {
        "Diluted EPS": -0.09,
        "Total Revenue": 32,
        "Gross Profit": 14,
        "Operating Income": -2,
        "EBIT": 0,
        "Net Income": -3
    },
    "2021-12-31": {
        "Diluted EPS": -0.08,
        "Total Revenue": 34,
        "Gross Profit": 14,
        "Operating Income": -2,
        "EBIT": 0,
        "Net Income": -2
    },
    "2021-09-30": {
        "Diluted EPS": -0.08,
        "Total Revenue": 28,
        "Gross Profit": 12,
        "Operating Income": -2,
        "EBIT": 0,
        "Net Income": -2
    },
    "2021-06-30": {
        "Diluted EPS": -0.04,
        "Total Revenue": 21,
        "Gross Profit": 10,
        "Operating Income": -1,
        "EBIT": 0,
        "Net Income": -1
    },
    "2021-03-31": {
        "Diluted EPS": -0.04,
        "Total Revenue": 17,
        "Gross Profit": 8,
        "Operating Income": -1,
        "EBIT": 0,
        "Net Income": -1
    },
    "2020-12-31": {
        "Diluted EPS": -0.05,
        "Total Revenue": 17,
        "Gross Profit": 7,
        "Operating Income": -1,
        "EBIT": 0,
        "Net Income": -1
    },
    "2020-09-30": {
        "Diluted EPS": -0.01,
        "Total Revenue": 17,
        "Gross Profit": 8,
        "Operating Income": 0,
        "EBIT": 1,
        "Net Income": 0
    },
    "2020-06-30": {
        "Diluted EPS": -0.06,
        "Total Revenue": 17,
        "Gross Profit": 7,
        "Operating Income": -2,
        "EBIT": 0,
        "Net Income": -2
    },
    "2020-03-31": {
        "Diluted EPS": -0.19,
        "Total Revenue": 17,
        "Gross Profit": 7,
        "Operating Income": -5,
        "EBIT": -4,
        "Net Income": -5
    },
    "2019-12-31": {
        "Diluted EPS": -0.06,
        "Total Revenue": 13,
        "Gross Profit": 7,
        "Operating Income": -1,
        "EBIT": -1,
        "Net Income": -1
    },
    "2019-09-30": {
        "Diluted EPS": -0.11,
        "Total Revenue": 13,
        "Gross Profit": 6,
        "Operating Income": -2,
        "EBIT": -2,
        "Net Income": -2
    },
    "2019-06-30": {
        "Diluted EPS": -0.07,
        "Total Revenue": 10,
        "Gross Profit": 6,
        "Operating Income": -2,
        "EBIT": -1,
        "Net Income": -1
    },
    "2019-03-31": {
        "Diluted EPS": 0.04,
        "Total Revenue": 12,
        "Gross Profit": 7,
        "Operating Income": 1,
        "EBIT": 1,
        "Net Income": 1
    },
    "2018-12-31": {
        "Diluted EPS": 0.01,
        "Total Revenue": 12,
        "Gross Profit": 7,
        "Operating Income": 0,
        "EBIT": 0,
        "Net Income": 0
    },
    "2018-09-30": {
        "Diluted EPS": 0.0,
        "Total Revenue": 12,
        "Gross Profit": 7,
        "Operating Income": 0,
        "EBIT": 0,
        "Net Income": 0
    },
    "2018-06-30": {
        "Diluted EPS": 0.05,
        "Total Revenue": 12,
        "Gross Profit": 7,
        "Operating Income": 1,
        "EBIT": 1,
        "Net Income": 1
    },
    "2018-03-31": {
        "Diluted EPS": 0.02,
        "Total Revenue": 12,
        "Gross Profit": 7,
        "Operating Income": 0,
        "EBIT": 0,
        "Net Income": 0
    },
    "2017-12-31": {
        "Diluted EPS": 0.01,
        "Total Revenue": 11,
        "Gross Profit": 6,
        "Operating Income": 0,
        "EBIT": 0,
        "Net Income": 0
    },
    "2017-09-30": {
        "Diluted EPS": -0.04,
        "Total Revenue": 11,
        "Gross Profit": 6,
        "Operating Income": -1,
        "EBIT": 0,
        "Net Income": -1
    },
    "2017-06-30": {
        "Diluted EPS": 0.0,
        "Total Revenue": 11,
        "Gross Profit": 6,
        "Operating Income": 0,
        "EBIT": 0,
        "Net Income": 0
    },
    "2017-03-31": {
        "Diluted EPS": -0.01,
        "Total Revenue": 12,
        "Gross Profit": 6,
        "Operating Income": 0,
        "EBIT": 0,
        "Net Income": 0
    },
    "2016-12-31": {
        "Diluted EPS": 0.0,
        "Total Revenue": 11,
        "Gross Profit": 6,
        "Operating Income": 0,
        "EBIT": 0,
        "Net Income": 0
    },
    "2016-09-30": {
        "Diluted EPS": -0.01,
        "Total Revenue": 11,
        "Gross Profit": 6,
        "Operating Income": 0,
        "EBIT": 0,
        "Net Income": 0
    },
    "2016-06-30": {
        "Diluted EPS": -0.02,
        "Total Revenue": 11,
        "Gross Profit": 5,
        "Operating Income": 0,
        "EBIT": 0,
        "Net Income": 0
    },
    "2016-03-31": {
        "Diluted EPS": -0.03,
        "Total Revenue": 10,
        "Gross Profit": 5,
        "Operating Income": 0,
        "EBIT": 0,
        "Net Income": 0
    },
    "2015-12-31": {
        "Diluted EPS": -0.06,
        "Total Revenue": 10,
        "Gross Profit": 5,
        "Operating Income": -1,
        "EBIT": -1,
        "Net Income": -1
    },
    "2015-09-30": {
        "Diluted EPS": -0.02,
        "Total Revenue": 11,
        "Gross Profit": 5,
        "Operating Income": 0,
        "EBIT": 0,
        "Net Income": 0
    },
    "2015-06-30": {
        "Diluted EPS": -0.07,
        "Total Revenue": 10,
        "Gross Profit": 5,
        "Operating Income": -1,
        "EBIT": -1,
        "Net Income": -1
    },
    "2015-03-31": {
        "Diluted EPS": -0.06,
        "Total Revenue": 10,
        "Gross Profit": 5,
        "Operating Income": -1,
        "EBIT": -1,
        "Net Income": -1
    },
    "2014-12-31": {
        "Diluted EPS": -0.04,
        "Total Revenue": 11,
        "Gross Profit": 5,
        "Operating Income": -1,
        "EBIT": 0,
        "Net Income": -1
    },
    "2014-09-30": {
        "Diluted EPS": -0.02,
        "Total Revenue": 12,
        "Gross Profit": 6,
        "Operating Income": 0,
        "EBIT": 0,
        "Net Income": 0
    },
    "2014-06-30": {
        "Diluted EPS": -0.01,
        "Total Revenue": 11,
        "Gross Profit": 6,
        "Operating Income": 0,
        "EBIT": 0,
        "Net Income": 0
    },
    "2014-03-31": {
        "Diluted EPS": -0.01,
        "Total Revenue": 12,
        "Gross Profit": 6,
        "Operating Income": 0,
        "EBIT": 0,
        "Net Income": 0
    },
    "2013-12-31": {
        "Diluted EPS": -0.02,
        "Total Revenue": 11,
        "Gross Profit": 5,
        "Operating Income": 0,
        "EBIT": 0,
        "Net Income": 0
    },
    "2013-09-30": {
        "Diluted EPS": -0.02,
        "Total Revenue": 11,
        "Gross Profit": 5,
        "Operating Income": 0,
        "EBIT": 0,
        "Net Income": 0
    },
    "2013-06-30": {
        "Diluted EPS": -0.08,
        "Total Revenue": 11,
        "Gross Profit": 5,
        "Operating Income": -1,
        "EBIT": -1,
        "Net Income": -1
    },
    "2013-03-31": {
        "Diluted EPS": -0.05,
        "Total Revenue": 12,
        "Gross Profit": 6,
        "Operating Income": -1,
        "EBIT": -1,
        "Net Income": -1
    },
    "2012-12-31": {
        "Diluted EPS": -0.03,
        "Total Revenue": 12,
        "Gross Profit": 6,
        "Operating Income": 0,
        "EBIT": 0,
        "Net Income": 0
    },
    "2012-09-30": {
        "Diluted EPS": -0.03,
        "Total Revenue": 11,
        "Gross Profit": 5,
        "Operating Income": 0,
        "EBIT": 0,
        "Net Income": 0
    },
    "2012-06-30": {
        "Diluted EPS": 0.0,
        "Total Revenue": 12,
        "Gross Profit": 6,
        "Operating Income": 0,
        "EBIT": 0,
        "Net Income": 0
    },
    "2012-03-31": {
        "Diluted EPS": 0.0,
        "Total Revenue": 12,
        "Gross Profit": 6,
        "Operating Income": 0,
        "EBIT": 0,
        "Net Income": 0
    },
    "2011-12-31": {
        "Diluted EPS": -0.13,
        "Total Revenue": 10,
        "Gross Profit": 5,
        "Operating Income": -1,
        "EBIT": -1,
        "Net Income": -1
    },
    "2011-09-30": {
        "Diluted EPS": -0.14,
        "Total Revenue": 11,
        "Gross Profit": 5,
        "Operating Income": -1,
        "EBIT": -1,
        "Net Income": -1
    },
    "2011-06-30": {
        "Diluted EPS": -0.34,
        "Total Revenue": 12,
        "Gross Profit": 6,
        "Operating Income": -4,
        "EBIT": -3,
        "Net Income": -4
    },
    "2011-03-31": {
        "Diluted EPS": -0.04,
        "Total Revenue": 12,
        "Gross Profit": 6,
        "Operating Income": 0,
        "EBIT": 0,
        "Net Income": 0
    },
    "2010-12-31": {
        "Diluted EPS": -0.06,
        "Total Revenue": 13,
        "Gross Profit": 6,
        "Operating Income": -1,
        "EBIT": 0,
        "Net Income": -1
    },
    "2010-09-30": {
        "Diluted EPS": -0.07,
        "Total Revenue": 12,
        "Gross Profit": 6,
        "Operating Income": -1,
        "EBIT": 0,
        "Net Income": -1
    },
    "2010-06-30": {
        "Diluted EPS": -0.05,
        "Total Revenue": 12,
        "Gross Profit": 6,
        "Operating Income": 0,
        "EBIT": 0,
        "Net Income": -1
    },
    "2010-03-31": {
        "Diluted EPS": -0.01,
        "Total Revenue": 12,
        "Gross Profit": 6,
        "Operating Income": 0,
        "EBIT": 0,
        "Net Income": 0
    },
    "2009-12-31": {
        "Diluted EPS": -0.04,
        "Total Revenue": 11,
        "Gross Profit": 6,
        "Operating Income": 0,
        "EBIT": 0,
        "Net Income": 0
    },
    "2009-09-30": {
        "Diluted EPS": -0.05,
        "Total Revenue": 11,
        "Gross Profit": 6,
        "Operating Income": 0,
        "EBIT": 0,
        "Net Income": 0
    },
    "2009-06-30": {
        "Diluted EPS": -0.04,
        "Total Revenue": 11,
        "Gross Profit": 6,
        "Operating Income": -1,
        "EBIT": 0,
        "Net Income": -1
    },
    "2009-03-31": {
        "Diluted EPS": -0.03,
        "Total Revenue": 11,
        "Gross Profit": 6,
        "Operating Income": 0,
        "EBIT": 0,
        "Net Income": 0
    },
    "2023-06-30": {
        "Tax Effect Of Unusual Items": -24150.0,
        "Tax Rate For Calcs": 0.21,
        "Normalized EBITDA": 1278000.0,
        "Total Unusual Items": -115000.0,
        "Total Unusual Items Excluding Goodwill": -115000.0,
        "Net Income From Continuing Operation Net Minority Interest": -1653000.0,
        "Reconciled Depreciation": 1976000.0,
        "Reconciled Cost Of Revenue": 20942000.0,
        "EBITDA": 1163000.0,
        "EBIT": -813000.0,
        "Net Interest Income": -404000.0,
        "Interest Expense": 404000.0,
        "Normalized Income": -1562150.0,
        "Net Income From Continuing And Discontinued Operation": -1653000.0,
        "Total Expenses": 35570000.0,
        "Total Operating Income As Reported": -761000.0,
        "Diluted Average Shares": 36719000.0,
        "Basic Average Shares": 36719000.0,
        "Diluted EPS": -0.05,
        "Basic EPS": -0.05,
        "Diluted NI Availto Com Stockholders": -1653000.0,
        "Net Income Common Stockholders": -1653000.0,
        "Net Income": -1653000.0,
        "Net Income Including Noncontrolling Interests": -1653000.0,
        "Net Income Continuous Operations": -1653000.0,
        "Tax Provision": 436000.0,
        "Pretax Income": -1217000.0,
        "Other Income Expense": -167000.0,
        "Other Non Operating Income Expenses": -52000.0,
        "Special Income Charges": -115000.0,
        "Restructuring And Mergern Acquisition": 115000.0,
        "Net Non Operating Interest Income Expense": -404000.0,
        "Interest Expense Non Operating": 404000.0,
        "Operating Income": -646000.0,
        "Operating Expense": 14444000.0,
        "Depreciation Amortization Depletion Income Statement": 1792000.0,
        "Depreciation And Amortization In Income Statement": 1792000.0,
        "Amortization": 1464000.0,
        "Amortization Of Intangibles Income Statement": 1464000.0,
        "Depreciation Income Statement": 328000.0,
        "Research And Development": 4948000.0,
        "Selling General And Administration": 7704000.0,
        "Selling And Marketing Expense": 518000.0,
        "General And Administrative Expense": 7186000.0,
        "Other Gand A": 1447000.0,
        "Insurance And Claims": 578000.0,
        "Salaries And Wages": 5161000.0,
        "Gross Profit": 13798000.0,
        "Cost Of Revenue": 21126000.0,
        "Total Revenue": 34924000.0,
        "Operating Revenue": 34924000.0
    },
    "2023-09-30": {
        "Tax Effect Of Unusual Items": 0.0,
        "Tax Rate For Calcs": 0.0,
        "Normalized EBITDA": 368000.0,
        "Total Unusual Items": -11000.0,
        "Total Unusual Items Excluding Goodwill": -11000.0,
        "Net Income From Continuing Operation Net Minority Interest": -1886000.0,
        "Reconciled Depreciation": 1912000.0,
        "Reconciled Cost Of Revenue": 18740000.0,
        "EBITDA": 357000.0,
        "EBIT": -1555000.0,
        "Net Interest Income": -338000.0,
        "Interest Expense": 338000.0,
        "Normalized Income": -1875000.0,
        "Net Income From Continuing And Discontinued Operation": -1886000.0,
        "Total Expenses": 34594000.0,
        "Total Operating Income As Reported": -1574000.0,
        "Diluted Average Shares": 36982000.0,
        "Basic Average Shares": 36982000.0,
        "Diluted EPS": -0.05,
        "Basic EPS": -0.05,
        "Diluted NI Availto Com Stockholders": -1886000.0,
        "Net Income Common Stockholders": -1886000.0,
        "Net Income": -1886000.0,
        "Net Income Including Noncontrolling Interests": -1886000.0,
        "Net Income Continuous Operations": -1886000.0,
        "Tax Provision": -7000.0,
        "Pretax Income": -1893000.0,
        "Other Income Expense": 8000.0,
        "Other Non Operating Income Expenses": 19000.0,
        "Special Income Charges": -11000.0,
        "Restructuring And Mergern Acquisition": 11000.0,
        "Net Non Operating Interest Income Expense": -338000.0,
        "Interest Expense Non Operating": 338000.0,
        "Operating Income": -1563000.0,
        "Operating Expense": 15660000.0,
        "Depreciation Amortization Depletion Income Statement": 1718000.0,
        "Depreciation And Amortization In Income Statement": 1718000.0,
        "Amortization": 1384000.0,
        "Amortization Of Intangibles Income Statement": 1384000.0,
        "Depreciation Income Statement": 334000.0,
        "Research And Development": 5106000.0,
        "Selling General And Administration": 8836000.0,
        "Selling And Marketing Expense": 482000.0,
        "General And Administrative Expense": 8354000.0,
        "Other Gand A": 1826000.0,
        "Insurance And Claims": 514000.0,
        "Salaries And Wages": 6014000.0,
        "Gross Profit": 14097000.0,
        "Cost Of Revenue": 18934000.0,
        "Total Revenue": 33031000.0,
        "Operating Revenue": 33031000.0
    },
    "2023-12-31": {
        "Tax Effect Of Unusual Items": -153700.0,
        "Tax Rate For Calcs": 0.29,
        "Normalized EBITDA": 558000.0,
        "Total Unusual Items": -530000.0,
        "Total Unusual Items Excluding Goodwill": -530000.0,
        "Net Income From Continuing Operation Net Minority Interest": -2593000.0,
        "Reconciled Depreciation": 1809000.0,
        "Reconciled Cost Of Revenue": 21846000.0,
        "EBITDA": 28000.0,
        "EBIT": -1781000.0,
        "Net Interest Income": -232000.0,
        "Interest Expense": 232000.0,
        "Normalized Income": -2216700.0,
        "Net Income From Continuing And Discontinued Operation": -2593000.0,
        "Total Expenses": 38266000.0,
        "Total Operating Income As Reported": -1758000.0,
        "Diluted Average Shares": 37354000.0,
        "Basic Average Shares": 37354000.0,
        "Diluted EPS": -0.07,
        "Basic EPS": -0.07,
        "Diluted NI Availto Com Stockholders": -2593000.0,
        "Net Income Common Stockholders": -2593000.0,
        "Net Income": -2593000.0,
        "Net Income Including Noncontrolling Interests": -2593000.0,
        "Net Income Continuous Operations": -2593000.0,
        "Tax Provision": 580000.0,
        "Pretax Income": -2013000.0,
        "Other Income Expense": -553000.0,
        "Other Non Operating Income Expenses": -23000.0,
        "Special Income Charges": -530000.0,
        "Restructuring And Mergern Acquisition": 530000.0,
        "Net Non Operating Interest Income Expense": -232000.0,
        "Interest Expense Non Operating": 232000.0,
        "Operating Income": -1228000.0,
        "Operating Expense": 16259000.0,
        "Depreciation Amortization Depletion Income Statement": 1648000.0,
        "Depreciation And Amortization In Income Statement": 1648000.0,
        "Amortization": 1310000.0,
        "Amortization Of Intangibles Income Statement": 1310000.0,
        "Depreciation Income Statement": 338000.0,
        "Research And Development": 4725000.0,
        "Selling General And Administration": 9886000.0,
        "Selling And Marketing Expense": 553000.0,
        "General And Administrative Expense": 9333000.0,
        "Other Gand A": 1327000.0,
        "Insurance And Claims": 1000000.0,
        "Salaries And Wages": 7006000.0,
        "Gross Profit": 15031000.0,
        "Cost Of Revenue": 22007000.0,
        "Total Revenue": 37038000.0,
        "Operating Revenue": 37038000.0
    },
    "2024-03-31": {
        "Tax Effect Of Unusual Items": -73500.0,
        "Tax Rate For Calcs": 0.21,
        "Normalized EBITDA": 2139000.0,
        "Total Unusual Items": -350000.0,
        "Total Unusual Items Excluding Goodwill": -350000.0,
        "Net Income From Continuing Operation Net Minority Interest": -423000.0,
        "Reconciled Depreciation": 1882000.0,
        "Reconciled Cost Of Revenue": 24459000.0,
        "EBITDA": 1789000.0,
        "EBIT": -93000.0,
        "Net Interest Income": -171000.0,
        "Interest Expense": 171000.0,
        "Normalized Income": -146500.0,
        "Net Income From Continuing And Discontinued Operation": -423000.0,
        "Total Expenses": 40928000.0,
        "Total Operating Income As Reported": -95000.0,
        "Diluted Average Shares": 37509000.0,
        "Basic Average Shares": 37509000.0,
        "Diluted EPS": -0.01,
        "Basic EPS": -0.01,
        "Diluted NI Availto Com Stockholders": -423000.0,
        "Net Income Common Stockholders": -423000.0,
        "Net Income": -423000.0,
        "Net Income Including Noncontrolling Interests": -423000.0,
        "Net Income Continuous Operations": -423000.0,
        "Tax Provision": 159000.0,
        "Pretax Income": -264000.0,
        "Other Income Expense": -348000.0,
        "Other Non Operating Income Expenses": 2000.0,
        "Special Income Charges": -350000.0,
        "Restructuring And Mergern Acquisition": 350000.0,
        "Net Non Operating Interest Income Expense": -171000.0,
        "Interest Expense Non Operating": 171000.0,
        "Operating Income": 255000.0,
        "Operating Expense": 16249000.0,
        "Depreciation Amortization Depletion Income Statement": 1662000.0,
        "Depreciation And Amortization In Income Statement": 1662000.0,
        "Amortization": 1310000.0,
        "Amortization Of Intangibles Income Statement": 1310000.0,
        "Depreciation Income Statement": 352000.0,
        "Research And Development": 5186000.0,
        "Selling General And Administration": 9401000.0,
        "Selling And Marketing Expense": 543000.0,
        "General And Administrative Expense": 8858000.0,
        "Other Gand A": 1107000.0,
        "Insurance And Claims": 651000.0,
        "Salaries And Wages": 7100000.0,
        "Gross Profit": 16504000.0,
        "Cost Of Revenue": 24679000.0,
        "Total Revenue": 41183000.0,
        "Operating Revenue": 41183000.0
    },
    "2024-06-30": {
        "Tax Effect Of Unusual Items": -17040.100251,
        "Tax Rate For Calcs": 0.032581,
        "Normalized EBITDA": 2971000.0,
        "Total Unusual Items": -523000.0,
        "Total Unusual Items Excluding Goodwill": -523000.0,
        "Net Income From Continuing Operation Net Minority Interest": 386000.0,
        "Reconciled Depreciation": 1874000.0,
        "Reconciled Cost Of Revenue": 30158000.0,
        "EBITDA": 2448000.0,
        "EBIT": 574000.0,
        "Net Interest Income": -175000.0,
        "Interest Expense": 175000.0,
        "Normalized Income": 891959.899749,
        "Net Income From Continuing And Discontinued Operation": 386000.0,
        "Total Expenses": 47987000.0,
        "Total Operating Income As Reported": 565000.0,
        "Diluted Average Shares": NaN,
        "Basic Average Shares": NaN,
        "Diluted EPS": NaN,
        "Basic EPS": NaN,
        "Diluted NI Availto Com Stockholders": 386000.0,
        "Net Income Common Stockholders": 386000.0,
        "Net Income": 386000.0,
        "Net Income Including Noncontrolling Interests": 386000.0,
        "Net Income Continuous Operations": 386000.0,
        "Tax Provision": 13000.0,
        "Pretax Income": 399000.0,
        "Other Income Expense": -514000.0,
        "Other Non Operating Income Expenses": 9000.0,
        "Special Income Charges": -523000.0,
        "Restructuring And Mergern Acquisition": 523000.0,
        "Net Non Operating Interest Income Expense": -175000.0,
        "Interest Expense Non Operating": 175000.0,
        "Operating Income": 1088000.0,
        "Operating Expense": 17634000.0,
        "Depreciation Amortization Depletion Income Statement": 1679000.0,
        "Depreciation And Amortization In Income Statement": 1679000.0,
        "Amortization": 1310000.0,
        "Amortization Of Intangibles Income Statement": 1310000.0,
        "Depreciation Income Statement": 369000.0,
        "Research And Development": 5265000.0,
        "Selling General And Administration": 10690000.0,
        "Selling And Marketing Expense": 768000.0,
        "General And Administrative Expense": 9922000.0,
        "Other Gand A": 1889000.0,
        "Insurance And Claims": 589000.0,
        "Salaries And Wages": 7444000.0,
        "Gross Profit": 18722000.0,
        "Cost Of Revenue": 30353000.0,
        "Total Revenue": 49075000.0,
        "Operating Revenue": 49075000.0
    }
}