{
    "2023-03-31": {
        "Tax Effect Of Unusual Items": NaN,
        "Tax Rate For Calcs": NaN,
        "Total Unusual Items": 0.0,
        "Total Unusual Items Excluding Goodwill": 0.0,
        "Net Income From Continuing Operation Net Minority Interest": NaN,
        "Reconciled Depreciation": NaN,
        "Net Interest Income": NaN,
        "Interest Expense": NaN,
        "Interest Income": NaN,
        "Normalized Income": NaN,
        "Net Income From Continuing And Discontinued Operation": NaN,
        "Diluted Average Shares": 569471186.0,
        "Basic Average Shares": 569471186.0,
        "Diluted EPS": 1.18,
        "Basic EPS": 1.18,
        "Diluted NI Availto Com Stockholders": NaN,
        "Net Income Common Stockholders": NaN,
        "Net Income": NaN,
        "Minority Interests": NaN,
        "Net Income Including Noncontrolling Interests": NaN,
        "Net Income Continuous Operations": NaN,
        "Tax Provision": NaN,
        "Pretax Income": NaN,
        "Special Income Charges": 0.0,
        "Write Off": 0.0,
        "Restructuring And Mergern Acquisition": NaN,
        "Gain On Sale Of Security": NaN,
        "Selling General And Administration": NaN,
        "Selling And Marketing Expense": NaN,
        "General And Administrative Expense": NaN,
        "Other Gand A": NaN,
        "Total Revenue": NaN,
        "Operating Revenue": NaN,
        "Other Non Interest Expense": NaN
    },
    "2022-12-31": {
        "Tax Effect Of Unusual Items": NaN,
        "Tax Rate For Calcs": NaN,
        "Total Unusual Items": -180876000.0,
        "Total Unusual Items Excluding Goodwill": -180876000.0,
        "Net Income From Continuing Operation Net Minority Interest": NaN,
        "Reconciled Depreciation": 188052000.0,
        "Net Interest Income": NaN,
        "Interest Expense": NaN,
        "Interest Income": NaN,
        "Normalized Income": NaN,
        "Net Income From Continuing And Discontinued Operation": NaN,
        "Diluted Average Shares": 574149296.0,
        "Basic Average Shares": 574149296.0,
        "Diluted EPS": -1.42,
        "Basic EPS": -1.42,
        "Diluted NI Availto Com Stockholders": NaN,
        "Net Income Common Stockholders": NaN,
        "Net Income": NaN,
        "Minority Interests": NaN,
        "Net Income Including Noncontrolling Interests": NaN,
        "Net Income Continuous Operations": NaN,
        "Tax Provision": NaN,
        "Pretax Income": NaN,
        "Special Income Charges": -180876000.0,
        "Write Off": 7101000.0,
        "Restructuring And Mergern Acquisition": 0.0,
        "Gain On Sale Of Security": NaN,
        "Selling General And Administration": NaN,
        "Selling And Marketing Expense": NaN,
        "General And Administrative Expense": NaN,
        "Other Gand A": NaN,
        "Total Revenue": NaN,
        "Operating Revenue": NaN,
        "Other Non Interest Expense": NaN
    },
    "2022-09-30": {
        "Tax Effect Of Unusual Items": -24382672.242655,
        "Tax Rate For Calcs": 0.3583,
        "Total Unusual Items": -68051000.0,
        "Total Unusual Items Excluding Goodwill": -68051000.0,
        "Net Income From Continuing Operation Net Minority Interest": 1326757000.0,
        "Reconciled Depreciation": NaN,
        "Net Interest Income": 4312221000.0,
        "Interest Expense": 305879000.0,
        "Interest Income": 4618100000.0,
        "Normalized Income": 1370425327.757345,
        "Net Income From Continuing And Discontinued Operation": 1326757000.0,
        "Diluted Average Shares": 2287512069.0,
        "Basic Average Shares": 2287512069.0,
        "Diluted EPS": 0.58,
        "Basic EPS": 0.58,
        "Diluted NI Availto Com Stockholders": 1326757000.0,
        "Net Income Common Stockholders": 1326757000.0,
        "Net Income": 1326757000.0,
        "Minority Interests": -27882000.0,
        "Net Income Including Noncontrolling Interests": 1354639000.0,
        "Net Income Continuous Operations": 1354639000.0,
        "Tax Provision": 756377000.0,
        "Pretax Income": 2111016000.0,
        "Special Income Charges": -68051000.0,
        "Write Off": 68051000.0,
        "Restructuring And Mergern Acquisition": NaN,
        "Gain On Sale Of Security": 167809000.0,
        "Selling General And Administration": 5146636000.0,
        "Selling And Marketing Expense": 4070803000.0,
        "General And Administrative Expense": 1075833000.0,
        "Other Gand A": 1075833000.0,
        "Total Revenue": 11287702000.0,
        "Operating Revenue": 11287702000.0
    },
    "2022-06-30": {
        "Tax Effect Of Unusual Items": -114522571.014127,
        "Tax Rate For Calcs": 0.325389,
        "Total Unusual Items": -351956000.0,
        "Total Unusual Items Excluding Goodwill": -351956000.0,
        "Net Income From Continuing Operation Net Minority Interest": 2908962000.0,
        "Reconciled Depreciation": NaN,
        "Net Interest Income": 4788966000.0,
        "Interest Expense": 221279000.0,
        "Interest Income": 5010245000.0,
        "Normalized Income": 3146395428.985873,
        "Net Income From Continuing And Discontinued Operation": 2908962000.0,
        "Diluted Average Shares": 2291844238.0,
        "Basic Average Shares": 2291844238.0,
        "Diluted EPS": 3.365,
        "Basic EPS": 3.58,
        "Diluted NI Availto Com Stockholders": 2908962000.0,
        "Net Income Common Stockholders": 2908962000.0,
        "Net Income": 2908962000.0,
        "Minority Interests": -27492000.0,
        "Net Income Including Noncontrolling Interests": 2936454000.0,
        "Net Income Continuous Operations": 2936454000.0,
        "Tax Provision": 1416356000.0,
        "Pretax Income": 4352810000.0,
        "Special Income Charges": -351956000.0,
        "Write Off": 351956000.0,
        "Restructuring And Mergern Acquisition": NaN,
        "Gain On Sale Of Security": 428234000.0,
        "Selling General And Administration": 4741164000.0,
        "Selling And Marketing Expense": 3495839000.0,
        "General And Administrative Expense": 1245325000.0,
        "Other Gand A": 1245325000.0,
        "Total Revenue": 13483807000.0,
        "Operating Revenue": 13483807000.0
    },
    "2023-06-30": {
        "Tax Effect Of Unusual Items": 0.0,
        "Tax Rate For Calcs": 0.236055,
        "Total Unusual Items": 0.0,
        "Total Unusual Items Excluding Goodwill": 0.0,
        "Net Income From Continuing Operation Net Minority Interest": 965349000.0,
        "Reconciled Depreciation": NaN,
        "Net Interest Income": 3231268000.0,
        "Interest Expense": 135649000.0,
        "Interest Income": 3366917000.0,
        "Normalized Income": 965349000.0,
        "Net Income From Continuing And Discontinued Operation": 965349000.0,
        "Diluted Average Shares": 573118058.0,
        "Basic Average Shares": 573118058.0,
        "Diluted EPS": 2.86,
        "Basic EPS": 2.86,
        "Diluted NI Availto Com Stockholders": 965349000.0,
        "Net Income Common Stockholders": 965349000.0,
        "Net Income": 965349000.0,
        "Minority Interests": -38269000.0,
        "Net Income Including Noncontrolling Interests": 1003618000.0,
        "Net Income Continuous Operations": 1003618000.0,
        "Tax Provision": 310113000.0,
        "Pretax Income": 1313731000.0,
        "Special Income Charges": 0.0,
        "Write Off": 0.0,
        "Restructuring And Mergern Acquisition": NaN,
        "Gain On Sale Of Security": 370043000.0,
        "Selling General And Administration": 3033412000.0,
        "Selling And Marketing Expense": 2540067000.0,
        "General And Administrative Expense": 493345000.0,
        "Other Gand A": 493345000.0,
        "Total Revenue": 7559687000.0,
        "Operating Revenue": 7559687000.0,
        "Other Non Interest Expense": 213687000.0
    },
    "2023-09-30": {
        "Tax Effect Of Unusual Items": 0.0,
        "Tax Rate For Calcs": 0.25,
        "Total Unusual Items": 0.0,
        "Total Unusual Items Excluding Goodwill": 0.0,
        "Net Income From Continuing Operation Net Minority Interest": 93778000.0,
        "Reconciled Depreciation": NaN,
        "Net Interest Income": 3267425000.0,
        "Interest Expense": 39960000.0,
        "Interest Income": 3307385000.0,
        "Normalized Income": 93778000.0,
        "Net Income From Continuing And Discontinued Operation": 93778000.0,
        "Diluted Average Shares": 586112500.0,
        "Basic Average Shares": 586112500.0,
        "Diluted EPS": 0.16,
        "Basic EPS": 0.16,
        "Diluted NI Availto Com Stockholders": 93778000.0,
        "Net Income Common Stockholders": 93778000.0,
        "Net Income": 93778000.0,
        "Minority Interests": -37195000.0,
        "Net Income Including Noncontrolling Interests": 130973000.0,
        "Net Income Continuous Operations": 130973000.0,
        "Tax Provision": 172322000.0,
        "Pretax Income": 303295000.0,
        "Special Income Charges": 0.0,
        "Write Off": 0.0,
        "Restructuring And Mergern Acquisition": NaN,
        "Gain On Sale Of Security": 252599000.0,
        "Selling General And Administration": 2790302000.0,
        "Selling And Marketing Expense": 2290403000.0,
        "General And Administrative Expense": 499899000.0,
        "Other Gand A": 499899000.0,
        "Total Revenue": 6533477000.0,
        "Operating Revenue": 6533477000.0,
        "Other Non Interest Expense": 437955000.0
    },
    "2024-03-31": {
        "Tax Effect Of Unusual Items": 0.0,
        "Tax Rate For Calcs": 0.25,
        "Total Unusual Items": NaN,
        "Total Unusual Items Excluding Goodwill": NaN,
        "Net Income From Continuing Operation Net Minority Interest": -870463000.0,
        "Reconciled Depreciation": NaN,
        "Net Interest Income": 2787035000.0,
        "Interest Expense": 58156000.0,
        "Interest Income": 2845191000.0,
        "Normalized Income": -870463000.0,
        "Net Income From Continuing And Discontinued Operation": -870463000.0,
        "Diluted Average Shares": 572673026.0,
        "Basic Average Shares": 572673026.0,
        "Diluted EPS": -1.52,
        "Basic EPS": -1.52,
        "Diluted NI Availto Com Stockholders": -870463000.0,
        "Net Income Common Stockholders": -870463000.0,
        "Net Income": -870463000.0,
        "Minority Interests": -40502000.0,
        "Net Income Including Noncontrolling Interests": -829961000.0,
        "Net Income Continuous Operations": -829961000.0,
        "Tax Provision": 1277224000.0,
        "Pretax Income": 447263000.0,
        "Special Income Charges": NaN,
        "Write Off": NaN,
        "Restructuring And Mergern Acquisition": NaN,
        "Gain On Sale Of Security": 321758000.0,
        "Selling General And Administration": 2000600000.0,
        "Selling And Marketing Expense": 1518096000.0,
        "General And Administrative Expense": 482504000.0,
        "Other Gand A": 482504000.0,
        "Total Revenue": 5578878000.0,
        "Operating Revenue": 5578878000.0,
        "Other Non Interest Expense": 268840000.0
    },
    "2023-12-31": {
        "Tax Effect Of Unusual Items": -7297439.131752,
        "Tax Rate For Calcs": 0.233548,
        "Total Unusual Items": -31246000.0,
        "Total Unusual Items Excluding Goodwill": -31246000.0,
        "Net Income From Continuing Operation Net Minority Interest": -844238000.0,
        "Reconciled Depreciation": NaN,
        "Net Interest Income": 2510081000.0,
        "Interest Expense": 8846178000.0,
        "Interest Income": 11356259000.0,
        "Normalized Income": -820289439.131752,
        "Net Income From Continuing And Discontinued Operation": -844238000.0,
        "Diluted Average Shares": NaN,
        "Basic Average Shares": NaN,
        "Diluted EPS": NaN,
        "Basic EPS": NaN,
        "Diluted NI Availto Com Stockholders": -844238000.0,
        "Net Income Common Stockholders": -844238000.0,
        "Net Income": -844238000.0,
        "Minority Interests": -11763000.0,
        "Net Income Including Noncontrolling Interests": -832475000.0,
        "Net Income Continuous Operations": -832475000.0,
        "Tax Provision": -253666000.0,
        "Pretax Income": -1086141000.0,
        "Special Income Charges": -31246000.0,
        "Write Off": 31246000.0,
        "Restructuring And Mergern Acquisition": NaN,
        "Gain On Sale Of Security": 218883000.0,
        "Selling General And Administration": 2562485000.0,
        "Selling And Marketing Expense": 2006965000.0,
        "General And Administrative Expense": 555520000.0,
        "Other Gand A": 555520000.0,
        "Total Revenue": 5691738000.0,
        "Operating Revenue": 5691738000.0,
        "Other Non Interest Expense": 586677000.0
    },
    "2024-06-30": {
        "Tax Effect Of Unusual Items": 0.0,
        "Tax Rate For Calcs": 0.25,
        "Total Unusual Items": NaN,
        "Total Unusual Items Excluding Goodwill": NaN,
        "Net Income From Continuing Operation Net Minority Interest": -792072000.0,
        "Reconciled Depreciation": NaN,
        "Net Interest Income": 2702500000.0,
        "Interest Expense": 2607792000.0,
        "Interest Income": 5310292000.0,
        "Normalized Income": -792072000.0,
        "Net Income From Continuing And Discontinued Operation": -792072000.0,
        "Diluted Average Shares": NaN,
        "Basic Average Shares": NaN,
        "Diluted EPS": NaN,
        "Basic EPS": NaN,
        "Diluted NI Availto Com Stockholders": -792072000.0,
        "Net Income Common Stockholders": -792072000.0,
        "Net Income": -792072000.0,
        "Minority Interests": -62081000.0,
        "Net Income Including Noncontrolling Interests": -729991000.0,
        "Net Income Continuous Operations": -729991000.0,
        "Tax Provision": 365503000.0,
        "Pretax Income": -364488000.0,
        "Special Income Charges": NaN,
        "Write Off": NaN,
        "Restructuring And Mergern Acquisition": NaN,
        "Gain On Sale Of Security": 44174000.0,
        "Selling General And Administration": 1882234000.0,
        "Selling And Marketing Expense": 1371539000.0,
        "General And Administrative Expense": 510695000.0,
        "Other Gand A": 510695000.0,
        "Total Revenue": 4585992000.0,
        "Operating Revenue": 4585992000.0,
        "Other Non Interest Expense": 557883000.0
    }
}