{
    "2023-04-30": {
        "Tax Effect Of Unusual Items": NaN,
        "Tax Rate For Calcs": NaN,
        "Normalized EBITDA": NaN,
        "Total Unusual Items": NaN,
        "Total Unusual Items Excluding Goodwill": NaN,
        "Net Income From Continuing Operation Net Minority Interest": NaN,
        "Reconciled Depreciation": NaN,
        "Reconciled Cost Of Revenue": NaN,
        "EBITDA": NaN,
        "EBIT": NaN,
        "Normalized Income": NaN,
        "Net Income From Continuing And Discontinued Operation": NaN,
        "Total Expenses": NaN,
        "Total Operating Income As Reported": NaN,
        "Diluted Average Shares": 127621000.0,
        "Basic Average Shares": 127246000.0,
        "Diluted EPS": 2.28,
        "Basic EPS": 2.28,
        "Diluted NI Availto Com Stockholders": NaN,
        "Net Income Common Stockholders": NaN,
        "Net Income": NaN,
        "Net Income Including Noncontrolling Interests": NaN,
        "Net Income Continuous Operations": NaN,
        "Tax Provision": NaN,
        "Pretax Income": NaN,
        "Other Income Expense": NaN,
        "Other Non Operating Income Expenses": NaN,
        "Special Income Charges": NaN,
        "Gain On Sale Of Ppe": NaN,
        "Impairment Of Capital Assets": NaN,
        "Restructuring And Mergern Acquisition": NaN,
        "Operating Income": NaN,
        "Operating Expense": NaN,
        "Depreciation Amortization Depletion Income Statement": NaN,
        "Depreciation And Amortization In Income Statement": NaN,
        "Amortization": NaN,
        "Amortization Of Intangibles Income Statement": NaN,
        "Selling General And Administration": NaN,
        "Gross Profit": NaN,
        "Cost Of Revenue": NaN,
        "Total Revenue": NaN,
        "Operating Revenue": NaN
    },
    "2023-01-31": {
        "Tax Effect Of Unusual Items": NaN,
        "Tax Rate For Calcs": NaN,
        "Normalized EBITDA": NaN,
        "Total Unusual Items": -407913000.0,
        "Total Unusual Items Excluding Goodwill": -407913000.0,
        "Net Income From Continuing Operation Net Minority Interest": NaN,
        "Reconciled Depreciation": NaN,
        "Reconciled Cost Of Revenue": NaN,
        "EBITDA": NaN,
        "EBIT": NaN,
        "Normalized Income": NaN,
        "Net Income From Continuing And Discontinued Operation": NaN,
        "Total Expenses": NaN,
        "Total Operating Income As Reported": NaN,
        "Diluted Average Shares": NaN,
        "Basic Average Shares": NaN,
        "Diluted EPS": NaN,
        "Basic EPS": NaN,
        "Diluted NI Availto Com Stockholders": NaN,
        "Net Income Common Stockholders": NaN,
        "Net Income": NaN,
        "Net Income Including Noncontrolling Interests": NaN,
        "Net Income Continuous Operations": NaN,
        "Tax Provision": NaN,
        "Pretax Income": NaN,
        "Other Income Expense": NaN,
        "Other Non Operating Income Expenses": NaN,
        "Special Income Charges": -407913000.0,
        "Gain On Sale Of Ppe": 0.0,
        "Impairment Of Capital Assets": NaN,
        "Restructuring And Mergern Acquisition": 0.0,
        "Operating Income": NaN,
        "Operating Expense": NaN,
        "Depreciation Amortization Depletion Income Statement": NaN,
        "Depreciation And Amortization In Income Statement": NaN,
        "Amortization": NaN,
        "Amortization Of Intangibles Income Statement": NaN,
        "Selling General And Administration": NaN,
        "Gross Profit": NaN,
        "Cost Of Revenue": NaN,
        "Total Revenue": NaN,
        "Operating Revenue": NaN
    },
    "2022-10-31": {
        "Tax Effect Of Unusual Items": NaN,
        "Tax Rate For Calcs": NaN,
        "Normalized EBITDA": NaN,
        "Total Unusual Items": 0.0,
        "Total Unusual Items Excluding Goodwill": 0.0,
        "Net Income From Continuing Operation Net Minority Interest": NaN,
        "Reconciled Depreciation": NaN,
        "Reconciled Cost Of Revenue": NaN,
        "EBITDA": NaN,
        "EBIT": NaN,
        "Normalized Income": NaN,
        "Net Income From Continuing And Discontinued Operation": NaN,
        "Total Expenses": NaN,
        "Total Operating Income As Reported": NaN,
        "Diluted Average Shares": NaN,
        "Basic Average Shares": NaN,
        "Diluted EPS": NaN,
        "Basic EPS": NaN,
        "Diluted NI Availto Com Stockholders": NaN,
        "Net Income Common Stockholders": NaN,
        "Net Income": NaN,
        "Net Income Including Noncontrolling Interests": NaN,
        "Net Income Continuous Operations": NaN,
        "Tax Provision": NaN,
        "Pretax Income": NaN,
        "Other Income Expense": NaN,
        "Other Non Operating Income Expenses": NaN,
        "Special Income Charges": 0.0,
        "Gain On Sale Of Ppe": 0.0,
        "Impairment Of Capital Assets": 0.0,
        "Restructuring And Mergern Acquisition": 0.0,
        "Operating Income": NaN,
        "Operating Expense": NaN,
        "Depreciation Amortization Depletion Income Statement": NaN,
        "Depreciation And Amortization In Income Statement": NaN,
        "Amortization": NaN,
        "Amortization Of Intangibles Income Statement": NaN,
        "Selling General And Administration": NaN,
        "Gross Profit": NaN,
        "Cost Of Revenue": NaN,
        "Total Revenue": NaN,
        "Operating Revenue": NaN
    },
    "2022-07-31": {
        "Tax Effect Of Unusual Items": 2840220.0,
        "Tax Rate For Calcs": 0.279,
        "Normalized EBITDA": 448819000.0,
        "Total Unusual Items": 10180000.0,
        "Total Unusual Items Excluding Goodwill": 10180000.0,
        "Net Income From Continuing Operation Net Minority Interest": 289521000.0,
        "Reconciled Depreciation": 67971000.0,
        "Reconciled Cost Of Revenue": 747076000.0,
        "EBITDA": 458999000.0,
        "EBIT": 391028000.0,
        "Normalized Income": 282181220.0,
        "Net Income From Continuing And Discontinued Operation": 289521000.0,
        "Total Expenses": 1477300000.0,
        "Total Operating Income As Reported": 401208000.0,
        "Diluted Average Shares": 127906000.0,
        "Basic Average Shares": 127619000.0,
        "Diluted EPS": 2.26,
        "Basic EPS": 2.27,
        "Diluted NI Availto Com Stockholders": 289521000.0,
        "Net Income Common Stockholders": 289521000.0,
        "Net Income": 289521000.0,
        "Net Income Including Noncontrolling Interests": 289521000.0,
        "Net Income Continuous Operations": 289521000.0,
        "Tax Provision": 111832000.0,
        "Pretax Income": 401353000.0,
        "Other Income Expense": 10325000.0,
        "Other Non Operating Income Expenses": 145000.0,
        "Special Income Charges": 10180000.0,
        "Gain On Sale Of Ppe": 10180000.0,
        "Impairment Of Capital Assets": NaN,
        "Restructuring And Mergern Acquisition": 0.0,
        "Operating Income": 391028000.0,
        "Operating Expense": 664448000.0,
        "Depreciation Amortization Depletion Income Statement": 2195000.0,
        "Depreciation And Amortization In Income Statement": 2195000.0,
        "Amortization": 2195000.0,
        "Amortization Of Intangibles Income Statement": 2195000.0,
        "Selling General And Administration": 662253000.0,
        "Gross Profit": 1055476000.0,
        "Cost Of Revenue": 812852000.0,
        "Total Revenue": 1868328000.0,
        "Operating Revenue": 1868328000.0
    },
    "2022-04-30": {
        "Diluted EPS": 1.48,
        "Total Revenue": NaN,
        "Gross Profit": 870,
        "Operating Income": 260,
        "EBIT": 325,
        "Net Income": 190
    },
    "2022-01-31": {
        "Diluted EPS": 3.35,
        "Total Revenue": NaN,
        "Gross Profit": NaN,
        "Operating Income": 591,
        "EBIT": 653,
        "Net Income": 435
    },
    "2021-10-31": {
        "Diluted EPS": 1.44,
        "Total Revenue": NaN,
        "Gross Profit": 829,
        "Operating Income": 258,
        "EBIT": 316,
        "Net Income": 188
    },
    "2021-07-31": {
        "Diluted EPS": 1.59,
        "Total Revenue": NaN,
        "Gross Profit": 843,
        "Operating Income": 291,
        "EBIT": 345,
        "Net Income": 208
    },
    "2021-04-30": {
        "Diluted EPS": 1.11,
        "Total Revenue": NaN,
        "Gross Profit": 700,
        "Operating Income": 194,
        "EBIT": 244,
        "Net Income": 145
    },
    "2021-01-31": {
        "Diluted EPS": 2.52,
        "Total Revenue": NaN,
        "Gross Profit": NaN,
        "Operating Income": 458,
        "EBIT": 510,
        "Net Income": 330
    },
    "2020-10-31": {
        "Diluted EPS": 1.1,
        "Total Revenue": NaN,
        "Gross Profit": 627,
        "Operating Income": 205,
        "EBIT": 254,
        "Net Income": 144
    },
    "2020-07-31": {
        "Diluted EPS": 0.66,
        "Total Revenue": 903,
        "Gross Profit": 490,
        "Operating Income": 124,
        "EBIT": 165,
        "Net Income": 87
    },
    "2020-04-30": {
        "Diluted EPS": 0.22,
        "Total Revenue": 652,
        "Gross Profit": 334,
        "Operating Income": 33,
        "EBIT": 76,
        "Net Income": 29
    },
    "2020-01-31": {
        "Diluted EPS": 2.27,
        "Total Revenue": NaN,
        "Gross Profit": 811,
        "Operating Income": 416,
        "EBIT": 464,
        "Net Income": 298
    },
    "2019-10-31": {
        "Diluted EPS": 0.96,
        "Total Revenue": 916,
        "Gross Profit": 505,
        "Operating Income": 176,
        "EBIT": 220,
        "Net Income": 126
    },
    "2019-07-31": {
        "Diluted EPS": 0.96,
        "Total Revenue": 883,
        "Gross Profit": 486,
        "Operating Income": 168,
        "EBIT": 206,
        "Net Income": 125
    },
    "2019-04-30": {
        "Diluted EPS": 0.74,
        "Total Revenue": 782,
        "Gross Profit": 422,
        "Operating Income": 129,
        "EBIT": 162,
        "Net Income": 97
    },
    "2019-01-31": {
        "Diluted EPS": 1.64,
        "Total Revenue": NaN,
        "Gross Profit": 669,
        "Operating Income": 331,
        "EBIT": 367,
        "Net Income": 218
    },
    "2018-10-31": {
        "Diluted EPS": 0.71,
        "Total Revenue": 748,
        "Gross Profit": 407,
        "Operating Income": 136,
        "EBIT": 168,
        "Net Income": 94
    },
    "2018-07-31": {
        "Diluted EPS": 0.71,
        "Total Revenue": 724,
        "Gross Profit": 396,
        "Operating Income": 134,
        "EBIT": 163,
        "Net Income": 96
    },
    "2018-04-30": {
        "Diluted EPS": 0.55,
        "Total Revenue": 650,
        "Gross Profit": 345,
        "Operating Income": 104,
        "EBIT": 131,
        "Net Income": 75
    },
    "2018-01-31": {
        "Diluted EPS": 0.88,
        "Total Revenue": 929,
        "Gross Profit": 523,
        "Operating Income": 256,
        "EBIT": 284,
        "Net Income": 120
    },
    "2017-10-31": {
        "Diluted EPS": 0.43,
        "Total Revenue": 619,
        "Gross Profit": 322,
        "Operating Income": 86,
        "EBIT": 114,
        "Net Income": 59
    },
    "2017-07-31": {
        "Diluted EPS": 0.36,
        "Total Revenue": 581,
        "Gross Profit": 297,
        "Operating Income": 69,
        "EBIT": 97,
        "Net Income": 49
    },
    "2017-04-30": {
        "Diluted EPS": 0.23,
        "Total Revenue": 520,
        "Gross Profit": 257,
        "Operating Income": 45,
        "EBIT": 69,
        "Net Income": 31
    },
    "2017-01-31": {
        "Diluted EPS": 0.99,
        "Total Revenue": 790,
        "Gross Profit": 428,
        "Operating Income": 197,
        "EBIT": 221,
        "Net Income": 136
    },
    "2016-10-31": {
        "Diluted EPS": 0.5,
        "Total Revenue": 544,
        "Gross Profit": 278,
        "Operating Income": 93,
        "EBIT": 117,
        "Net Income": 68
    },
    "2016-07-31": {
        "Diluted EPS": 0.39,
        "Total Revenue": 515,
        "Gross Profit": 254,
        "Operating Income": 74,
        "EBIT": 94,
        "Net Income": 54
    },
    "2016-04-30": {
        "Diluted EPS": 0.33,
        "Total Revenue": 496,
        "Gross Profit": 239,
        "Operating Income": 58,
        "EBIT": 77,
        "Net Income": 45
    },
    "2016-01-31": {
        "Diluted EPS": 0.83,
        "Total Revenue": 704,
        "Gross Profit": 354,
        "Operating Income": 166,
        "EBIT": 187,
        "Net Income": 117
    },
    "2015-10-31": {
        "Diluted EPS": 0.38,
        "Total Revenue": 480,
        "Gross Profit": 225,
        "Operating Income": 68,
        "EBIT": 88,
        "Net Income": 53
    },
    "2015-07-31": {
        "Diluted EPS": 0.34,
        "Total Revenue": 453,
        "Gross Profit": 212,
        "Operating Income": 67,
        "EBIT": 83,
        "Net Income": 48
    },
    "2015-04-30": {
        "Diluted EPS": 0.34,
        "Total Revenue": 424,
        "Gross Profit": 206,
        "Operating Income": 68,
        "EBIT": 84,
        "Net Income": 48
    },
    "2015-01-31": {
        "Diluted EPS": 0.78,
        "Total Revenue": 602,
        "Gross Profit": 310,
        "Operating Income": 157,
        "EBIT": 174,
        "Net Income": 111
    },
    "2014-10-31": {
        "Diluted EPS": 0.42,
        "Total Revenue": 419,
        "Gross Profit": 211,
        "Operating Income": 81,
        "EBIT": 97,
        "Net Income": 60
    },
    "2014-07-31": {
        "Diluted EPS": 0.33,
        "Total Revenue": 391,
        "Gross Profit": 197,
        "Operating Income": 68,
        "EBIT": 82,
        "Net Income": 49
    },
    "2014-04-30": {
        "Diluted EPS": 0.13,
        "Total Revenue": 385,
        "Gross Profit": 196,
        "Operating Income": 70,
        "EBIT": 82,
        "Net Income": 19
    },
    "2014-01-31": {
        "Diluted EPS": 0.75,
        "Total Revenue": 521,
        "Gross Profit": 279,
        "Operating Income": 154,
        "EBIT": 166,
        "Net Income": 110
    },
    "2013-10-31": {
        "Diluted EPS": 0.45,
        "Total Revenue": 380,
        "Gross Profit": 205,
        "Operating Income": 92,
        "EBIT": 105,
        "Net Income": 66
    },
    "2013-07-31": {
        "Diluted EPS": 0.39,
        "Total Revenue": 345,
        "Gross Profit": 186,
        "Operating Income": 79,
        "EBIT": 91,
        "Net Income": 56
    },
    "2013-04-30": {
        "Diluted EPS": 0.32,
        "Total Revenue": 346,
        "Gross Profit": 171,
        "Operating Income": 66,
        "EBIT": 78,
        "Net Income": 47
    },
    "2013-01-31": {
        "Diluted EPS": 0.75,
        "Total Revenue": 485,
        "Gross Profit": 275,
        "Operating Income": 153,
        "EBIT": 165,
        "Net Income": 109
    },
    "2012-10-31": {
        "Diluted EPS": 0.39,
        "Total Revenue": 317,
        "Gross Profit": 175,
        "Operating Income": 81,
        "EBIT": 92,
        "Net Income": 57
    },
    "2012-07-31": {
        "Diluted EPS": 0.39,
        "Total Revenue": 283,
        "Gross Profit": 156,
        "Operating Income": 70,
        "EBIT": 80,
        "Net Income": 57
    },
    "2012-04-30": {
        "Diluted EPS": 0.32,
        "Total Revenue": 286,
        "Gross Profit": 157,
        "Operating Income": 73,
        "EBIT": 83,
        "Net Income": 47
    },
    "2012-01-31": {
        "Diluted EPS": 0.51,
        "Total Revenue": 372,
        "Gross Profit": 209,
        "Operating Income": 116,
        "EBIT": 125,
        "Net Income": 74
    },
    "2011-10-31": {
        "Diluted EPS": 0.27,
        "Total Revenue": 230,
        "Gross Profit": 129,
        "Operating Income": 60,
        "EBIT": 67,
        "Net Income": 39
    },
    "2011-07-31": {
        "Diluted EPS": 0.26,
        "Total Revenue": 212,
        "Gross Profit": 122,
        "Operating Income": 59,
        "EBIT": 67,
        "Net Income": 38
    },
    "2011-04-30": {
        "Diluted EPS": 0.23,
        "Total Revenue": 187,
        "Gross Profit": 110,
        "Operating Income": 52,
        "EBIT": 58,
        "Net Income": 33
    },
    "2011-01-31": {
        "Diluted EPS": 0.39,
        "Total Revenue": 245,
        "Gross Profit": 143,
        "Operating Income": 71,
        "EBIT": 77,
        "Net Income": 55
    },
    "2010-10-31": {
        "Diluted EPS": 0.18,
        "Total Revenue": 176,
        "Gross Profit": 97,
        "Operating Income": 42,
        "EBIT": 49,
        "Net Income": 26
    },
    "2010-07-31": {
        "Diluted EPS": 0.15,
        "Total Revenue": 152,
        "Gross Profit": 80,
        "Operating Income": 34,
        "EBIT": 41,
        "Net Income": 22
    },
    "2010-04-30": {
        "Diluted EPS": 0.14,
        "Total Revenue": 138,
        "Gross Profit": 74,
        "Operating Income": 32,
        "EBIT": 38,
        "Net Income": 20
    },
    "2010-01-31": {
        "Diluted EPS": 0.2,
        "Total Revenue": 161,
        "Gross Profit": 87,
        "Operating Income": 41,
        "EBIT": 47,
        "Net Income": 28
    },
    "2009-10-31": {
        "Diluted EPS": 0.1,
        "Total Revenue": 113,
        "Gross Profit": 56,
        "Operating Income": 21,
        "EBIT": 27,
        "Net Income": 14
    },
    "2009-07-31": {
        "Diluted EPS": 0.07,
        "Total Revenue": 98,
        "Gross Profit": 45,
        "Operating Income": 14,
        "EBIT": 20,
        "Net Income": 9
    },
    "2009-04-30": {
        "Diluted EPS": 0.05,
        "Total Revenue": 82,
        "Gross Profit": 35,
        "Operating Income": 10,
        "EBIT": 14,
        "Net Income": 7
    },
    "2009-01-31": {
        "Diluted EPS": 0.07,
        "Total Revenue": 104,
        "Gross Profit": 52,
        "Operating Income": 16,
        "EBIT": 21,
        "Net Income": 11
    },
    "2023-07-31": {
        "Tax Effect Of Unusual Items": 0.0,
        "Tax Rate For Calcs": 0.298,
        "Normalized EBITDA": 573266000.0,
        "Total Unusual Items": 0.0,
        "Total Unusual Items Excluding Goodwill": 0.0,
        "Net Income From Continuing Operation Net Minority Interest": 341603000.0,
        "Reconciled Depreciation": 94009000.0,
        "Reconciled Cost Of Revenue": 818524000.0,
        "EBITDA": 573266000.0,
        "EBIT": 479257000.0,
        "Normalized Income": 341603000.0,
        "Net Income From Continuing And Discontinued Operation": 341603000.0,
        "Total Expenses": 1729908000.0,
        "Total Operating Income As Reported": 479257000.0,
        "Diluted Average Shares": 127263000.0,
        "Basic Average Shares": 126969000.0,
        "Diluted EPS": 2.68,
        "Basic EPS": 2.69,
        "Diluted NI Availto Com Stockholders": 341603000.0,
        "Net Income Common Stockholders": 341603000.0,
        "Net Income": 341603000.0,
        "Net Income Including Noncontrolling Interests": 341603000.0,
        "Net Income Continuous Operations": 341603000.0,
        "Tax Provision": 145016000.0,
        "Pretax Income": 486619000.0,
        "Other Income Expense": 7362000.0,
        "Other Non Operating Income Expenses": 7362000.0,
        "Special Income Charges": 0.0,
        "Gain On Sale Of Ppe": 0.0,
        "Impairment Of Capital Assets": NaN,
        "Restructuring And Mergern Acquisition": NaN,
        "Operating Income": 479257000.0,
        "Operating Expense": 819254000.0,
        "Depreciation Amortization Depletion Income Statement": 1879000.0,
        "Depreciation And Amortization In Income Statement": 1879000.0,
        "Amortization": 1879000.0,
        "Amortization Of Intangibles Income Statement": 1879000.0,
        "Selling General And Administration": 817375000.0,
        "Gross Profit": 1298511000.0,
        "Cost Of Revenue": 910654000.0,
        "Total Revenue": 2209165000.0,
        "Operating Revenue": 2209165000.0
    },
    "2023-10-31": {
        "Tax Effect Of Unusual Items": -21232785.0,
        "Tax Rate For Calcs": 0.285,
        "Normalized EBITDA": 585086000.0,
        "Total Unusual Items": -74501000.0,
        "Total Unusual Items Excluding Goodwill": -74501000.0,
        "Net Income From Continuing Operation Net Minority Interest": 248714000.0,
        "Reconciled Depreciation": 97969000.0,
        "Reconciled Cost Of Revenue": 850838000.0,
        "EBITDA": 510585000.0,
        "EBIT": 412616000.0,
        "Normalized Income": 301982215.0,
        "Net Income From Continuing And Discontinued Operation": 248714000.0,
        "Total Expenses": 1791602000.0,
        "Total Operating Income As Reported": 338115000.0,
        "Diluted Average Shares": 126770000.0,
        "Basic Average Shares": 126460000.0,
        "Diluted EPS": 1.96,
        "Basic EPS": 1.97,
        "Diluted NI Availto Com Stockholders": 248714000.0,
        "Net Income Common Stockholders": 248714000.0,
        "Net Income": 248714000.0,
        "Net Income Including Noncontrolling Interests": 248714000.0,
        "Net Income Continuous Operations": 248714000.0,
        "Tax Provision": 99243000.0,
        "Pretax Income": 347957000.0,
        "Other Income Expense": -64659000.0,
        "Other Non Operating Income Expenses": 9842000.0,
        "Special Income Charges": -74501000.0,
        "Gain On Sale Of Ppe": 0.0,
        "Impairment Of Capital Assets": 44186000.0,
        "Restructuring And Mergern Acquisition": 30315000.0,
        "Operating Income": 412616000.0,
        "Operating Expense": 844048000.0,
        "Depreciation Amortization Depletion Income Statement": 1253000.0,
        "Depreciation And Amortization In Income Statement": 1253000.0,
        "Amortization": 1253000.0,
        "Amortization Of Intangibles Income Statement": 1253000.0,
        "Selling General And Administration": 842795000.0,
        "Gross Profit": 1256664000.0,
        "Cost Of Revenue": 947554000.0,
        "Total Revenue": 2204218000.0,
        "Operating Revenue": 2204218000.0
    },
    "2024-01-31": {
        "Tax Effect Of Unusual Items": 0.0,
        "Tax Rate For Calcs": 0.281471,
        "Normalized EBITDA": 1017180000.0,
        "Total Unusual Items": 0.0,
        "Total Unusual Items Excluding Goodwill": 0.0,
        "Net Income From Continuing Operation Net Minority Interest": 669468000.0,
        "Reconciled Depreciation": 103290000.0,
        "Reconciled Cost Of Revenue": 1198388000.0,
        "EBITDA": 1017180000.0,
        "EBIT": 913890000.0,
        "Normalized Income": 669468000.0,
        "Net Income From Continuing And Discontinued Operation": 669468000.0,
        "Total Expenses": 2291213000.0,
        "Total Operating Income As Reported": 913890000.0,
        "Diluted Average Shares": NaN,
        "Basic Average Shares": NaN,
        "Diluted EPS": NaN,
        "Basic EPS": NaN,
        "Diluted NI Availto Com Stockholders": 669468000.0,
        "Net Income Common Stockholders": 669468000.0,
        "Net Income": 669468000.0,
        "Net Income Including Noncontrolling Interests": 669468000.0,
        "Net Income Continuous Operations": 669468000.0,
        "Tax Provision": 262252000.0,
        "Pretax Income": 931720000.0,
        "Other Income Expense": 17830000.0,
        "Other Non Operating Income Expenses": 17830000.0,
        "Special Income Charges": 0.0,
        "Gain On Sale Of Ppe": 0.0,
        "Impairment Of Capital Assets": 0.0,
        "Restructuring And Mergern Acquisition": 0.0,
        "Operating Income": 913890000.0,
        "Operating Expense": 989535000.0,
        "Depreciation Amortization Depletion Income Statement": 0.0,
        "Depreciation And Amortization In Income Statement": 0.0,
        "Amortization": 0.0,
        "Amortization Of Intangibles Income Statement": 0.0,
        "Selling General And Administration": 989535000.0,
        "Gross Profit": 1903425000.0,
        "Cost Of Revenue": 1301678000.0,
        "Total Revenue": 3205103000.0,
        "Operating Revenue": 3205103000.0
    },
    "2024-04-30": {
        "Tax Effect Of Unusual Items": 0.0,
        "Tax Rate For Calcs": 0.295,
        "Normalized EBITDA": 528401000.0,
        "Total Unusual Items": NaN,
        "Total Unusual Items Excluding Goodwill": NaN,
        "Net Income From Continuing Operation Net Minority Interest": 321421000.0,
        "Reconciled Depreciation": 95759000.0,
        "Reconciled Cost Of Revenue": 838064000.0,
        "EBITDA": 528401000.0,
        "EBIT": 432642000.0,
        "Normalized Income": 321421000.0,
        "Net Income From Continuing And Discontinued Operation": 321421000.0,
        "Total Expenses": 1776249000.0,
        "Total Operating Income As Reported": 432642000.0,
        "Diluted Average Shares": 126336000.0,
        "Basic Average Shares": 125989000.0,
        "Diluted EPS": 2.54,
        "Basic EPS": 2.55,
        "Diluted NI Availto Com Stockholders": 321421000.0,
        "Net Income Common Stockholders": 321421000.0,
        "Net Income": 321421000.0,
        "Net Income Including Noncontrolling Interests": 321421000.0,
        "Net Income Continuous Operations": 321421000.0,
        "Tax Provision": 134504000.0,
        "Pretax Income": 455925000.0,
        "Other Income Expense": 23283000.0,
        "Other Non Operating Income Expenses": 23283000.0,
        "Special Income Charges": NaN,
        "Gain On Sale Of Ppe": NaN,
        "Impairment Of Capital Assets": NaN,
        "Restructuring And Mergern Acquisition": NaN,
        "Operating Income": 432642000.0,
        "Operating Expense": 842426000.0,
        "Depreciation Amortization Depletion Income Statement": 0.0,
        "Depreciation And Amortization In Income Statement": 0.0,
        "Amortization": 0.0,
        "Amortization Of Intangibles Income Statement": 0.0,
        "Selling General And Administration": 842426000.0,
        "Gross Profit": 1275068000.0,
        "Cost Of Revenue": 933823000.0,
        "Total Revenue": 2208891000.0,
        "Operating Revenue": 2208891000.0
    },
    "2024-07-31": {
        "Tax Effect Of Unusual Items": 0.0,
        "Tax Rate For Calcs": 0.296,
        "Normalized EBITDA": 643799000.0,
        "Total Unusual Items": NaN,
        "Total Unusual Items Excluding Goodwill": NaN,
        "Net Income From Continuing Operation Net Minority Interest": 392922000.0,
        "Reconciled Depreciation": 103573000.0,
        "Reconciled Cost Of Revenue": 855320000.0,
        "EBITDA": 643799000.0,
        "EBIT": 540226000.0,
        "Normalized Income": 392922000.0,
        "Net Income From Continuing And Discontinued Operation": 392922000.0,
        "Total Expenses": 1830852000.0,
        "Total Operating Income As Reported": 540226000.0,
        "Diluted Average Shares": 124857000.0,
        "Basic Average Shares": 124721000.0,
        "Diluted EPS": 3.15,
        "Basic EPS": 3.15,
        "Diluted NI Availto Com Stockholders": 392922000.0,
        "Net Income Common Stockholders": 392922000.0,
        "Net Income": 392922000.0,
        "Net Income Including Noncontrolling Interests": 392922000.0,
        "Net Income Continuous Operations": 392922000.0,
        "Tax Provision": 165298000.0,
        "Pretax Income": 558220000.0,
        "Other Income Expense": 17994000.0,
        "Other Non Operating Income Expenses": 17994000.0,
        "Special Income Charges": NaN,
        "Gain On Sale Of Ppe": NaN,
        "Impairment Of Capital Assets": NaN,
        "Restructuring And Mergern Acquisition": NaN,
        "Operating Income": 540226000.0,
        "Operating Expense": 871959000.0,
        "Depreciation Amortization Depletion Income Statement": 0.0,
        "Depreciation And Amortization In Income Statement": 0.0,
        "Amortization": 0.0,
        "Amortization Of Intangibles Income Statement": 0.0,
        "Selling General And Administration": 871959000.0,
        "Gross Profit": 1412185000.0,
        "Cost Of Revenue": 958893000.0,
        "Total Revenue": 2371078000.0,
        "Operating Revenue": 2371078000.0
    }
}