{
    "2023-03-31": {
        "Tax Effect Of Unusual Items": 0.0,
        "Tax Rate For Calcs": 0.235367,
        "Normalized EBITDA": -623000.0,
        "Net Income From Continuing Operation Net Minority Interest": -1842000.0,
        "Reconciled Depreciation": 1417000.0,
        "Reconciled Cost Of Revenue": 9647000.0,
        "EBITDA": -623000.0,
        "EBIT": -2040000.0,
        "Net Interest Income": -369000.0,
        "Interest Expense": 369000.0,
        "Normalized Income": -1842000.0,
        "Net Income From Continuing And Discontinued Operation": -1842000.0,
        "Total Expenses": 27177000.0,
        "Total Operating Income As Reported": -2132000.0,
        "Diluted Average Shares": 33331745.0,
        "Basic Average Shares": 33331745.0,
        "Diluted EPS": -0.06,
        "Basic EPS": -0.06,
        "Diluted NI Availto Com Stockholders": -1842000.0,
        "Net Income Common Stockholders": -1842000.0,
        "Net Income": -1842000.0,
        "Net Income Including Noncontrolling Interests": -1842000.0,
        "Net Income Discontinuous Operations": 0.0,
        "Net Income Continuous Operations": -1842000.0,
        "Tax Provision": -567000.0,
        "Pretax Income": -2409000.0,
        "Other Income Expense": 92000.0,
        "Other Non Operating Income Expenses": 92000.0,
        "Net Non Operating Interest Income Expense": -369000.0,
        "Interest Expense Non Operating": 369000.0,
        "Operating Income": -2132000.0,
        "Operating Expense": 17105000.0,
        "Depreciation Amortization Depletion Income Statement": 992000.0,
        "Depreciation And Amortization In Income Statement": 992000.0,
        "Amortization": 992000.0,
        "Amortization Of Intangibles Income Statement": 992000.0,
        "Research And Development": 2817000.0,
        "Selling General And Administration": 13296000.0,
        "Gross Profit": 14973000.0,
        "Cost Of Revenue": 10072000.0,
        "Total Revenue": 25045000.0,
        "Operating Revenue": 25045000.0
    },
    "2022-12-31": {
        "Tax Effect Of Unusual Items": 0.0,
        "Tax Rate For Calcs": 0.273132,
        "Normalized EBITDA": 1472000.0,
        "Net Income From Continuing Operation Net Minority Interest": 817000.0,
        "Reconciled Depreciation": 1456000.0,
        "Reconciled Cost Of Revenue": 12367000.0,
        "EBITDA": 1472000.0,
        "EBIT": 1472000.0,
        "Net Interest Income": -348000.0,
        "Interest Expense": 348000.0,
        "Normalized Income": 817000.0,
        "Net Income From Continuing And Discontinued Operation": 853000.0,
        "Total Expenses": 30238000.0,
        "Total Operating Income As Reported": 1464000.0,
        "Diluted Average Shares": 34355000.0,
        "Basic Average Shares": 32977000.0,
        "Diluted EPS": 0.02,
        "Basic EPS": 0.02,
        "Diluted NI Availto Com Stockholders": 853000.0,
        "Net Income Common Stockholders": 853000.0,
        "Net Income": 853000.0,
        "Net Income Including Noncontrolling Interests": 853000.0,
        "Net Income Discontinuous Operations": 36000.0,
        "Net Income Continuous Operations": 817000.0,
        "Tax Provision": 307000.0,
        "Pretax Income": 1124000.0,
        "Other Income Expense": 8000.0,
        "Other Non Operating Income Expenses": 8000.0,
        "Net Non Operating Interest Income Expense": -348000.0,
        "Interest Expense Non Operating": 348000.0,
        "Operating Income": 1464000.0,
        "Operating Expense": 17871000.0,
        "Depreciation Amortization Depletion Income Statement": NaN,
        "Depreciation And Amortization In Income Statement": NaN,
        "Amortization": NaN,
        "Amortization Of Intangibles Income Statement": NaN,
        "Research And Development": 2854000.0,
        "Selling General And Administration": 15017000.0,
        "Gross Profit": 19335000.0,
        "Cost Of Revenue": 12367000.0,
        "Total Revenue": 31702000.0,
        "Operating Revenue": 31702000.0
    },
    "2022-09-30": {
        "Tax Effect Of Unusual Items": 0.0,
        "Tax Rate For Calcs": 0.123781,
        "Normalized EBITDA": 2850000.0,
        "Net Income From Continuing Operation Net Minority Interest": 1168000.0,
        "Reconciled Depreciation": 1299000.0,
        "Reconciled Cost Of Revenue": 12234000.0,
        "EBITDA": 2850000.0,
        "EBIT": 1551000.0,
        "Net Interest Income": -218000.0,
        "Interest Expense": 218000.0,
        "Normalized Income": 1168000.0,
        "Net Income From Continuing And Discontinued Operation": 1196000.0,
        "Total Expenses": 27675000.0,
        "Total Operating Income As Reported": 1478000.0,
        "Diluted Average Shares": 34104850.0,
        "Basic Average Shares": 32800690.0,
        "Diluted EPS": 0.04,
        "Basic EPS": 0.04,
        "Diluted NI Availto Com Stockholders": 1196000.0,
        "Net Income Common Stockholders": 1196000.0,
        "Net Income": 1196000.0,
        "Net Income Including Noncontrolling Interests": 1196000.0,
        "Net Income Discontinuous Operations": 28000.0,
        "Net Income Continuous Operations": 1168000.0,
        "Tax Provision": 165000.0,
        "Pretax Income": 1333000.0,
        "Other Income Expense": 73000.0,
        "Other Non Operating Income Expenses": 73000.0,
        "Net Non Operating Interest Income Expense": -218000.0,
        "Interest Expense Non Operating": 218000.0,
        "Operating Income": 1478000.0,
        "Operating Expense": 15441000.0,
        "Depreciation Amortization Depletion Income Statement": NaN,
        "Depreciation And Amortization In Income Statement": NaN,
        "Amortization": NaN,
        "Amortization Of Intangibles Income Statement": NaN,
        "Research And Development": 2776000.0,
        "Selling General And Administration": 12665000.0,
        "Gross Profit": 16919000.0,
        "Cost Of Revenue": 12234000.0,
        "Total Revenue": 29153000.0,
        "Operating Revenue": 29153000.0
    },
    "2022-06-30": {
        "Tax Effect Of Unusual Items": 0.0,
        "Tax Rate For Calcs": 0.4,
        "Normalized EBITDA": -2409000.0,
        "Net Income From Continuing Operation Net Minority Interest": -2942000.0,
        "Reconciled Depreciation": 1515000.0,
        "Reconciled Cost Of Revenue": 10199000.0,
        "EBITDA": -2409000.0,
        "EBIT": -2409000.0,
        "Net Interest Income": -111000.0,
        "Interest Expense": 111000.0,
        "Normalized Income": -2942000.0,
        "Net Income From Continuing And Discontinued Operation": -2351000.0,
        "Total Expenses": 28624000.0,
        "Total Operating Income As Reported": -2462000.0,
        "Diluted Average Shares": 32478736.0,
        "Basic Average Shares": 32478736.0,
        "Diluted EPS": -0.07,
        "Basic EPS": -0.07,
        "Diluted NI Availto Com Stockholders": -2351000.0,
        "Net Income Common Stockholders": -2351000.0,
        "Net Income": -2351000.0,
        "Net Income Including Noncontrolling Interests": -2351000.0,
        "Net Income Discontinuous Operations": 591000.0,
        "Net Income Continuous Operations": -2942000.0,
        "Tax Provision": 422000.0,
        "Pretax Income": -2520000.0,
        "Other Income Expense": 53000.0,
        "Other Non Operating Income Expenses": 53000.0,
        "Net Non Operating Interest Income Expense": -111000.0,
        "Interest Expense Non Operating": 111000.0,
        "Operating Income": -2462000.0,
        "Operating Expense": 18425000.0,
        "Depreciation Amortization Depletion Income Statement": NaN,
        "Depreciation And Amortization In Income Statement": NaN,
        "Amortization": NaN,
        "Amortization Of Intangibles Income Statement": NaN,
        "Research And Development": 2665000.0,
        "Selling General And Administration": 15760000.0,
        "Gross Profit": 15963000.0,
        "Cost Of Revenue": 10199000.0,
        "Total Revenue": 26162000.0,
        "Operating Revenue": 26162000.0
    },
    "2022-03-31": {
        "Diluted EPS": 0.3,
        "Total Revenue": 22,
        "Gross Profit": 14,
        "Operating Income": -2,
        "EBIT": -1,
        "Net Income": 10
    },
    "2021-12-31": {
        "Diluted EPS": 0.05,
        "Total Revenue": 24,
        "Gross Profit": 14,
        "Operating Income": 1,
        "EBIT": 2,
        "Net Income": 2
    },
    "2021-09-30": {
        "Diluted EPS": 0.01,
        "Total Revenue": 20,
        "Gross Profit": 13,
        "Operating Income": 0,
        "EBIT": 1,
        "Net Income": 0
    },
    "2021-06-30": {
        "Diluted EPS": -0.01,
        "Total Revenue": 22,
        "Gross Profit": 13,
        "Operating Income": -2,
        "EBIT": -1,
        "Net Income": 0
    },
    "2021-03-31": {
        "Diluted EPS": -0.01,
        "Total Revenue": 21,
        "Gross Profit": 12,
        "Operating Income": -2,
        "EBIT": 0,
        "Net Income": 0
    },
    "2020-12-31": {
        "Diluted EPS": -0.01,
        "Total Revenue": 8,
        "Gross Profit": 8,
        "Operating Income": -3,
        "EBIT": -2,
        "Net Income": 0
    },
    "2020-09-30": {
        "Diluted EPS": 0.1,
        "Total Revenue": 15,
        "Gross Profit": 10,
        "Operating Income": 1,
        "EBIT": 2,
        "Net Income": 3
    },
    "2020-06-30": {
        "Diluted EPS": 0.04,
        "Total Revenue": 19,
        "Gross Profit": 10,
        "Operating Income": 2,
        "EBIT": 2,
        "Net Income": 1
    },
    "2020-03-31": {
        "Diluted EPS": -0.03,
        "Total Revenue": 17,
        "Gross Profit": 8,
        "Operating Income": 0,
        "EBIT": 1,
        "Net Income": -1
    },
    "2019-12-31": {
        "Diluted EPS": 0.08,
        "Total Revenue": 19,
        "Gross Profit": 10,
        "Operating Income": 2,
        "EBIT": 2,
        "Net Income": 2
    },
    "2019-09-30": {
        "Diluted EPS": 0.03,
        "Total Revenue": 18,
        "Gross Profit": 9,
        "Operating Income": 1,
        "EBIT": 2,
        "Net Income": 1
    },
    "2019-06-30": {
        "Diluted EPS": 0.02,
        "Total Revenue": 18,
        "Gross Profit": 9,
        "Operating Income": 1,
        "EBIT": 2,
        "Net Income": 1
    },
    "2019-03-31": {
        "Diluted EPS": 0.03,
        "Total Revenue": 15,
        "Gross Profit": 7,
        "Operating Income": -1,
        "EBIT": 0,
        "Net Income": 1
    },
    "2018-12-31": {
        "Diluted EPS": 0.03,
        "Total Revenue": 14,
        "Gross Profit": 7,
        "Operating Income": 0,
        "EBIT": 1,
        "Net Income": 1
    },
    "2018-09-30": {
        "Diluted EPS": 0.27,
        "Total Revenue": 11,
        "Gross Profit": 5,
        "Operating Income": 1,
        "EBIT": 1,
        "Net Income": 9
    },
    "2018-06-30": {
        "Diluted EPS": 0.03,
        "Total Revenue": 10,
        "Gross Profit": 4,
        "Operating Income": 0,
        "EBIT": 1,
        "Net Income": 1
    },
    "2018-03-31": {
        "Diluted EPS": 0.0,
        "Total Revenue": 9,
        "Gross Profit": 4,
        "Operating Income": 0,
        "EBIT": 0,
        "Net Income": 0
    },
    "2017-12-31": {
        "Diluted EPS": 0.1,
        "Total Revenue": 3,
        "Gross Profit": 2,
        "Operating Income": -1,
        "EBIT": -1,
        "Net Income": 0
    },
    "2017-09-30": {
        "Diluted EPS": 0.48,
        "Total Revenue": 8,
        "Gross Profit": 3,
        "Operating Income": 0,
        "EBIT": 0,
        "Net Income": 16
    },
    "2017-06-30": {
        "Diluted EPS": -0.01,
        "Total Revenue": 11,
        "Gross Profit": 4,
        "Operating Income": 0,
        "EBIT": 1,
        "Net Income": 0
    },
    "2017-03-31": {
        "Diluted EPS": -0.05,
        "Total Revenue": 10,
        "Gross Profit": 4,
        "Operating Income": -1,
        "EBIT": 0,
        "Net Income": -1
    },
    "2016-12-31": {
        "Diluted EPS": 0.01,
        "Total Revenue": 2,
        "Gross Profit": 1,
        "Operating Income": 0,
        "EBIT": 1,
        "Net Income": 0
    },
    "2016-09-30": {
        "Diluted EPS": -0.02,
        "Total Revenue": 11,
        "Gross Profit": 4,
        "Operating Income": 0,
        "EBIT": 1,
        "Net Income": 0
    },
    "2016-06-30": {
        "Diluted EPS": -0.03,
        "Total Revenue": 15,
        "Gross Profit": 5,
        "Operating Income": -1,
        "EBIT": 0,
        "Net Income": -1
    },
    "2016-03-31": {
        "Diluted EPS": -0.05,
        "Total Revenue": 14,
        "Gross Profit": 5,
        "Operating Income": -1,
        "EBIT": 0,
        "Net Income": -1
    },
    "2015-12-31": {
        "Diluted EPS": 0.41,
        "Total Revenue": 15,
        "Gross Profit": 5,
        "Operating Income": -1,
        "EBIT": 0,
        "Net Income": 8
    },
    "2015-09-30": {
        "Diluted EPS": -0.03,
        "Total Revenue": 13,
        "Gross Profit": 5,
        "Operating Income": -1,
        "EBIT": 0,
        "Net Income": -1
    },
    "2015-06-30": {
        "Diluted EPS": -0.1,
        "Total Revenue": 10,
        "Gross Profit": 4,
        "Operating Income": -2,
        "EBIT": -1,
        "Net Income": -2
    },
    "2015-03-31": {
        "Diluted EPS": -0.18,
        "Total Revenue": 5,
        "Gross Profit": 2,
        "Operating Income": -3,
        "EBIT": -2,
        "Net Income": -3
    },
    "2014-12-31": {
        "Diluted EPS": -0.07,
        "Total Revenue": 6,
        "Gross Profit": 2,
        "Operating Income": -1,
        "EBIT": -1,
        "Net Income": -1
    },
    "2014-09-30": {
        "Diluted EPS": -0.05,
        "Total Revenue": 5,
        "Gross Profit": 2,
        "Operating Income": -1,
        "EBIT": -1,
        "Net Income": -1
    },
    "2014-06-30": {
        "Diluted EPS": -0.06,
        "Total Revenue": 5,
        "Gross Profit": 2,
        "Operating Income": -1,
        "EBIT": -1,
        "Net Income": -1
    },
    "2014-03-31": {
        "Diluted EPS": 0.58,
        "Total Revenue": 4,
        "Gross Profit": 2,
        "Operating Income": -2,
        "EBIT": -2,
        "Net Income": 9
    },
    "2013-12-31": {
        "Diluted EPS": -0.12,
        "Total Revenue": 5,
        "Gross Profit": 1,
        "Operating Income": -3,
        "EBIT": -3,
        "Net Income": -2
    },
    "2013-09-30": {
        "Diluted EPS": -0.04,
        "Total Revenue": 5,
        "Gross Profit": 2,
        "Operating Income": -1,
        "EBIT": -1,
        "Net Income": -1
    },
    "2013-06-30": {
        "Diluted EPS": -0.07,
        "Total Revenue": 5,
        "Gross Profit": 2,
        "Operating Income": -2,
        "EBIT": -1,
        "Net Income": -1
    },
    "2013-03-31": {
        "Diluted EPS": 0.17,
        "Total Revenue": 4,
        "Gross Profit": 1,
        "Operating Income": -2,
        "EBIT": -2,
        "Net Income": 3
    },
    "2012-12-31": {
        "Diluted EPS": -0.04,
        "Total Revenue": 6,
        "Gross Profit": 2,
        "Operating Income": -1,
        "EBIT": -1,
        "Net Income": -1
    },
    "2012-09-30": {
        "Diluted EPS": -0.02,
        "Total Revenue": 7,
        "Gross Profit": 3,
        "Operating Income": 0,
        "EBIT": 0,
        "Net Income": 0
    },
    "2012-06-30": {
        "Diluted EPS": -0.02,
        "Total Revenue": 7,
        "Gross Profit": 3,
        "Operating Income": 0,
        "EBIT": 0,
        "Net Income": 0
    },
    "2012-03-31": {
        "Diluted EPS": -0.03,
        "Total Revenue": 7,
        "Gross Profit": 3,
        "Operating Income": -1,
        "EBIT": 0,
        "Net Income": 0
    },
    "2011-12-31": {
        "Diluted EPS": -0.02,
        "Total Revenue": 1,
        "Gross Profit": 0,
        "Operating Income": -2,
        "EBIT": -2,
        "Net Income": 0
    },
    "2011-09-30": {
        "Diluted EPS": 0.01,
        "Total Revenue": 9,
        "Gross Profit": 3,
        "Operating Income": 0,
        "EBIT": 1,
        "Net Income": 0
    },
    "2011-06-30": {
        "Diluted EPS": -0.02,
        "Total Revenue": 10,
        "Gross Profit": 4,
        "Operating Income": 0,
        "EBIT": 0,
        "Net Income": 0
    },
    "2011-03-31": {
        "Diluted EPS": -0.08,
        "Total Revenue": 9,
        "Gross Profit": 3,
        "Operating Income": -1,
        "EBIT": -1,
        "Net Income": -1
    },
    "2010-12-31": {
        "Diluted EPS": -0.04,
        "Total Revenue": 9,
        "Gross Profit": 3,
        "Operating Income": 0,
        "EBIT": 0,
        "Net Income": 0
    },
    "2010-09-30": {
        "Diluted EPS": -0.04,
        "Total Revenue": 9,
        "Gross Profit": 3,
        "Operating Income": 0,
        "EBIT": 0,
        "Net Income": -1
    },
    "2010-06-30": {
        "Diluted EPS": -0.05,
        "Total Revenue": 9,
        "Gross Profit": 3,
        "Operating Income": 0,
        "EBIT": 0,
        "Net Income": -1
    },
    "2010-03-31": {
        "Diluted EPS": -0.1,
        "Total Revenue": 8,
        "Gross Profit": 3,
        "Operating Income": -1,
        "EBIT": -1,
        "Net Income": -1
    },
    "2009-12-31": {
        "Diluted EPS": 2.23,
        "Total Revenue": 9,
        "Gross Profit": 3,
        "Operating Income": 27,
        "EBIT": 27,
        "Net Income": 25
    },
    "2009-09-30": {
        "Diluted EPS": -0.18,
        "Total Revenue": 9,
        "Gross Profit": 4,
        "Operating Income": -2,
        "EBIT": -2,
        "Net Income": -2
    },
    "2009-06-30": {
        "Diluted EPS": -0.21,
        "Total Revenue": 9,
        "Gross Profit": 3,
        "Operating Income": -2,
        "EBIT": -2,
        "Net Income": -2
    },
    "2009-03-31": {
        "Diluted EPS": -3.66,
        "Total Revenue": 8,
        "Gross Profit": 3,
        "Operating Income": -40,
        "EBIT": -40,
        "Net Income": -41
    },
    "2023-06-30": {
        "Tax Effect Of Unusual Items": 0.0,
        "Tax Rate For Calcs": 0.385463,
        "Normalized EBITDA": 594000.0,
        "Net Income From Continuing Operation Net Minority Interest": -558000.0,
        "Reconciled Depreciation": 918000.0,
        "Reconciled Cost Of Revenue": 12299000.0,
        "EBITDA": 594000.0,
        "EBIT": -324000.0,
        "Net Interest Income": -584000.0,
        "Interest Expense": 584000.0,
        "Normalized Income": -558000.0,
        "Net Income From Continuing And Discontinued Operation": -1596000.0,
        "Total Expenses": 29378000.0,
        "Total Operating Income As Reported": -214000.0,
        "Diluted Average Shares": 33634538.0,
        "Basic Average Shares": 33634538.0,
        "Diluted EPS": -0.05,
        "Basic EPS": -0.05,
        "Diluted NI Availto Com Stockholders": -1596000.0,
        "Net Income Common Stockholders": -1596000.0,
        "Net Income": -1596000.0,
        "Net Income Including Noncontrolling Interests": -1596000.0,
        "Net Income Discontinuous Operations": -1038000.0,
        "Net Income Continuous Operations": -558000.0,
        "Tax Provision": -350000.0,
        "Pretax Income": -908000.0,
        "Other Income Expense": -110000.0,
        "Other Non Operating Income Expenses": -110000.0,
        "Net Non Operating Interest Income Expense": -584000.0,
        "Interest Expense Non Operating": 584000.0,
        "Operating Income": -214000.0,
        "Operating Expense": 17079000.0,
        "Depreciation Amortization Depletion Income Statement": 918000.0,
        "Depreciation And Amortization In Income Statement": 918000.0,
        "Amortization": 918000.0,
        "Amortization Of Intangibles Income Statement": 918000.0,
        "Research And Development": 2722000.0,
        "Selling General And Administration": 13439000.0,
        "Gross Profit": 16865000.0,
        "Cost Of Revenue": 12299000.0,
        "Total Revenue": 29164000.0,
        "Operating Revenue": 29164000.0
    }
}