{
    "2023-03-31": {
        "Tax Effect Of Unusual Items": NaN,
        "Tax Rate For Calcs": NaN,
        "Normalized EBITDA": NaN,
        "Net Income From Continuing Operation Net Minority Interest": NaN,
        "Reconciled Depreciation": NaN,
        "Reconciled Cost Of Revenue": NaN,
        "EBITDA": NaN,
        "EBIT": NaN,
        "Net Interest Income": NaN,
        "Interest Expense": NaN,
        "Interest Income": NaN,
        "Normalized Income": NaN,
        "Net Income From Continuing And Discontinued Operation": NaN,
        "Total Expenses": NaN,
        "Total Operating Income As Reported": NaN,
        "Diluted Average Shares": 37572382.0,
        "Basic Average Shares": 37572382.0,
        "Diluted EPS": -0.42,
        "Basic EPS": -0.42,
        "Diluted NI Availto Com Stockholders": NaN,
        "Net Income Common Stockholders": NaN,
        "Net Income": NaN,
        "Net Income Including Noncontrolling Interests": NaN,
        "Net Income Continuous Operations": NaN,
        "Tax Provision": NaN,
        "Pretax Income": NaN,
        "Other Income Expense": NaN,
        "Other Non Operating Income Expenses": NaN,
        "Net Non Operating Interest Income Expense": NaN,
        "Interest Expense Non Operating": NaN,
        "Interest Income Non Operating": NaN,
        "Operating Income": NaN,
        "Operating Expense": NaN,
        "Research And Development": NaN,
        "Selling General And Administration": NaN,
        "Gross Profit": NaN,
        "Cost Of Revenue": NaN,
        "Total Revenue": NaN,
        "Operating Revenue": NaN
    },
    "2022-12-31": {
        "Tax Effect Of Unusual Items": 0.0,
        "Tax Rate For Calcs": 0.21,
        "Normalized EBITDA": -13292000.0,
        "Net Income From Continuing Operation Net Minority Interest": -14283000.0,
        "Reconciled Depreciation": 386000.0,
        "Reconciled Cost Of Revenue": 4241000.0,
        "EBITDA": -13292000.0,
        "EBIT": -13678000.0,
        "Net Interest Income": 389000.0,
        "Interest Expense": 359000.0,
        "Interest Income": 748000.0,
        "Normalized Income": -14283000.0,
        "Net Income From Continuing And Discontinued Operation": -14283000.0,
        "Total Expenses": 30052000.0,
        "Total Operating Income As Reported": -14627000.0,
        "Diluted Average Shares": 37379644.0,
        "Basic Average Shares": 37379644.0,
        "Diluted EPS": -0.38,
        "Basic EPS": -0.38,
        "Diluted NI Availto Com Stockholders": -14283000.0,
        "Net Income Common Stockholders": -14283000.0,
        "Net Income": -14283000.0,
        "Net Income Including Noncontrolling Interests": -14283000.0,
        "Net Income Continuous Operations": -14283000.0,
        "Tax Provision": 246000.0,
        "Pretax Income": -14037000.0,
        "Other Income Expense": 201000.0,
        "Other Non Operating Income Expenses": 201000.0,
        "Net Non Operating Interest Income Expense": 389000.0,
        "Interest Expense Non Operating": 359000.0,
        "Interest Income Non Operating": 748000.0,
        "Operating Income": -14627000.0,
        "Operating Expense": 25811000.0,
        "Research And Development": 3903000.0,
        "Selling General And Administration": 21908000.0,
        "Gross Profit": 11184000.0,
        "Cost Of Revenue": 4241000.0,
        "Total Revenue": 15425000.0,
        "Operating Revenue": 15425000.0
    },
    "2022-09-30": {
        "Tax Effect Of Unusual Items": 0.0,
        "Tax Rate For Calcs": 0.0,
        "Normalized EBITDA": -13886000.0,
        "Net Income From Continuing Operation Net Minority Interest": -14172000.0,
        "Reconciled Depreciation": 383000.0,
        "Reconciled Cost Of Revenue": 3350000.0,
        "EBITDA": -13886000.0,
        "EBIT": -13886000.0,
        "Net Interest Income": 191000.0,
        "Interest Expense": 286000.0,
        "Interest Income": 477000.0,
        "Normalized Income": -14172000.0,
        "Net Income From Continuing And Discontinued Operation": -14172000.0,
        "Total Expenses": 27433000.0,
        "Total Operating Income As Reported": -13931000.0,
        "Diluted Average Shares": 37190352.0,
        "Basic Average Shares": 37190352.0,
        "Diluted EPS": -0.38,
        "Basic EPS": -0.38,
        "Diluted NI Availto Com Stockholders": -14172000.0,
        "Net Income Common Stockholders": -14172000.0,
        "Net Income": -14172000.0,
        "Net Income Including Noncontrolling Interests": -14172000.0,
        "Net Income Continuous Operations": -14172000.0,
        "Tax Provision": 0.0,
        "Pretax Income": -14172000.0,
        "Other Income Expense": -432000.0,
        "Other Non Operating Income Expenses": -432000.0,
        "Net Non Operating Interest Income Expense": 191000.0,
        "Interest Expense Non Operating": 286000.0,
        "Interest Income Non Operating": 477000.0,
        "Operating Income": -13931000.0,
        "Operating Expense": 24083000.0,
        "Research And Development": 4366000.0,
        "Selling General And Administration": 19717000.0,
        "Gross Profit": 10152000.0,
        "Cost Of Revenue": 3350000.0,
        "Total Revenue": 13502000.0,
        "Operating Revenue": 13502000.0
    },
    "2022-06-30": {
        "Tax Effect Of Unusual Items": 0.0,
        "Tax Rate For Calcs": 0.4,
        "Normalized EBITDA": -14377000.0,
        "Net Income From Continuing Operation Net Minority Interest": -14640000.0,
        "Reconciled Depreciation": 376000.0,
        "Reconciled Cost Of Revenue": 3532000.0,
        "EBITDA": -14377000.0,
        "EBIT": -14377000.0,
        "Net Interest Income": -24000.0,
        "Interest Expense": 223000.0,
        "Interest Income": 199000.0,
        "Normalized Income": -14640000.0,
        "Net Income From Continuing And Discontinued Operation": -14640000.0,
        "Total Expenses": 28361000.0,
        "Total Operating Income As Reported": -14411000.0,
        "Diluted Average Shares": 37003443.0,
        "Basic Average Shares": 37003443.0,
        "Diluted EPS": -0.4,
        "Basic EPS": -0.4,
        "Diluted NI Availto Com Stockholders": -14640000.0,
        "Net Income Common Stockholders": -14640000.0,
        "Net Income": -14640000.0,
        "Net Income Including Noncontrolling Interests": -14640000.0,
        "Net Income Continuous Operations": -14640000.0,
        "Tax Provision": 40000.0,
        "Pretax Income": -14600000.0,
        "Other Income Expense": -165000.0,
        "Other Non Operating Income Expenses": -165000.0,
        "Net Non Operating Interest Income Expense": -24000.0,
        "Interest Expense Non Operating": 223000.0,
        "Interest Income Non Operating": 199000.0,
        "Operating Income": -14411000.0,
        "Operating Expense": 24829000.0,
        "Research And Development": 3594000.0,
        "Selling General And Administration": 21235000.0,
        "Gross Profit": 10418000.0,
        "Cost Of Revenue": 3532000.0,
        "Total Revenue": 13950000.0,
        "Operating Revenue": 13950000.0
    },
    "2023-06-30": {
        "Tax Effect Of Unusual Items": 0.0,
        "Tax Rate For Calcs": 0.21,
        "Normalized EBITDA": -14782000.0,
        "Net Income From Continuing Operation Net Minority Interest": -16195000.0,
        "Reconciled Depreciation": 409000.0,
        "Reconciled Cost Of Revenue": 4460000.0,
        "EBITDA": -14782000.0,
        "EBIT": -15191000.0,
        "Net Interest Income": 546000.0,
        "Interest Expense": 864000.0,
        "Interest Income": 1410000.0,
        "Normalized Income": -16195000.0,
        "Net Income From Continuing And Discontinued Operation": -16195000.0,
        "Total Expenses": 33633000.0,
        "Total Operating Income As Reported": -16439000.0,
        "Diluted Average Shares": 37818256.0,
        "Basic Average Shares": 37818256.0,
        "Diluted EPS": -0.43,
        "Basic EPS": -0.43,
        "Diluted NI Availto Com Stockholders": -16195000.0,
        "Net Income Common Stockholders": -16195000.0,
        "Net Income": -16195000.0,
        "Net Income Including Noncontrolling Interests": -16195000.0,
        "Net Income Continuous Operations": -16195000.0,
        "Tax Provision": 140000.0,
        "Pretax Income": -16055000.0,
        "Other Income Expense": -162000.0,
        "Other Non Operating Income Expenses": -162000.0,
        "Net Non Operating Interest Income Expense": 546000.0,
        "Interest Expense Non Operating": 864000.0,
        "Interest Income Non Operating": 1410000.0,
        "Operating Income": -16439000.0,
        "Operating Expense": 29173000.0,
        "Research And Development": 5710000.0,
        "Selling General And Administration": 23463000.0,
        "Gross Profit": 12734000.0,
        "Cost Of Revenue": 4460000.0,
        "Total Revenue": 17194000.0,
        "Operating Revenue": 17194000.0
    },
    "2022-03-31": {
        "Diluted EPS": -0.43,
        "Total Revenue": 11,
        "Gross Profit": 8,
        "Operating Income": -16,
        "EBIT": -15,
        "Net Income": -16
    },
    "2021-12-31": {
        "Diluted EPS": -0.36,
        "Total Revenue": 14,
        "Gross Profit": 10,
        "Operating Income": -12,
        "EBIT": -12,
        "Net Income": -13
    },
    "2021-09-30": {
        "Diluted EPS": -0.28,
        "Total Revenue": 13,
        "Gross Profit": 10,
        "Operating Income": -10,
        "EBIT": -10,
        "Net Income": -10
    },
    "2021-06-30": {
        "Diluted EPS": -0.36,
        "Total Revenue": 12,
        "Gross Profit": 9,
        "Operating Income": -13,
        "EBIT": -12,
        "Net Income": -13
    },
    "2021-03-31": {
        "Diluted EPS": -0.35,
        "Total Revenue": 9,
        "Gross Profit": 7,
        "Operating Income": -12,
        "EBIT": -12,
        "Net Income": -13
    },
    "2020-12-31": {
        "Diluted EPS": 8.12,
        "Total Revenue": 10,
        "Gross Profit": 7,
        "Operating Income": -9,
        "EBIT": -9,
        "Net Income": -9
    },
    "2020-09-30": {
        "Diluted EPS": -1.37,
        "Total Revenue": 11,
        "Gross Profit": 7,
        "Operating Income": -5,
        "EBIT": -5,
        "Net Income": -4
    },
    "2020-06-30": {
        "Diluted EPS": -6.15,
        "Total Revenue": 4,
        "Gross Profit": 1,
        "Operating Income": -12,
        "EBIT": -11,
        "Net Income": -12
    },
    "2020-03-31": {
        "Diluted EPS": -3.76,
        "Total Revenue": 9,
        "Gross Profit": 6,
        "Operating Income": -6,
        "EBIT": -6,
        "Net Income": -7
    },
    "2019-12-31": {
        "Diluted EPS": 0.0,
        "Total Revenue": NaN,
        "Gross Profit": NaN,
        "Operating Income": NaN,
        "EBIT": NaN,
        "Net Income": NaN
    },
    "2019-09-30": {
        "Diluted EPS": -2.41,
        "Total Revenue": 9,
        "Gross Profit": 6,
        "Operating Income": -4,
        "EBIT": -4,
        "Net Income": -4
    },
    "2018-12-31": {
        "Diluted EPS": 0.0,
        "Total Revenue": NaN,
        "Gross Profit": NaN,
        "Operating Income": NaN,
        "EBIT": NaN,
        "Net Income": NaN
    },
    "2023-09-30": {
        "Tax Effect Of Unusual Items": 0.0,
        "Tax Rate For Calcs": 0.21,
        "Normalized EBITDA": -13533000.0,
        "Net Income From Continuing Operation Net Minority Interest": -14900000.0,
        "Reconciled Depreciation": 415000.0,
        "Reconciled Cost Of Revenue": 4639000.0,
        "EBITDA": -13533000.0,
        "EBIT": -13948000.0,
        "Net Interest Income": 597000.0,
        "Interest Expense": 893000.0,
        "Interest Income": 1490000.0,
        "Normalized Income": -14900000.0,
        "Net Income From Continuing And Discontinued Operation": -14900000.0,
        "Total Expenses": 32844000.0,
        "Total Operating Income As Reported": -15176000.0,
        "Diluted Average Shares": 38119824.0,
        "Basic Average Shares": 38119824.0,
        "Diluted EPS": -0.39,
        "Basic EPS": -0.39,
        "Diluted NI Availto Com Stockholders": -14900000.0,
        "Net Income Common Stockholders": -14900000.0,
        "Net Income": -14900000.0,
        "Net Income Including Noncontrolling Interests": -14900000.0,
        "Net Income Continuous Operations": -14900000.0,
        "Tax Provision": 59000.0,
        "Pretax Income": -14841000.0,
        "Other Income Expense": -262000.0,
        "Other Non Operating Income Expenses": -262000.0,
        "Net Non Operating Interest Income Expense": 597000.0,
        "Interest Expense Non Operating": 893000.0,
        "Interest Income Non Operating": 1490000.0,
        "Operating Income": -15176000.0,
        "Operating Expense": 28205000.0,
        "Research And Development": 4220000.0,
        "Selling General And Administration": 23985000.0,
        "Gross Profit": 13029000.0,
        "Cost Of Revenue": 4639000.0,
        "Total Revenue": 17668000.0,
        "Operating Revenue": 17668000.0
    },
    "2023-12-31": {
        "Tax Effect Of Unusual Items": 0.0,
        "Tax Rate For Calcs": 0.21,
        "Normalized EBITDA": -12448000.0,
        "Net Income From Continuing Operation Net Minority Interest": -13888000.0,
        "Reconciled Depreciation": 287000.0,
        "Reconciled Cost Of Revenue": 4878000.0,
        "EBITDA": -12448000.0,
        "EBIT": -12735000.0,
        "Net Interest Income": 636000.0,
        "Interest Expense": 905000.0,
        "Interest Income": 1541000.0,
        "Normalized Income": -13888000.0,
        "Net Income From Continuing And Discontinued Operation": -13888000.0,
        "Total Expenses": 33197000.0,
        "Total Operating Income As Reported": -13919000.0,
        "Diluted Average Shares": 38377404.0,
        "Basic Average Shares": 38377404.0,
        "Diluted EPS": -0.36,
        "Basic EPS": -0.36,
        "Diluted NI Availto Com Stockholders": -13888000.0,
        "Net Income Common Stockholders": -13888000.0,
        "Net Income": -13888000.0,
        "Net Income Including Noncontrolling Interests": -13888000.0,
        "Net Income Continuous Operations": -13888000.0,
        "Tax Provision": 248000.0,
        "Pretax Income": -13640000.0,
        "Other Income Expense": -357000.0,
        "Other Non Operating Income Expenses": -357000.0,
        "Net Non Operating Interest Income Expense": 636000.0,
        "Interest Expense Non Operating": 905000.0,
        "Interest Income Non Operating": 1541000.0,
        "Operating Income": -13919000.0,
        "Operating Expense": 28319000.0,
        "Research And Development": 3896000.0,
        "Selling General And Administration": 24423000.0,
        "Gross Profit": 14400000.0,
        "Cost Of Revenue": 4878000.0,
        "Total Revenue": 19278000.0,
        "Operating Revenue": 19278000.0
    },
    "2024-03-31": {
        "Tax Effect Of Unusual Items": 0.0,
        "Tax Rate For Calcs": 0.21,
        "Normalized EBITDA": -12257000.0,
        "Net Income From Continuing Operation Net Minority Interest": -13749000.0,
        "Reconciled Depreciation": 423000.0,
        "Reconciled Cost Of Revenue": 4776000.0,
        "EBITDA": -12257000.0,
        "EBIT": -12680000.0,
        "Net Interest Income": 558000.0,
        "Interest Expense": 883000.0,
        "Interest Income": 1441000.0,
        "Normalized Income": -13749000.0,
        "Net Income From Continuing And Discontinued Operation": -13749000.0,
        "Total Expenses": 33390000.0,
        "Total Operating Income As Reported": -14536000.0,
        "Diluted Average Shares": 38636029.0,
        "Basic Average Shares": 38636029.0,
        "Diluted EPS": -0.36,
        "Basic EPS": -0.36,
        "Diluted NI Availto Com Stockholders": -13749000.0,
        "Net Income Common Stockholders": -13749000.0,
        "Net Income": -13749000.0,
        "Net Income Including Noncontrolling Interests": -13749000.0,
        "Net Income Continuous Operations": -13749000.0,
        "Tax Provision": 186000.0,
        "Pretax Income": -13563000.0,
        "Other Income Expense": 415000.0,
        "Other Non Operating Income Expenses": 415000.0,
        "Net Non Operating Interest Income Expense": 558000.0,
        "Interest Expense Non Operating": 883000.0,
        "Interest Income Non Operating": 1441000.0,
        "Operating Income": -14536000.0,
        "Operating Expense": 28614000.0,
        "Research And Development": 4210000.0,
        "Selling General And Administration": 24404000.0,
        "Gross Profit": 14078000.0,
        "Cost Of Revenue": 4776000.0,
        "Total Revenue": 18854000.0,
        "Operating Revenue": 18854000.0
    },
    "2024-06-30": {
        "Tax Effect Of Unusual Items": 0.0,
        "Tax Rate For Calcs": 0.21,
        "Normalized EBITDA": -13951000.0,
        "Net Income From Continuing Operation Net Minority Interest": -15326000.0,
        "Reconciled Depreciation": 400000.0,
        "Reconciled Cost Of Revenue": 5476000.0,
        "EBITDA": -13951000.0,
        "EBIT": -14351000.0,
        "Net Interest Income": 415000.0,
        "Interest Expense": 891000.0,
        "Interest Income": 1306000.0,
        "Normalized Income": -15326000.0,
        "Net Income From Continuing And Discontinued Operation": -15326000.0,
        "Total Expenses": 36405000.0,
        "Total Operating Income As Reported": -15622000.0,
        "Diluted Average Shares": 38943066.0,
        "Basic Average Shares": 38943066.0,
        "Diluted EPS": -0.39,
        "Basic EPS": -0.39,
        "Diluted NI Availto Com Stockholders": -15326000.0,
        "Net Income Common Stockholders": -15326000.0,
        "Net Income": -15326000.0,
        "Net Income Including Noncontrolling Interests": -15326000.0,
        "Net Income Continuous Operations": -15326000.0,
        "Tax Provision": 84000.0,
        "Pretax Income": -15242000.0,
        "Other Income Expense": -35000.0,
        "Other Non Operating Income Expenses": -35000.0,
        "Net Non Operating Interest Income Expense": 415000.0,
        "Interest Expense Non Operating": 891000.0,
        "Interest Income Non Operating": 1306000.0,
        "Operating Income": -15622000.0,
        "Operating Expense": 30929000.0,
        "Research And Development": 5615000.0,
        "Selling General And Administration": 25314000.0,
        "Gross Profit": 15307000.0,
        "Cost Of Revenue": 5476000.0,
        "Total Revenue": 20783000.0,
        "Operating Revenue": 20783000.0
    },
    "2024-09-30": {
        "Tax Effect Of Unusual Items": 0.0,
        "Tax Rate For Calcs": 0.21,
        "Normalized EBITDA": -12685000.0,
        "Net Income From Continuing Operation Net Minority Interest": -14144000.0,
        "Reconciled Depreciation": 376000.0,
        "Reconciled Cost Of Revenue": 5361000.0,
        "EBITDA": -12685000.0,
        "EBIT": -13061000.0,
        "Net Interest Income": 378000.0,
        "Interest Expense": 891000.0,
        "Interest Income": 1269000.0,
        "Normalized Income": -14144000.0,
        "Net Income From Continuing And Discontinued Operation": -14144000.0,
        "Total Expenses": 34516000.0,
        "Total Operating Income As Reported": -14129000.0,
        "Diluted Average Shares": 39276447.0,
        "Basic Average Shares": 39276447.0,
        "Diluted EPS": -0.36,
        "Basic EPS": -0.36,
        "Diluted NI Availto Com Stockholders": -14144000.0,
        "Net Income Common Stockholders": -14144000.0,
        "Net Income": -14144000.0,
        "Net Income Including Noncontrolling Interests": -14144000.0,
        "Net Income Continuous Operations": -14144000.0,
        "Tax Provision": 192000.0,
        "Pretax Income": -13952000.0,
        "Other Income Expense": -201000.0,
        "Other Non Operating Income Expenses": -201000.0,
        "Net Non Operating Interest Income Expense": 378000.0,
        "Interest Expense Non Operating": 891000.0,
        "Interest Income Non Operating": 1269000.0,
        "Operating Income": -14129000.0,
        "Operating Expense": 29155000.0,
        "Research And Development": 3744000.0,
        "Selling General And Administration": 25411000.0,
        "Gross Profit": 15026000.0,
        "Cost Of Revenue": 5361000.0,
        "Total Revenue": 20387000.0,
        "Operating Revenue": 20387000.0
    }
}