{
    "2023-03-31": {
        "Tax Effect Of Unusual Items": 0.0,
        "Tax Rate For Calcs": 0.112,
        "Normalized EBITDA": -4682000.0,
        "Net Income From Continuing Operation Net Minority Interest": -5618000.0,
        "Reconciled Depreciation": 1121000.0,
        "Reconciled Cost Of Revenue": 53015000.0,
        "EBITDA": -4682000.0,
        "EBIT": -5803000.0,
        "Net Interest Income": -523000.0,
        "Interest Expense": 523000.0,
        "Normalized Income": -5618000.0,
        "Net Income From Continuing And Discontinued Operation": -5618000.0,
        "Total Expenses": 96852000.0,
        "Total Operating Income As Reported": -5876000.0,
        "Diluted NI Availto Com Stockholders": -5618000.0,
        "Net Income Common Stockholders": -5618000.0,
        "Otherunder Preferred Stock Dividend": NaN,
        "Net Income": -5618000.0,
        "Net Income Including Noncontrolling Interests": -5618000.0,
        "Net Income Continuous Operations": -5618000.0,
        "Tax Provision": -708000.0,
        "Pretax Income": -6326000.0,
        "Other Income Expense": 73000.0,
        "Other Non Operating Income Expenses": 73000.0,
        "Net Non Operating Interest Income Expense": -523000.0,
        "Interest Expense Non Operating": 523000.0,
        "Operating Income": -5876000.0,
        "Operating Expense": 43837000.0,
        "Selling General And Administration": 43837000.0,
        "Selling And Marketing Expense": 19489000.0,
        "General And Administrative Expense": 24348000.0,
        "Other Gand A": 24348000.0,
        "Gross Profit": 37961000.0,
        "Cost Of Revenue": 53015000.0,
        "Total Revenue": 90976000.0,
        "Operating Revenue": 90976000.0
    },
    "2022-12-31": {
        "Tax Effect Of Unusual Items": 0.0,
        "Tax Rate For Calcs": 0.177356,
        "Normalized EBITDA": -4814000.0,
        "Net Income From Continuing Operation Net Minority Interest": -5246000.0,
        "Reconciled Depreciation": 1154000.0,
        "Reconciled Cost Of Revenue": 56995000.0,
        "EBITDA": -4814000.0,
        "EBIT": -5968000.0,
        "Net Interest Income": -409000.0,
        "Interest Expense": 409000.0,
        "Normalized Income": -5246000.0,
        "Net Income From Continuing And Discontinued Operation": -5246000.0,
        "Total Expenses": 96965000.0,
        "Total Operating Income As Reported": -6002000.0,
        "Diluted NI Availto Com Stockholders": -5246000.0,
        "Net Income Common Stockholders": -5246000.0,
        "Otherunder Preferred Stock Dividend": 0.0,
        "Net Income": -5246000.0,
        "Net Income Including Noncontrolling Interests": -5246000.0,
        "Net Income Continuous Operations": -5246000.0,
        "Tax Provision": -1131000.0,
        "Pretax Income": -6377000.0,
        "Other Income Expense": 34000.0,
        "Other Non Operating Income Expenses": 34000.0,
        "Net Non Operating Interest Income Expense": -409000.0,
        "Interest Expense Non Operating": 409000.0,
        "Operating Income": -6002000.0,
        "Operating Expense": 39970000.0,
        "Selling General And Administration": 39970000.0,
        "Selling And Marketing Expense": 16466000.0,
        "General And Administrative Expense": 23504000.0,
        "Other Gand A": 23504000.0,
        "Gross Profit": 33968000.0,
        "Cost Of Revenue": 56995000.0,
        "Total Revenue": 90963000.0,
        "Operating Revenue": 90963000.0
    },
    "2022-09-30": {
        "Tax Effect Of Unusual Items": 0.0,
        "Tax Rate For Calcs": 0.4,
        "Normalized EBITDA": 1710000.0,
        "Total Unusual Items": NaN,
        "Total Unusual Items Excluding Goodwill": NaN,
        "Net Income From Continuing Operation Net Minority Interest": 929000.0,
        "Reconciled Depreciation": 1130000.0,
        "Reconciled Cost Of Revenue": 60942000.0,
        "EBITDA": 1710000.0,
        "EBIT": 580000.0,
        "Net Interest Income": -329000.0,
        "Interest Expense": 329000.0,
        "Normalized Income": 929000.0,
        "Net Income From Continuing And Discontinued Operation": 929000.0,
        "Total Expenses": 104716000.0,
        "Total Operating Income As Reported": 559000.0,
        "Diluted Average Shares": 38898416.0,
        "Basic Average Shares": 38711915.0,
        "Diluted EPS": 0.02,
        "Basic EPS": 0.02,
        "Diluted NI Availto Com Stockholders": 929000.0,
        "Net Income Common Stockholders": 929000.0,
        "Otherunder Preferred Stock Dividend": 0.0,
        "Net Income": 929000.0,
        "Net Income Including Noncontrolling Interests": 929000.0,
        "Net Income Continuous Operations": 929000.0,
        "Tax Provision": -678000.0,
        "Pretax Income": 251000.0,
        "Other Income Expense": 21000.0,
        "Other Non Operating Income Expenses": 21000.0,
        "Special Income Charges": NaN,
        "Net Non Operating Interest Income Expense": -329000.0,
        "Interest Expense Non Operating": 329000.0,
        "Operating Income": 559000.0,
        "Operating Expense": 43774000.0,
        "Selling General And Administration": 43774000.0,
        "Selling And Marketing Expense": 19356000.0,
        "General And Administrative Expense": 24418000.0,
        "Other Gand A": 24418000.0,
        "Gross Profit": 44333000.0,
        "Cost Of Revenue": 60942000.0,
        "Total Revenue": 105275000.0,
        "Operating Revenue": 105275000.0
    },
    "2022-06-30": {
        "Tax Effect Of Unusual Items": 0.0,
        "Tax Rate For Calcs": 0.4,
        "Normalized EBITDA": 11960000.0,
        "Total Unusual Items": NaN,
        "Total Unusual Items Excluding Goodwill": NaN,
        "Net Income From Continuing Operation Net Minority Interest": 5999000.0,
        "Reconciled Depreciation": 1009000.0,
        "Reconciled Cost Of Revenue": 71345000.0,
        "EBITDA": 11960000.0,
        "EBIT": 10951000.0,
        "Net Interest Income": -157000.0,
        "Interest Expense": 157000.0,
        "Normalized Income": 5999000.0,
        "Net Income From Continuing And Discontinued Operation": 5999000.0,
        "Total Expenses": 120588000.0,
        "Total Operating Income As Reported": 10924000.0,
        "Diluted Average Shares": 38992901.0,
        "Basic Average Shares": 38535409.0,
        "Diluted EPS": 0.15,
        "Basic EPS": 0.16,
        "Diluted NI Availto Com Stockholders": 5999000.0,
        "Net Income Common Stockholders": 5999000.0,
        "Otherunder Preferred Stock Dividend": 0.0,
        "Net Income": 5999000.0,
        "Net Income Including Noncontrolling Interests": 5999000.0,
        "Net Income Continuous Operations": 5999000.0,
        "Tax Provision": 4795000.0,
        "Pretax Income": 10794000.0,
        "Other Income Expense": 27000.0,
        "Other Non Operating Income Expenses": 27000.0,
        "Special Income Charges": NaN,
        "Net Non Operating Interest Income Expense": -157000.0,
        "Interest Expense Non Operating": 157000.0,
        "Operating Income": 10924000.0,
        "Operating Expense": 49243000.0,
        "Selling General And Administration": 49243000.0,
        "Selling And Marketing Expense": 25851000.0,
        "General And Administrative Expense": 23392000.0,
        "Other Gand A": 23392000.0,
        "Gross Profit": 60167000.0,
        "Cost Of Revenue": 71345000.0,
        "Total Revenue": 131512000.0,
        "Operating Revenue": 131512000.0
    },
    "2022-03-31": {
        "Diluted EPS": 0.05,
        "Total Revenue": 112,
        "Gross Profit": 53,
        "Operating Income": 3,
        "EBIT": 4,
        "Net Income": 2
    },
    "2021-12-31": {
        "Diluted EPS": -6.41,
        "Total Revenue": 97,
        "Gross Profit": 43,
        "Operating Income": -5,
        "EBIT": -4,
        "Net Income": -129
    },
    "2021-09-30": {
        "Diluted EPS": 0.13,
        "Total Revenue": 106,
        "Gross Profit": 51,
        "Operating Income": 9,
        "EBIT": 10,
        "Net Income": 2
    },
    "2021-06-30": {
        "Diluted EPS": 0.28,
        "Total Revenue": 104,
        "Gross Profit": 51,
        "Operating Income": 15,
        "EBIT": 17,
        "Net Income": 5
    },
    "2021-03-31": {
        "Diluted EPS": -0.08,
        "Total Revenue": 69,
        "Gross Profit": 31,
        "Operating Income": 3,
        "EBIT": 4,
        "Net Income": -1
    },
    "2020-12-31": {
        "Diluted EPS": 0.0,
        "Total Revenue": NaN,
        "Gross Profit": NaN,
        "Operating Income": NaN,
        "EBIT": NaN,
        "Net Income": NaN
    },
    "2020-09-30": {
        "Diluted EPS": 0.01,
        "Total Revenue": 55,
        "Gross Profit": 24,
        "Operating Income": 4,
        "EBIT": 6,
        "Net Income": 0
    },
    "2020-06-30": {
        "Diluted EPS": 0.0,
        "Total Revenue": NaN,
        "Gross Profit": NaN,
        "Operating Income": NaN,
        "EBIT": NaN,
        "Net Income": NaN
    },
    "2019-12-31": {
        "Diluted EPS": 0.0,
        "Total Revenue": NaN,
        "Gross Profit": NaN,
        "Operating Income": NaN,
        "EBIT": NaN,
        "Net Income": NaN
    },
    "2023-06-30": {
        "Tax Effect Of Unusual Items": 0.0,
        "Tax Rate For Calcs": 0.21,
        "Normalized EBITDA": -112000.0,
        "Net Income From Continuing Operation Net Minority Interest": -2597000.0,
        "Reconciled Depreciation": 1185000.0,
        "Reconciled Cost Of Revenue": 58726000.0,
        "EBITDA": -112000.0,
        "EBIT": -1297000.0,
        "Net Interest Income": -426000.0,
        "Interest Expense": 426000.0,
        "Normalized Income": -2597000.0,
        "Net Income From Continuing And Discontinued Operation": -2597000.0,
        "Total Expenses": 107792000.0,
        "Total Operating Income As Reported": -1670000.0,
        "Diluted NI Availto Com Stockholders": -2597000.0,
        "Net Income Common Stockholders": -2597000.0,
        "Otherunder Preferred Stock Dividend": NaN,
        "Net Income": -2597000.0,
        "Net Income Including Noncontrolling Interests": -2597000.0,
        "Net Income Continuous Operations": -2597000.0,
        "Tax Provision": 874000.0,
        "Pretax Income": -1723000.0,
        "Other Income Expense": 373000.0,
        "Other Non Operating Income Expenses": 373000.0,
        "Net Non Operating Interest Income Expense": -426000.0,
        "Interest Expense Non Operating": 426000.0,
        "Operating Income": -1670000.0,
        "Operating Expense": 49066000.0,
        "Selling General And Administration": 49066000.0,
        "Selling And Marketing Expense": 24670000.0,
        "General And Administrative Expense": 24396000.0,
        "Other Gand A": 24396000.0,
        "Gross Profit": 47396000.0,
        "Cost Of Revenue": 58726000.0,
        "Total Revenue": 106122000.0,
        "Operating Revenue": 106122000.0
    },
    "2023-09-30": {
        "Tax Effect Of Unusual Items": 0.0,
        "Tax Rate For Calcs": 0.229,
        "Normalized EBITDA": -3365000.0,
        "Net Income From Continuing Operation Net Minority Interest": -3889000.0,
        "Reconciled Depreciation": 1240000.0,
        "Reconciled Cost Of Revenue": 49593000.0,
        "EBITDA": -3365000.0,
        "EBIT": -4605000.0,
        "Net Interest Income": -442000.0,
        "Interest Expense": 442000.0,
        "Normalized Income": -3889000.0,
        "Net Income From Continuing And Discontinued Operation": -3889000.0,
        "Total Expenses": 87993000.0,
        "Total Operating Income As Reported": -4875000.0,
        "Diluted NI Availto Com Stockholders": -3889000.0,
        "Net Income Common Stockholders": -3889000.0,
        "Otherunder Preferred Stock Dividend": NaN,
        "Net Income": -3889000.0,
        "Net Income Including Noncontrolling Interests": -3889000.0,
        "Net Income Continuous Operations": -3889000.0,
        "Tax Provision": -1158000.0,
        "Pretax Income": -5047000.0,
        "Other Income Expense": 270000.0,
        "Other Non Operating Income Expenses": 270000.0,
        "Net Non Operating Interest Income Expense": -442000.0,
        "Interest Expense Non Operating": 442000.0,
        "Operating Income": -4875000.0,
        "Operating Expense": 38400000.0,
        "Selling General And Administration": 38400000.0,
        "Selling And Marketing Expense": 16825000.0,
        "General And Administrative Expense": 21575000.0,
        "Other Gand A": 21575000.0,
        "Gross Profit": 33525000.0,
        "Cost Of Revenue": 49593000.0,
        "Total Revenue": 83118000.0,
        "Operating Revenue": 83118000.0
    }
}