{
    "2023-05-31": {
        "Tax Effect Of Unusual Items": NaN,
        "Tax Rate For Calcs": NaN,
        "Normalized EBITDA": NaN,
        "Net Income From Continuing Operation Net Minority Interest": NaN,
        "Reconciled Depreciation": NaN,
        "Reconciled Cost Of Revenue": NaN,
        "EBITDA": NaN,
        "EBIT": NaN,
        "Net Interest Income": NaN,
        "Interest Expense": NaN,
        "Normalized Income": NaN,
        "Net Income From Continuing And Discontinued Operation": NaN,
        "Total Expenses": NaN,
        "Total Operating Income As Reported": NaN,
        "Diluted Average Shares": 146800000.0,
        "Basic Average Shares": 145900000.0,
        "Diluted EPS": 3.4,
        "Basic EPS": 3.42,
        "Diluted NI Availto Com Stockholders": NaN,
        "Net Income Common Stockholders": NaN,
        "Net Income": NaN,
        "Net Income Including Noncontrolling Interests": NaN,
        "Net Income Continuous Operations": NaN,
        "Earnings From Equity Interest Net Of Tax": NaN,
        "Tax Provision": NaN,
        "Pretax Income": NaN,
        "Net Non Operating Interest Income Expense": NaN,
        "Interest Expense Non Operating": NaN,
        "Operating Income": NaN,
        "Operating Expense": NaN,
        "Selling General And Administration": NaN,
        "Gross Profit": NaN,
        "Cost Of Revenue": NaN,
        "Total Revenue": NaN,
        "Operating Revenue": NaN
    },
    "2023-02-28": {
        "Tax Effect Of Unusual Items": NaN,
        "Tax Rate For Calcs": NaN,
        "Normalized EBITDA": NaN,
        "Net Income From Continuing Operation Net Minority Interest": NaN,
        "Reconciled Depreciation": NaN,
        "Reconciled Cost Of Revenue": NaN,
        "EBITDA": NaN,
        "EBIT": NaN,
        "Net Interest Income": NaN,
        "Interest Expense": NaN,
        "Normalized Income": NaN,
        "Net Income From Continuing And Discontinued Operation": NaN,
        "Total Expenses": NaN,
        "Total Operating Income As Reported": NaN,
        "Diluted Average Shares": 144800000.0,
        "Basic Average Shares": 144000000.0,
        "Diluted EPS": 1.21,
        "Basic EPS": 1.22,
        "Diluted NI Availto Com Stockholders": NaN,
        "Net Income Common Stockholders": NaN,
        "Net Income": NaN,
        "Net Income Including Noncontrolling Interests": NaN,
        "Net Income Continuous Operations": NaN,
        "Earnings From Equity Interest Net Of Tax": NaN,
        "Tax Provision": NaN,
        "Pretax Income": NaN,
        "Net Non Operating Interest Income Expense": NaN,
        "Interest Expense Non Operating": NaN,
        "Operating Income": NaN,
        "Operating Expense": NaN,
        "Selling General And Administration": NaN,
        "Gross Profit": NaN,
        "Cost Of Revenue": NaN,
        "Total Revenue": NaN,
        "Operating Revenue": NaN
    },
    "2022-11-30": {
        "Tax Effect Of Unusual Items": 0.0,
        "Tax Rate For Calcs": 0.263,
        "Normalized EBITDA": 324000000.0,
        "Net Income From Continuing Operation Net Minority Interest": 103100000.0,
        "Reconciled Depreciation": 52200000.0,
        "Reconciled Cost Of Revenue": 894900000.0,
        "EBITDA": 324000000.0,
        "EBIT": 271800000.0,
        "Net Interest Income": -24600000.0,
        "Interest Expense": 24600000.0,
        "Normalized Income": 103100000.0,
        "Net Income From Continuing And Discontinued Operation": 103100000.0,
        "Total Expenses": 1004700000.0,
        "Total Operating Income As Reported": 271800000.0,
        "Diluted Average Shares": 144600000.0,
        "Basic Average Shares": 144000000.0,
        "Diluted EPS": 0.71,
        "Basic EPS": 0.72,
        "Diluted NI Availto Com Stockholders": 103100000.0,
        "Net Income Common Stockholders": 103100000.0,
        "Net Income": 103100000.0,
        "Net Income Including Noncontrolling Interests": 103100000.0,
        "Net Income Continuous Operations": 103100000.0,
        "Earnings From Equity Interest Net Of Tax": -107300000.0,
        "Tax Provision": 36800000.0,
        "Pretax Income": 247200000.0,
        "Net Non Operating Interest Income Expense": -24600000.0,
        "Interest Expense Non Operating": 24600000.0,
        "Operating Income": 271800000.0,
        "Operating Expense": 109800000.0,
        "Selling General And Administration": 109800000.0,
        "Gross Profit": 381600000.0,
        "Cost Of Revenue": 894900000.0,
        "Total Revenue": 1276500000.0,
        "Operating Revenue": 1276500000.0
    },
    "2022-08-31": {
        "Tax Effect Of Unusual Items": 0.0,
        "Tax Rate For Calcs": 0.241,
        "Normalized EBITDA": 206800000.0,
        "Net Income From Continuing Operation Net Minority Interest": 231900000.0,
        "Reconciled Depreciation": 49800000.0,
        "Reconciled Cost Of Revenue": 852300000.0,
        "EBITDA": 206800000.0,
        "EBIT": 157000000.0,
        "Net Interest Income": -26000000.0,
        "Interest Expense": 26000000.0,
        "Normalized Income": 231900000.0,
        "Net Income From Continuing And Discontinued Operation": 231900000.0,
        "Total Expenses": 968600000.0,
        "Total Operating Income As Reported": 157000000.0,
        "Diluted Average Shares": 144600000.0,
        "Basic Average Shares": 144000000.0,
        "Diluted EPS": 1.6,
        "Basic EPS": 1.61,
        "Diluted NI Availto Com Stockholders": 231900000.0,
        "Net Income Common Stockholders": 231900000.0,
        "Net Income": 231900000.0,
        "Net Income Including Noncontrolling Interests": 231900000.0,
        "Net Income Continuous Operations": 231900000.0,
        "Earnings From Equity Interest Net Of Tax": 174600000.0,
        "Tax Provision": 73700000.0,
        "Pretax Income": 131000000.0,
        "Net Non Operating Interest Income Expense": -26000000.0,
        "Interest Expense Non Operating": 26000000.0,
        "Operating Income": 157000000.0,
        "Operating Expense": 116300000.0,
        "Selling General And Administration": 116300000.0,
        "Gross Profit": 273300000.0,
        "Cost Of Revenue": 852300000.0,
        "Total Revenue": 1125600000.0,
        "Operating Revenue": 1125600000.0
    },
    "2022-05-31": {
        "Tax Effect Of Unusual Items": 0.0,
        "Tax Rate For Calcs": 0.20162,
        "Normalized EBITDA": 136000000.0,
        "Net Income From Continuing Operation Net Minority Interest": 32000000.0,
        "Reconciled Depreciation": 49700000.0,
        "Reconciled Cost Of Revenue": 898900000.0,
        "EBIT": 136000000.0,
        "Net Interest Income": -24900000.0,
        "Interest Expense": 24900000.0,
        "Normalized Income": 32000000.0,
        "Net Income From Continuing And Discontinued Operation": 32000000.0,
        "Total Expenses": 1017100000.0,
        "Total Operating Income As Reported": 136000000.0,
        "Diluted Average Shares": 145000000.0,
        "Basic Average Shares": 144600000.0,
        "Diluted EPS": 0.22,
        "Basic EPS": 0.22,
        "Diluted NI Availto Com Stockholders": 32000000.0,
        "Net Income Common Stockholders": 32000000.0,
        "Net Income": 32000000.0,
        "Net Income Including Noncontrolling Interests": 32000000.0,
        "Net Income Continuous Operations": 32000000.0,
        "Earnings From Equity Interest Net Of Tax": -56700000.0,
        "Tax Provision": 22400000.0,
        "Pretax Income": 111100000.0,
        "Net Non Operating Interest Income Expense": -24900000.0,
        "Interest Expense Non Operating": 24900000.0,
        "Operating Income": 136000000.0,
        "Operating Expense": 118200000.0,
        "Selling General And Administration": 118200000.0,
        "Gross Profit": 254200000.0,
        "Cost Of Revenue": 898900000.0,
        "Total Revenue": 1153100000.0,
        "Operating Revenue": 1153100000.0
    },
    "2023-08-31": {
        "Tax Effect Of Unusual Items": NaN,
        "Tax Rate For Calcs": NaN,
        "Normalized EBITDA": NaN,
        "Total Unusual Items": NaN,
        "Total Unusual Items Excluding Goodwill": NaN,
        "Net Income From Continuing Operation Net Minority Interest": NaN,
        "Reconciled Depreciation": NaN,
        "Reconciled Cost Of Revenue": NaN,
        "EBITDA": NaN,
        "EBIT": NaN,
        "Net Interest Income": NaN,
        "Interest Expense": NaN,
        "Normalized Income": NaN,
        "Net Income From Continuing And Discontinued Operation": NaN,
        "Total Expenses": NaN,
        "Total Operating Income As Reported": NaN,
        "Diluted Average Shares": 146600000.0,
        "Basic Average Shares": 145700000.0,
        "Diluted EPS": 1.6,
        "Basic EPS": 1.61,
        "Diluted NI Availto Com Stockholders": NaN,
        "Net Income Common Stockholders": NaN,
        "Net Income": NaN,
        "Net Income Including Noncontrolling Interests": NaN,
        "Net Income Continuous Operations": NaN,
        "Earnings From Equity Interest Net Of Tax": NaN,
        "Tax Provision": NaN,
        "Pretax Income": NaN,
        "Other Income Expense": NaN,
        "Special Income Charges": NaN,
        "Restructuring And Mergern Acquisition": NaN,
        "Net Non Operating Interest Income Expense": NaN,
        "Interest Expense Non Operating": NaN,
        "Operating Income": NaN,
        "Operating Expense": NaN,
        "Depreciation Amortization Depletion Income Statement": NaN,
        "Depreciation And Amortization In Income Statement": NaN,
        "Amortization": NaN,
        "Amortization Of Intangibles Income Statement": NaN,
        "Depreciation Income Statement": NaN,
        "Selling General And Administration": NaN,
        "General And Administrative Expense": NaN,
        "Other Gand A": NaN,
        "Gross Profit": NaN,
        "Cost Of Revenue": NaN,
        "Total Revenue": NaN,
        "Operating Revenue": NaN
    },
    "2023-11-30": {
        "Tax Effect Of Unusual Items": 0.0,
        "Tax Rate For Calcs": 0.235,
        "Normalized EBITDA": 376200000.0,
        "Total Unusual Items": 0.0,
        "Total Unusual Items Excluding Goodwill": 0.0,
        "Net Income From Continuing Operation Net Minority Interest": 215000000.0,
        "Reconciled Depreciation": 70600000.0,
        "Reconciled Cost Of Revenue": 1191300000.0,
        "EBITDA": 376200000.0,
        "EBIT": 305600000.0,
        "Net Interest Income": -29100000.0,
        "Interest Expense": 29100000.0,
        "Normalized Income": 215000000.0,
        "Net Income From Continuing And Discontinued Operation": 215000000.0,
        "Total Expenses": 1426500000.0,
        "Total Operating Income As Reported": 305600000.0,
        "Diluted Average Shares": 145500000.0,
        "Basic Average Shares": 144900000.0,
        "Diluted EPS": 1.48,
        "Basic EPS": 1.48,
        "Diluted NI Availto Com Stockholders": 215000000.0,
        "Net Income Common Stockholders": 215000000.0,
        "Net Income": 215000000.0,
        "Net Income Including Noncontrolling Interests": 215000000.0,
        "Net Income Continuous Operations": 215000000.0,
        "Earnings From Equity Interest Net Of Tax": 4700000.0,
        "Tax Provision": 66200000.0,
        "Pretax Income": 276500000.0,
        "Other Income Expense": NaN,
        "Special Income Charges": 0.0,
        "Restructuring And Mergern Acquisition": 0.0,
        "Net Non Operating Interest Income Expense": -29100000.0,
        "Interest Expense Non Operating": 29100000.0,
        "Operating Income": 305600000.0,
        "Operating Expense": 170000000.0,
        "Depreciation Amortization Depletion Income Statement": 5400000.0,
        "Depreciation And Amortization In Income Statement": 5400000.0,
        "Amortization": 2700000.0,
        "Amortization Of Intangibles Income Statement": 2700000.0,
        "Depreciation Income Statement": 2700000.0,
        "Selling General And Administration": 164600000.0,
        "General And Administrative Expense": 164600000.0,
        "Other Gand A": 164600000.0,
        "Gross Profit": 475600000.0,
        "Cost Of Revenue": 1256500000.0,
        "Total Revenue": 1732100000.0,
        "Operating Revenue": 1732100000.0
    },
    "2024-02-29": {
        "Tax Effect Of Unusual Items": 0.0,
        "Tax Rate For Calcs": 0.228,
        "Normalized EBITDA": 303200000.0,
        "Total Unusual Items": NaN,
        "Total Unusual Items Excluding Goodwill": NaN,
        "Net Income From Continuing Operation Net Minority Interest": 146100000.0,
        "Reconciled Depreciation": 79300000.0,
        "Reconciled Cost Of Revenue": 1054600000.0,
        "EBITDA": 303200000.0,
        "EBIT": 223900000.0,
        "Net Interest Income": -35700000.0,
        "Interest Expense": 35700000.0,
        "Normalized Income": 146100000.0,
        "Net Income From Continuing And Discontinued Operation": 146100000.0,
        "Total Expenses": 1234400000.0,
        "Total Operating Income As Reported": 223900000.0,
        "Diluted Average Shares": 145300000.0,
        "Basic Average Shares": 144500000.0,
        "Diluted EPS": 1.01,
        "Basic EPS": 1.01,
        "Diluted NI Availto Com Stockholders": 146100000.0,
        "Net Income Common Stockholders": 146100000.0,
        "Net Income": 146100000.0,
        "Net Income Including Noncontrolling Interests": 146100000.0,
        "Net Income Continuous Operations": 146100000.0,
        "Earnings From Equity Interest Net Of Tax": 1000000.0,
        "Tax Provision": 43100000.0,
        "Pretax Income": 188200000.0,
        "Other Income Expense": NaN,
        "Special Income Charges": NaN,
        "Restructuring And Mergern Acquisition": NaN,
        "Net Non Operating Interest Income Expense": -35700000.0,
        "Interest Expense Non Operating": 35700000.0,
        "Operating Income": 223900000.0,
        "Operating Expense": 179800000.0,
        "Depreciation Amortization Depletion Income Statement": NaN,
        "Depreciation And Amortization In Income Statement": NaN,
        "Amortization": NaN,
        "Amortization Of Intangibles Income Statement": NaN,
        "Depreciation Income Statement": NaN,
        "Selling General And Administration": 179800000.0,
        "General And Administrative Expense": NaN,
        "Other Gand A": NaN,
        "Gross Profit": 403700000.0,
        "Cost Of Revenue": 1054600000.0,
        "Total Revenue": 1458300000.0,
        "Operating Revenue": 1458300000.0
    },
    "2024-05-31": {
        "Tax Effect Of Unusual Items": 0.0,
        "Tax Rate For Calcs": 0.294425,
        "Normalized EBITDA": 299300000.0,
        "Total Unusual Items": NaN,
        "Total Unusual Items Excluding Goodwill": NaN,
        "Net Income From Continuing Operation Net Minority Interest": 129700000.0,
        "Reconciled Depreciation": 86800000.0,
        "Reconciled Cost Of Revenue": 1224000000.0,
        "EBITDA": 299300000.0,
        "EBIT": 212500000.0,
        "Net Interest Income": -40300000.0,
        "Interest Expense": 40300000.0,
        "Normalized Income": 129700000.0,
        "Net Income From Continuing And Discontinued Operation": 129700000.0,
        "Total Expenses": 1399400000.0,
        "Total Operating Income As Reported": 212500000.0,
        "Diluted Average Shares": NaN,
        "Basic Average Shares": NaN,
        "Diluted EPS": NaN,
        "Basic EPS": NaN,
        "Diluted NI Availto Com Stockholders": 129700000.0,
        "Net Income Common Stockholders": 129700000.0,
        "Net Income": 129700000.0,
        "Net Income Including Noncontrolling Interests": 129700000.0,
        "Net Income Continuous Operations": 129700000.0,
        "Earnings From Equity Interest Net Of Tax": 8200000.0,
        "Tax Provision": 50700000.0,
        "Pretax Income": 172200000.0,
        "Other Income Expense": NaN,
        "Special Income Charges": NaN,
        "Restructuring And Mergern Acquisition": NaN,
        "Net Non Operating Interest Income Expense": -40300000.0,
        "Interest Expense Non Operating": 40300000.0,
        "Operating Income": 212500000.0,
        "Operating Expense": 175400000.0,
        "Depreciation Amortization Depletion Income Statement": NaN,
        "Depreciation And Amortization In Income Statement": NaN,
        "Amortization": NaN,
        "Amortization Of Intangibles Income Statement": NaN,
        "Depreciation Income Statement": NaN,
        "Selling General And Administration": 175400000.0,
        "General And Administrative Expense": NaN,
        "Other Gand A": NaN,
        "Gross Profit": 387900000.0,
        "Cost Of Revenue": 1224000000.0,
        "Total Revenue": 1611900000.0,
        "Operating Revenue": 1611900000.0
    },
    "2024-08-31": {
        "Tax Effect Of Unusual Items": 0.0,
        "Tax Rate For Calcs": 0.285,
        "Normalized EBITDA": 302600000.0,
        "Total Unusual Items": NaN,
        "Total Unusual Items Excluding Goodwill": NaN,
        "Net Income From Continuing Operation Net Minority Interest": 127400000.0,
        "Reconciled Depreciation": 90500000.0,
        "Reconciled Cost Of Revenue": 1298100000.0,
        "EBITDA": 302600000.0,
        "EBIT": 212100000.0,
        "Net Interest Income": -45200000.0,
        "Interest Expense": 45200000.0,
        "Normalized Income": 127400000.0,
        "Net Income From Continuing And Discontinued Operation": 127400000.0,
        "Total Expenses": 1442000000.0,
        "Total Operating Income As Reported": 212100000.0,
        "Diluted Average Shares": 144200000.0,
        "Basic Average Shares": 143600000.0,
        "Diluted EPS": 0.88,
        "Basic EPS": 0.89,
        "Diluted NI Availto Com Stockholders": 127400000.0,
        "Net Income Common Stockholders": 127400000.0,
        "Net Income": 127400000.0,
        "Net Income Including Noncontrolling Interests": 127400000.0,
        "Net Income Continuous Operations": 127400000.0,
        "Earnings From Equity Interest Net Of Tax": 11300000.0,
        "Tax Provision": 50800000.0,
        "Pretax Income": 166900000.0,
        "Other Income Expense": NaN,
        "Special Income Charges": NaN,
        "Restructuring And Mergern Acquisition": NaN,
        "Net Non Operating Interest Income Expense": -45200000.0,
        "Interest Expense Non Operating": 45200000.0,
        "Operating Income": 212100000.0,
        "Operating Expense": 143900000.0,
        "Depreciation Amortization Depletion Income Statement": NaN,
        "Depreciation And Amortization In Income Statement": NaN,
        "Amortization": NaN,
        "Amortization Of Intangibles Income Statement": NaN,
        "Depreciation Income Statement": NaN,
        "Selling General And Administration": 143900000.0,
        "General And Administrative Expense": NaN,
        "Other Gand A": NaN,
        "Gross Profit": 356000000.0,
        "Cost Of Revenue": 1298100000.0,
        "Total Revenue": 1654100000.0,
        "Operating Revenue": 1654100000.0
    },
    "2024-11-30": {
        "Tax Effect Of Unusual Items": -15666000.0,
        "Tax Rate For Calcs": 0.21,
        "Normalized EBITDA": 213600000.0,
        "Total Unusual Items": -74600000.0,
        "Total Unusual Items Excluding Goodwill": -74600000.0,
        "Net Income From Continuing Operation Net Minority Interest": -36100000.0,
        "Reconciled Depreciation": 120500000.0,
        "Reconciled Cost Of Revenue": 1213500000.0,
        "EBITDA": 139000000.0,
        "EBIT": 18500000.0,
        "Net Interest Income": -43300000.0,
        "Interest Expense": 43300000.0,
        "Normalized Income": 22834000.0,
        "Net Income From Continuing And Discontinued Operation": -36100000.0,
        "Total Expenses": 1507800000.0,
        "Total Operating Income As Reported": 18500000.0,
        "Diluted Average Shares": 143200000.0,
        "Basic Average Shares": 142800000.0,
        "Diluted EPS": -0.25,
        "Basic EPS": -0.25,
        "Diluted NI Availto Com Stockholders": -36100000.0,
        "Net Income Common Stockholders": -36100000.0,
        "Net Income": -36100000.0,
        "Net Income Including Noncontrolling Interests": -36100000.0,
        "Net Income Continuous Operations": -36100000.0,
        "Earnings From Equity Interest Net Of Tax": 2100000.0,
        "Tax Provision": 13400000.0,
        "Pretax Income": -24800000.0,
        "Other Income Expense": -74600000.0,
        "Special Income Charges": -74600000.0,
        "Restructuring And Mergern Acquisition": 74600000.0,
        "Net Non Operating Interest Income Expense": -43300000.0,
        "Interest Expense Non Operating": 43300000.0,
        "Operating Income": 93100000.0,
        "Operating Expense": 184700000.0,
        "Depreciation Amortization Depletion Income Statement": 10900000.0,
        "Depreciation And Amortization In Income Statement": 10900000.0,
        "Amortization": 7200000.0,
        "Amortization Of Intangibles Income Statement": 7200000.0,
        "Depreciation Income Statement": 3700000.0,
        "Selling General And Administration": 173800000.0,
        "General And Administrative Expense": 173800000.0,
        "Other Gand A": 173800000.0,
        "Gross Profit": 277800000.0,
        "Cost Of Revenue": 1323100000.0,
        "Total Revenue": 1600900000.0,
        "Operating Revenue": 1600900000.0
    }
}