{
    "2023-03-31": {
        "Tax Effect Of Unusual Items": NaN,
        "Tax Rate For Calcs": NaN,
        "Normalized EBITDA": NaN,
        "Total Unusual Items": NaN,
        "Total Unusual Items Excluding Goodwill": NaN,
        "Net Income From Continuing Operation Net Minority Interest": NaN,
        "Reconciled Depreciation": NaN,
        "Reconciled Cost Of Revenue": NaN,
        "EBITDA": NaN,
        "EBIT": NaN,
        "Net Interest Income": NaN,
        "Interest Expense": NaN,
        "Normalized Income": NaN,
        "Net Income From Continuing And Discontinued Operation": NaN,
        "Total Expenses": NaN,
        "Total Operating Income As Reported": NaN,
        "Diluted Average Shares": 15030000.0,
        "Basic Average Shares": 14645000.0,
        "Diluted EPS": 0.06,
        "Basic EPS": 0.06,
        "Diluted NI Availto Com Stockholders": NaN,
        "Net Income Common Stockholders": NaN,
        "Net Income": NaN,
        "Net Income Including Noncontrolling Interests": NaN,
        "Net Income Continuous Operations": NaN,
        "Tax Provision": NaN,
        "Pretax Income": NaN,
        "Other Income Expense": NaN,
        "Other Non Operating Income Expenses": NaN,
        "Special Income Charges": NaN,
        "Gain On Sale Of Ppe": NaN,
        "Net Non Operating Interest Income Expense": NaN,
        "Interest Expense Non Operating": NaN,
        "Operating Income": NaN,
        "Operating Expense": NaN,
        "Depreciation Amortization Depletion Income Statement": NaN,
        "Depreciation And Amortization In Income Statement": NaN,
        "Amortization": NaN,
        "Amortization Of Intangibles Income Statement": NaN,
        "Selling General And Administration": NaN,
        "Selling And Marketing Expense": NaN,
        "General And Administrative Expense": NaN,
        "Other Gand A": NaN,
        "Gross Profit": NaN,
        "Cost Of Revenue": NaN,
        "Total Revenue": NaN,
        "Operating Revenue": NaN
    },
    "2022-12-31": {
        "Tax Effect Of Unusual Items": NaN,
        "Tax Rate For Calcs": NaN,
        "Normalized EBITDA": NaN,
        "Total Unusual Items": -241000.0,
        "Total Unusual Items Excluding Goodwill": -241000.0,
        "Net Income From Continuing Operation Net Minority Interest": NaN,
        "Reconciled Depreciation": NaN,
        "Reconciled Cost Of Revenue": NaN,
        "EBITDA": NaN,
        "EBIT": NaN,
        "Net Interest Income": NaN,
        "Interest Expense": NaN,
        "Normalized Income": NaN,
        "Net Income From Continuing And Discontinued Operation": NaN,
        "Total Expenses": NaN,
        "Total Operating Income As Reported": NaN,
        "Diluted Average Shares": NaN,
        "Basic Average Shares": NaN,
        "Diluted EPS": NaN,
        "Basic EPS": NaN,
        "Diluted NI Availto Com Stockholders": NaN,
        "Net Income Common Stockholders": NaN,
        "Net Income": NaN,
        "Net Income Including Noncontrolling Interests": NaN,
        "Net Income Continuous Operations": NaN,
        "Tax Provision": NaN,
        "Pretax Income": NaN,
        "Other Income Expense": NaN,
        "Other Non Operating Income Expenses": NaN,
        "Special Income Charges": -241000.0,
        "Gain On Sale Of Ppe": -241000.0,
        "Net Non Operating Interest Income Expense": NaN,
        "Interest Expense Non Operating": NaN,
        "Operating Income": NaN,
        "Operating Expense": NaN,
        "Depreciation Amortization Depletion Income Statement": NaN,
        "Depreciation And Amortization In Income Statement": NaN,
        "Amortization": NaN,
        "Amortization Of Intangibles Income Statement": NaN,
        "Selling General And Administration": NaN,
        "Selling And Marketing Expense": NaN,
        "General And Administrative Expense": NaN,
        "Other Gand A": NaN,
        "Gross Profit": NaN,
        "Cost Of Revenue": NaN,
        "Total Revenue": NaN,
        "Operating Revenue": NaN
    },
    "2022-09-30": {
        "Tax Effect Of Unusual Items": NaN,
        "Tax Rate For Calcs": NaN,
        "Normalized EBITDA": NaN,
        "Total Unusual Items": 0.0,
        "Total Unusual Items Excluding Goodwill": 0.0,
        "Net Income From Continuing Operation Net Minority Interest": NaN,
        "Reconciled Depreciation": NaN,
        "Reconciled Cost Of Revenue": NaN,
        "EBITDA": NaN,
        "EBIT": NaN,
        "Net Interest Income": NaN,
        "Interest Expense": NaN,
        "Normalized Income": NaN,
        "Net Income From Continuing And Discontinued Operation": NaN,
        "Total Expenses": NaN,
        "Total Operating Income As Reported": NaN,
        "Diluted Average Shares": 15848000.0,
        "Basic Average Shares": 15490000.0,
        "Diluted EPS": 0.06,
        "Basic EPS": 0.06,
        "Diluted NI Availto Com Stockholders": NaN,
        "Net Income Common Stockholders": NaN,
        "Net Income": NaN,
        "Net Income Including Noncontrolling Interests": NaN,
        "Net Income Continuous Operations": NaN,
        "Tax Provision": NaN,
        "Pretax Income": NaN,
        "Other Income Expense": NaN,
        "Other Non Operating Income Expenses": NaN,
        "Special Income Charges": 0.0,
        "Gain On Sale Of Ppe": 0.0,
        "Net Non Operating Interest Income Expense": NaN,
        "Interest Expense Non Operating": NaN,
        "Operating Income": NaN,
        "Operating Expense": NaN,
        "Depreciation Amortization Depletion Income Statement": NaN,
        "Depreciation And Amortization In Income Statement": NaN,
        "Amortization": NaN,
        "Amortization Of Intangibles Income Statement": NaN,
        "Selling General And Administration": NaN,
        "Selling And Marketing Expense": NaN,
        "General And Administrative Expense": NaN,
        "Other Gand A": NaN,
        "Gross Profit": NaN,
        "Cost Of Revenue": NaN,
        "Total Revenue": NaN,
        "Operating Revenue": NaN
    },
    "2022-06-30": {
        "Tax Effect Of Unusual Items": 0.0,
        "Tax Rate For Calcs": 0.353,
        "Normalized EBITDA": 959000.0,
        "Total Unusual Items": 0.0,
        "Total Unusual Items Excluding Goodwill": 0.0,
        "Net Income From Continuing Operation Net Minority Interest": 120000.0,
        "Reconciled Depreciation": 722000.0,
        "Reconciled Cost Of Revenue": 27207000.0,
        "EBITDA": 959000.0,
        "EBIT": 237000.0,
        "Net Interest Income": -52000.0,
        "Interest Expense": 52000.0,
        "Normalized Income": 120000.0,
        "Net Income From Continuing And Discontinued Operation": 120000.0,
        "Total Expenses": 33250000.0,
        "Total Operating Income As Reported": 241000.0,
        "Diluted Average Shares": 15875000.0,
        "Basic Average Shares": 15466000.0,
        "Diluted EPS": 0.01,
        "Basic EPS": 0.01,
        "Diluted NI Availto Com Stockholders": 120000.0,
        "Net Income Common Stockholders": 120000.0,
        "Net Income": 120000.0,
        "Net Income Including Noncontrolling Interests": 120000.0,
        "Net Income Continuous Operations": 120000.0,
        "Tax Provision": 65000.0,
        "Pretax Income": 185000.0,
        "Other Income Expense": -4000.0,
        "Other Non Operating Income Expenses": -4000.0,
        "Special Income Charges": 0.0,
        "Gain On Sale Of Ppe": 0.0,
        "Net Non Operating Interest Income Expense": -52000.0,
        "Interest Expense Non Operating": 52000.0,
        "Operating Income": 241000.0,
        "Operating Expense": 5456000.0,
        "Depreciation Amortization Depletion Income Statement": 135000.0,
        "Depreciation And Amortization In Income Statement": 135000.0,
        "Amortization": 135000.0,
        "Amortization Of Intangibles Income Statement": 135000.0,
        "Selling General And Administration": 5321000.0,
        "Selling And Marketing Expense": 2482000.0,
        "General And Administrative Expense": 2839000.0,
        "Other Gand A": 2839000.0,
        "Gross Profit": 5697000.0,
        "Cost Of Revenue": 27794000.0,
        "Total Revenue": 33491000.0,
        "Operating Revenue": 33491000.0
    },
    "2022-03-31": {
        "Diluted EPS": -0.06,
        "Total Revenue": 34,
        "Gross Profit": 6,
        "Operating Income": -1,
        "EBIT": 0,
        "Net Income": -1
    },
    "2021-12-31": {
        "Diluted EPS": 0.0,
        "Total Revenue": 31,
        "Gross Profit": 6,
        "Operating Income": 0,
        "EBIT": 1,
        "Net Income": 0
    },
    "2021-09-30": {
        "Diluted EPS": 0.03,
        "Total Revenue": 30,
        "Gross Profit": 7,
        "Operating Income": 1,
        "EBIT": 2,
        "Net Income": 0
    },
    "2021-06-30": {
        "Diluted EPS": 0.1,
        "Total Revenue": 29,
        "Gross Profit": 8,
        "Operating Income": 2,
        "EBIT": 3,
        "Net Income": 2
    },
    "2021-03-31": {
        "Diluted EPS": 0.08,
        "Total Revenue": 29,
        "Gross Profit": 8,
        "Operating Income": 2,
        "EBIT": 3,
        "Net Income": 1
    },
    "2020-12-31": {
        "Diluted EPS": 0.02,
        "Total Revenue": 26,
        "Gross Profit": 6,
        "Operating Income": 1,
        "EBIT": 1,
        "Net Income": 0
    },
    "2020-09-30": {
        "Diluted EPS": 0.12,
        "Total Revenue": 26,
        "Gross Profit": 8,
        "Operating Income": 3,
        "EBIT": 3,
        "Net Income": 2
    },
    "2020-06-30": {
        "Diluted EPS": 0.06,
        "Total Revenue": 25,
        "Gross Profit": 7,
        "Operating Income": 1,
        "EBIT": 2,
        "Net Income": 1
    },
    "2020-03-31": {
        "Diluted EPS": 0.01,
        "Total Revenue": 25,
        "Gross Profit": 6,
        "Operating Income": 0,
        "EBIT": 1,
        "Net Income": 0
    },
    "2019-12-31": {
        "Diluted EPS": 0.06,
        "Total Revenue": 23,
        "Gross Profit": 5,
        "Operating Income": -1,
        "EBIT": 0,
        "Net Income": 1
    },
    "2019-09-30": {
        "Diluted EPS": 0.0,
        "Total Revenue": 23,
        "Gross Profit": 5,
        "Operating Income": 0,
        "EBIT": 1,
        "Net Income": 0
    },
    "2019-06-30": {
        "Diluted EPS": -0.01,
        "Total Revenue": 23,
        "Gross Profit": 6,
        "Operating Income": 0,
        "EBIT": 1,
        "Net Income": 0
    },
    "2019-03-31": {
        "Diluted EPS": -0.02,
        "Total Revenue": 25,
        "Gross Profit": 6,
        "Operating Income": 0,
        "EBIT": 0,
        "Net Income": 0
    },
    "2018-12-31": {
        "Diluted EPS": -0.17,
        "Total Revenue": 23,
        "Gross Profit": 5,
        "Operating Income": -3,
        "EBIT": -1,
        "Net Income": -3
    },
    "2018-09-30": {
        "Diluted EPS": -0.03,
        "Total Revenue": 24,
        "Gross Profit": 6,
        "Operating Income": -1,
        "EBIT": 0,
        "Net Income": -1
    },
    "2018-06-30": {
        "Diluted EPS": 0.01,
        "Total Revenue": 27,
        "Gross Profit": 7,
        "Operating Income": 0,
        "EBIT": 1,
        "Net Income": 0
    },
    "2018-03-31": {
        "Diluted EPS": 0.0,
        "Total Revenue": 29,
        "Gross Profit": 8,
        "Operating Income": 0,
        "EBIT": 1,
        "Net Income": 0
    },
    "2017-12-31": {
        "Diluted EPS": -0.11,
        "Total Revenue": 26,
        "Gross Profit": 5,
        "Operating Income": -3,
        "EBIT": -2,
        "Net Income": -2
    },
    "2017-09-30": {
        "Diluted EPS": 0.02,
        "Total Revenue": 29,
        "Gross Profit": 8,
        "Operating Income": 1,
        "EBIT": 1,
        "Net Income": 0
    },
    "2017-06-30": {
        "Diluted EPS": 0.06,
        "Total Revenue": 32,
        "Gross Profit": 9,
        "Operating Income": 2,
        "EBIT": 3,
        "Net Income": 1
    },
    "2017-03-31": {
        "Diluted EPS": 0.01,
        "Total Revenue": 32,
        "Gross Profit": 8,
        "Operating Income": 0,
        "EBIT": 1,
        "Net Income": 0
    },
    "2016-12-31": {
        "Diluted EPS": 0.03,
        "Total Revenue": 30,
        "Gross Profit": 9,
        "Operating Income": 1,
        "EBIT": 2,
        "Net Income": 0
    },
    "2016-09-30": {
        "Diluted EPS": 0.0,
        "Total Revenue": 30,
        "Gross Profit": 8,
        "Operating Income": 0,
        "EBIT": 1,
        "Net Income": 0
    },
    "2016-06-30": {
        "Diluted EPS": 0.13,
        "Total Revenue": 31,
        "Gross Profit": 10,
        "Operating Income": 3,
        "EBIT": 4,
        "Net Income": 2
    },
    "2016-03-31": {
        "Diluted EPS": 0.06,
        "Total Revenue": 33,
        "Gross Profit": 9,
        "Operating Income": 2,
        "EBIT": 2,
        "Net Income": 1
    },
    "2015-12-31": {
        "Diluted EPS": 0.02,
        "Total Revenue": 30,
        "Gross Profit": 7,
        "Operating Income": 1,
        "EBIT": 2,
        "Net Income": 0
    },
    "2015-09-30": {
        "Diluted EPS": 0.05,
        "Total Revenue": 30,
        "Gross Profit": 9,
        "Operating Income": 2,
        "EBIT": 3,
        "Net Income": 1
    },
    "2015-06-30": {
        "Diluted EPS": 0.01,
        "Total Revenue": 30,
        "Gross Profit": 6,
        "Operating Income": 0,
        "EBIT": 1,
        "Net Income": 0
    },
    "2015-03-31": {
        "Diluted EPS": 0.04,
        "Total Revenue": 30,
        "Gross Profit": 8,
        "Operating Income": 1,
        "EBIT": 2,
        "Net Income": 1
    },
    "2014-12-31": {
        "Diluted EPS": 0.0,
        "Total Revenue": 30,
        "Gross Profit": 7,
        "Operating Income": 0,
        "EBIT": 1,
        "Net Income": 0
    },
    "2014-09-30": {
        "Diluted EPS": 0.06,
        "Total Revenue": 30,
        "Gross Profit": 8,
        "Operating Income": 2,
        "EBIT": 3,
        "Net Income": 1
    },
    "2014-06-30": {
        "Diluted EPS": 0.04,
        "Total Revenue": 30,
        "Gross Profit": 8,
        "Operating Income": 2,
        "EBIT": 2,
        "Net Income": 1
    },
    "2014-03-31": {
        "Diluted EPS": 0.02,
        "Total Revenue": 29,
        "Gross Profit": 7,
        "Operating Income": 1,
        "EBIT": 2,
        "Net Income": 0
    },
    "2013-12-31": {
        "Diluted EPS": -0.02,
        "Total Revenue": 26,
        "Gross Profit": 5,
        "Operating Income": 0,
        "EBIT": 0,
        "Net Income": 0
    },
    "2013-09-30": {
        "Diluted EPS": 0.1,
        "Total Revenue": 24,
        "Gross Profit": 7,
        "Operating Income": 2,
        "EBIT": 3,
        "Net Income": 2
    },
    "2013-06-30": {
        "Diluted EPS": 0.09,
        "Total Revenue": 23,
        "Gross Profit": 8,
        "Operating Income": 2,
        "EBIT": 3,
        "Net Income": 1
    },
    "2013-03-31": {
        "Diluted EPS": 0.14,
        "Total Revenue": 24,
        "Gross Profit": 9,
        "Operating Income": 4,
        "EBIT": 4,
        "Net Income": 2
    },
    "2012-12-31": {
        "Diluted EPS": 0.05,
        "Total Revenue": 21,
        "Gross Profit": 6,
        "Operating Income": 2,
        "EBIT": 2,
        "Net Income": 1
    },
    "2012-09-30": {
        "Diluted EPS": 0.09,
        "Total Revenue": 21,
        "Gross Profit": 7,
        "Operating Income": 2,
        "EBIT": 3,
        "Net Income": 1
    },
    "2012-06-30": {
        "Diluted EPS": 0.13,
        "Total Revenue": 21,
        "Gross Profit": 8,
        "Operating Income": 3,
        "EBIT": 4,
        "Net Income": 2
    },
    "2012-03-31": {
        "Diluted EPS": 0.07,
        "Total Revenue": 19,
        "Gross Profit": 6,
        "Operating Income": 2,
        "EBIT": 2,
        "Net Income": 1
    },
    "2011-12-31": {
        "Diluted EPS": -0.03,
        "Total Revenue": 17,
        "Gross Profit": 2,
        "Operating Income": 0,
        "EBIT": 0,
        "Net Income": 0
    },
    "2011-09-30": {
        "Diluted EPS": 0.06,
        "Total Revenue": 18,
        "Gross Profit": 6,
        "Operating Income": 2,
        "EBIT": 2,
        "Net Income": 1
    },
    "2011-06-30": {
        "Diluted EPS": 0.02,
        "Total Revenue": 18,
        "Gross Profit": 6,
        "Operating Income": 1,
        "EBIT": 1,
        "Net Income": 0
    },
    "2011-03-31": {
        "Diluted EPS": 0.12,
        "Total Revenue": 17,
        "Gross Profit": 8,
        "Operating Income": 3,
        "EBIT": 4,
        "Net Income": 2
    },
    "2010-12-31": {
        "Diluted EPS": -0.01,
        "Total Revenue": 15,
        "Gross Profit": 3,
        "Operating Income": -1,
        "EBIT": 0,
        "Net Income": 0
    },
    "2010-09-30": {
        "Diluted EPS": 0.05,
        "Total Revenue": 15,
        "Gross Profit": 5,
        "Operating Income": 2,
        "EBIT": 2,
        "Net Income": 1
    },
    "2010-06-30": {
        "Diluted EPS": 0.07,
        "Total Revenue": 14,
        "Gross Profit": 6,
        "Operating Income": 2,
        "EBIT": 3,
        "Net Income": 1
    },
    "2010-03-31": {
        "Diluted EPS": 0.11,
        "Total Revenue": 15,
        "Gross Profit": 6,
        "Operating Income": 3,
        "EBIT": 3,
        "Net Income": 2
    },
    "2009-12-31": {
        "Diluted EPS": 0.01,
        "Total Revenue": 10,
        "Gross Profit": 3,
        "Operating Income": 0,
        "EBIT": 0,
        "Net Income": 0
    },
    "2009-09-30": {
        "Diluted EPS": 0.08,
        "Total Revenue": 15,
        "Gross Profit": 6,
        "Operating Income": 3,
        "EBIT": 4,
        "Net Income": 1
    },
    "2009-06-30": {
        "Diluted EPS": 0.15,
        "Total Revenue": 14,
        "Gross Profit": 6,
        "Operating Income": 3,
        "EBIT": 4,
        "Net Income": 3
    },
    "2009-03-31": {
        "Diluted EPS": 0.09,
        "Total Revenue": 14,
        "Gross Profit": 6,
        "Operating Income": 3,
        "EBIT": 3,
        "Net Income": 2
    },
    "2023-06-30": {
        "Tax Effect Of Unusual Items": 10758.0,
        "Tax Rate For Calcs": 0.326,
        "Normalized EBITDA": 5547000.0,
        "Total Unusual Items": 33000.0,
        "Total Unusual Items Excluding Goodwill": 33000.0,
        "Net Income From Continuing Operation Net Minority Interest": 3156000.0,
        "Reconciled Depreciation": 786000.0,
        "Reconciled Cost Of Revenue": 27299000.0,
        "EBITDA": 5580000.0,
        "EBIT": 4794000.0,
        "Net Interest Income": -109000.0,
        "Interest Expense": 109000.0,
        "Normalized Income": 3133758.0,
        "Net Income From Continuing And Discontinued Operation": 3156000.0,
        "Total Expenses": 34464000.0,
        "Total Operating Income As Reported": 4766000.0,
        "Diluted Average Shares": 15084000.0,
        "Basic Average Shares": 14727000.0,
        "Diluted EPS": 0.21,
        "Basic EPS": 0.22,
        "Diluted NI Availto Com Stockholders": 3156000.0,
        "Net Income Common Stockholders": 3156000.0,
        "Net Income": 3156000.0,
        "Net Income Including Noncontrolling Interests": 3156000.0,
        "Net Income Continuous Operations": 3156000.0,
        "Tax Provision": 1529000.0,
        "Pretax Income": 4685000.0,
        "Other Income Expense": 28000.0,
        "Other Non Operating Income Expenses": -5000.0,
        "Special Income Charges": 33000.0,
        "Gain On Sale Of Ppe": 33000.0,
        "Net Non Operating Interest Income Expense": -109000.0,
        "Interest Expense Non Operating": 109000.0,
        "Operating Income": 4766000.0,
        "Operating Expense": 6514000.0,
        "Depreciation Amortization Depletion Income Statement": 135000.0,
        "Depreciation And Amortization In Income Statement": 135000.0,
        "Amortization": 135000.0,
        "Amortization Of Intangibles Income Statement": 135000.0,
        "Selling General And Administration": 6379000.0,
        "Selling And Marketing Expense": 2571000.0,
        "General And Administrative Expense": 3808000.0,
        "Other Gand A": 3808000.0,
        "Gross Profit": 11280000.0,
        "Cost Of Revenue": 27950000.0,
        "Total Revenue": 39230000.0,
        "Operating Revenue": 39230000.0
    },
    "2023-09-30": {
        "Tax Effect Of Unusual Items": 0.0,
        "Tax Rate For Calcs": 0.308,
        "Normalized EBITDA": 5827000.0,
        "Total Unusual Items": 0.0,
        "Total Unusual Items Excluding Goodwill": 0.0,
        "Net Income From Continuing Operation Net Minority Interest": 3412000.0,
        "Reconciled Depreciation": 789000.0,
        "Reconciled Cost Of Revenue": 29099000.0,
        "EBITDA": 5827000.0,
        "EBIT": 5038000.0,
        "Net Interest Income": -109000.0,
        "Interest Expense": 109000.0,
        "Normalized Income": 3412000.0,
        "Net Income From Continuing And Discontinued Operation": 3412000.0,
        "Total Expenses": 35857000.0,
        "Total Operating Income As Reported": 5039000.0,
        "Diluted Average Shares": 15101000.0,
        "Basic Average Shares": 14677000.0,
        "Diluted EPS": 0.23,
        "Basic EPS": 0.23,
        "Diluted NI Availto Com Stockholders": 3412000.0,
        "Net Income Common Stockholders": 3412000.0,
        "Net Income": 3412000.0,
        "Net Income Including Noncontrolling Interests": 3412000.0,
        "Net Income Continuous Operations": 3412000.0,
        "Tax Provision": 1517000.0,
        "Pretax Income": 4929000.0,
        "Other Income Expense": -1000.0,
        "Other Non Operating Income Expenses": -1000.0,
        "Special Income Charges": 0.0,
        "Gain On Sale Of Ppe": 0.0,
        "Net Non Operating Interest Income Expense": -109000.0,
        "Interest Expense Non Operating": 109000.0,
        "Operating Income": 5039000.0,
        "Operating Expense": 6104000.0,
        "Depreciation Amortization Depletion Income Statement": 135000.0,
        "Depreciation And Amortization In Income Statement": 135000.0,
        "Amortization": 135000.0,
        "Amortization Of Intangibles Income Statement": 135000.0,
        "Selling General And Administration": 5969000.0,
        "Selling And Marketing Expense": 2884000.0,
        "General And Administrative Expense": 3085000.0,
        "Other Gand A": 3085000.0,
        "Gross Profit": 11143000.0,
        "Cost Of Revenue": 29753000.0,
        "Total Revenue": 40896000.0,
        "Operating Revenue": 40896000.0
    },
    "2023-12-31": {
        "Tax Effect Of Unusual Items": 303.317536,
        "Tax Rate For Calcs": 0.303318,
        "Normalized EBITDA": 6562000.0,
        "Total Unusual Items": 1000.0,
        "Total Unusual Items Excluding Goodwill": 1000.0,
        "Net Income From Continuing Operation Net Minority Interest": 3969000.0,
        "Reconciled Depreciation": 804000.0,
        "Reconciled Cost Of Revenue": 29632000.0,
        "EBITDA": 6563000.0,
        "EBIT": 5759000.0,
        "Net Interest Income": -62000.0,
        "Interest Expense": 62000.0,
        "Normalized Income": 3968303.317536,
        "Net Income From Continuing And Discontinued Operation": 3969000.0,
        "Total Expenses": 36340000.0,
        "Total Operating Income As Reported": 5753000.0,
        "Diluted Average Shares": NaN,
        "Basic Average Shares": NaN,
        "Diluted EPS": NaN,
        "Basic EPS": NaN,
        "Diluted NI Availto Com Stockholders": 3969000.0,
        "Net Income Common Stockholders": 3969000.0,
        "Net Income": 3969000.0,
        "Net Income Including Noncontrolling Interests": 3969000.0,
        "Net Income Continuous Operations": 3969000.0,
        "Tax Provision": 1728000.0,
        "Pretax Income": 5697000.0,
        "Other Income Expense": 6000.0,
        "Other Non Operating Income Expenses": 5000.0,
        "Special Income Charges": 1000.0,
        "Gain On Sale Of Ppe": 1000.0,
        "Net Non Operating Interest Income Expense": -62000.0,
        "Interest Expense Non Operating": 62000.0,
        "Operating Income": 5753000.0,
        "Operating Expense": 6039000.0,
        "Depreciation Amortization Depletion Income Statement": 135000.0,
        "Depreciation And Amortization In Income Statement": 135000.0,
        "Amortization": 135000.0,
        "Amortization Of Intangibles Income Statement": 135000.0,
        "Selling General And Administration": 5904000.0,
        "Selling And Marketing Expense": 2802000.0,
        "General And Administrative Expense": 3102000.0,
        "Other Gand A": 3102000.0,
        "Gross Profit": 11792000.0,
        "Cost Of Revenue": 30301000.0,
        "Total Revenue": 42093000.0,
        "Operating Revenue": 42093000.0
    },
    "2024-03-31": {
        "Tax Effect Of Unusual Items": 0.0,
        "Tax Rate For Calcs": 0.308,
        "Normalized EBITDA": 4355000.0,
        "Total Unusual Items": NaN,
        "Total Unusual Items Excluding Goodwill": NaN,
        "Net Income From Continuing Operation Net Minority Interest": 2426000.0,
        "Reconciled Depreciation": 796000.0,
        "Reconciled Cost Of Revenue": 32438000.0,
        "EBITDA": 4355000.0,
        "EBIT": 3559000.0,
        "Net Interest Income": -51000.0,
        "Interest Expense": 51000.0,
        "Normalized Income": 2426000.0,
        "Net Income From Continuing And Discontinued Operation": 2426000.0,
        "Total Expenses": 41070000.0,
        "Total Operating Income As Reported": 3564000.0,
        "Diluted Average Shares": 15222000.0,
        "Basic Average Shares": 14691000.0,
        "Diluted EPS": 0.16,
        "Basic EPS": 0.17,
        "Diluted NI Availto Com Stockholders": 2426000.0,
        "Net Income Common Stockholders": 2426000.0,
        "Net Income": 2426000.0,
        "Net Income Including Noncontrolling Interests": 2426000.0,
        "Net Income Continuous Operations": 2426000.0,
        "Tax Provision": 1082000.0,
        "Pretax Income": 3508000.0,
        "Other Income Expense": -5000.0,
        "Other Non Operating Income Expenses": -5000.0,
        "Special Income Charges": NaN,
        "Gain On Sale Of Ppe": NaN,
        "Net Non Operating Interest Income Expense": -51000.0,
        "Interest Expense Non Operating": 51000.0,
        "Operating Income": 3564000.0,
        "Operating Expense": 7971000.0,
        "Depreciation Amortization Depletion Income Statement": 135000.0,
        "Depreciation And Amortization In Income Statement": 135000.0,
        "Amortization": 135000.0,
        "Amortization Of Intangibles Income Statement": 135000.0,
        "Selling General And Administration": 7836000.0,
        "Selling And Marketing Expense": 3700000.0,
        "General And Administrative Expense": 4136000.0,
        "Other Gand A": 4136000.0,
        "Gross Profit": 11535000.0,
        "Cost Of Revenue": 33099000.0,
        "Total Revenue": 44634000.0,
        "Operating Revenue": 44634000.0
    },
    "2024-06-30": {
        "Tax Effect Of Unusual Items": 0.0,
        "Tax Rate For Calcs": 0.294,
        "Normalized EBITDA": 6242000.0,
        "Total Unusual Items": 0.0,
        "Total Unusual Items Excluding Goodwill": 0.0,
        "Net Income From Continuing Operation Net Minority Interest": 3783000.0,
        "Reconciled Depreciation": 836000.0,
        "Reconciled Cost Of Revenue": 35181000.0,
        "EBITDA": 6242000.0,
        "EBIT": 5406000.0,
        "Net Interest Income": -47000.0,
        "Interest Expense": 47000.0,
        "Normalized Income": 3783000.0,
        "Net Income From Continuing And Discontinued Operation": 3783000.0,
        "Total Expenses": 43771000.0,
        "Total Operating Income As Reported": 5386000.0,
        "Diluted Average Shares": 15197000.0,
        "Basic Average Shares": 14727000.0,
        "Diluted EPS": 0.25,
        "Basic EPS": 0.26,
        "Diluted NI Availto Com Stockholders": 3783000.0,
        "Net Income Common Stockholders": 3783000.0,
        "Net Income": 3783000.0,
        "Net Income Including Noncontrolling Interests": 3783000.0,
        "Net Income Continuous Operations": 3783000.0,
        "Tax Provision": 1576000.0,
        "Pretax Income": 5359000.0,
        "Other Income Expense": 20000.0,
        "Other Non Operating Income Expenses": 20000.0,
        "Special Income Charges": 0.0,
        "Gain On Sale Of Ppe": 0.0,
        "Net Non Operating Interest Income Expense": -47000.0,
        "Interest Expense Non Operating": 47000.0,
        "Operating Income": 5386000.0,
        "Operating Expense": 7889000.0,
        "Depreciation Amortization Depletion Income Statement": 135000.0,
        "Depreciation And Amortization In Income Statement": 135000.0,
        "Amortization": 135000.0,
        "Amortization Of Intangibles Income Statement": 135000.0,
        "Selling General And Administration": 7754000.0,
        "Selling And Marketing Expense": 3577000.0,
        "General And Administrative Expense": 4177000.0,
        "Other Gand A": 4177000.0,
        "Gross Profit": 13275000.0,
        "Cost Of Revenue": 35882000.0,
        "Total Revenue": 49157000.0,
        "Operating Revenue": 49157000.0
    }
}