{
    "2023-06-30": {
        "Tax Effect Of Unusual Items": NaN,
        "Tax Rate For Calcs": NaN,
        "Normalized EBITDA": NaN,
        "Total Unusual Items": NaN,
        "Total Unusual Items Excluding Goodwill": NaN,
        "Net Income From Continuing Operation Net Minority Interest": NaN,
        "Reconciled Depreciation": NaN,
        "Reconciled Cost Of Revenue": NaN,
        "EBITDA": NaN,
        "EBIT": NaN,
        "Net Interest Income": NaN,
        "Interest Expense": NaN,
        "Normalized Income": NaN,
        "Net Income From Continuing And Discontinued Operation": NaN,
        "Total Expenses": NaN,
        "Total Operating Income As Reported": NaN,
        "Diluted Average Shares": 27065338.0,
        "Basic Average Shares": 26923804.0,
        "Diluted EPS": 0.17,
        "Basic EPS": 0.17,
        "Diluted NI Availto Com Stockholders": NaN,
        "Net Income Common Stockholders": NaN,
        "Net Income": NaN,
        "Net Income Including Noncontrolling Interests": NaN,
        "Net Income Discontinuous Operations": NaN,
        "Net Income Continuous Operations": NaN,
        "Tax Provision": NaN,
        "Pretax Income": NaN,
        "Other Income Expense": NaN,
        "Other Non Operating Income Expenses": NaN,
        "Special Income Charges": NaN,
        "Gain On Sale Of Ppe": NaN,
        "Gain On Sale Of Business": NaN,
        "Other Special Charges": NaN,
        "Write Off": NaN,
        "Restructuring And Mergern Acquisition": NaN,
        "Net Non Operating Interest Income Expense": NaN,
        "Interest Expense Non Operating": NaN,
        "Operating Income": NaN,
        "Operating Expense": NaN,
        "Other Operating Expenses": NaN,
        "Research And Development": NaN,
        "Selling General And Administration": NaN,
        "Selling And Marketing Expense": 12800000.0,
        "General And Administrative Expense": 12200000.0,
        "Other Gand A": 12800000.0,
        "Salaries And Wages": -600000.0,
        "Gross Profit": NaN,
        "Cost Of Revenue": NaN,
        "Total Revenue": NaN,
        "Operating Revenue": NaN
    },
    "2023-03-31": {
        "Tax Effect Of Unusual Items": NaN,
        "Tax Rate For Calcs": NaN,
        "Normalized EBITDA": NaN,
        "Total Unusual Items": NaN,
        "Total Unusual Items Excluding Goodwill": NaN,
        "Net Income From Continuing Operation Net Minority Interest": NaN,
        "Reconciled Depreciation": NaN,
        "Reconciled Cost Of Revenue": NaN,
        "EBITDA": NaN,
        "EBIT": NaN,
        "Net Interest Income": NaN,
        "Interest Expense": NaN,
        "Normalized Income": NaN,
        "Net Income From Continuing And Discontinued Operation": NaN,
        "Total Expenses": NaN,
        "Total Operating Income As Reported": 7100000.0,
        "Diluted Average Shares": 27071494.0,
        "Basic Average Shares": 26921010.0,
        "Diluted EPS": 0.02,
        "Basic EPS": 0.02,
        "Diluted NI Availto Com Stockholders": NaN,
        "Net Income Common Stockholders": NaN,
        "Net Income": NaN,
        "Net Income Including Noncontrolling Interests": NaN,
        "Net Income Discontinuous Operations": NaN,
        "Net Income Continuous Operations": NaN,
        "Tax Provision": NaN,
        "Pretax Income": NaN,
        "Other Income Expense": NaN,
        "Other Non Operating Income Expenses": -8900000.0,
        "Special Income Charges": NaN,
        "Restructuring And Mergern Acquisition": NaN,
        "Net Non Operating Interest Income Expense": NaN,
        "Interest Expense Non Operating": NaN,
        "Operating Income": NaN,
        "Operating Expense": NaN,
        "Other Operating Expenses": NaN,
        "Research And Development": NaN,
        "Selling General And Administration": NaN,
        "Selling And Marketing Expense": NaN,
        "General And Administrative Expense": NaN,
        "Other Gand A": NaN,
        "Salaries And Wages": NaN,
        "Gross Profit": NaN,
        "Cost Of Revenue": NaN,
        "Total Revenue": NaN,
        "Operating Revenue": NaN
    },
    "2022-12-31": {
        "Tax Effect Of Unusual Items": NaN,
        "Tax Rate For Calcs": NaN,
        "Normalized EBITDA": NaN,
        "Total Unusual Items": NaN,
        "Total Unusual Items Excluding Goodwill": NaN,
        "Net Income From Continuing Operation Net Minority Interest": NaN,
        "Reconciled Depreciation": NaN,
        "Reconciled Cost Of Revenue": NaN,
        "EBITDA": NaN,
        "EBIT": NaN,
        "Net Interest Income": NaN,
        "Interest Expense": NaN,
        "Normalized Income": NaN,
        "Net Income From Continuing And Discontinued Operation": NaN,
        "Total Expenses": NaN,
        "Total Operating Income As Reported": NaN,
        "Diluted Average Shares": NaN,
        "Basic Average Shares": NaN,
        "Diluted EPS": NaN,
        "Basic EPS": NaN,
        "Diluted NI Availto Com Stockholders": NaN,
        "Net Income Common Stockholders": NaN,
        "Net Income": NaN,
        "Net Income Including Noncontrolling Interests": NaN,
        "Net Income Discontinuous Operations": NaN,
        "Net Income Continuous Operations": NaN,
        "Tax Provision": NaN,
        "Pretax Income": NaN,
        "Other Income Expense": NaN,
        "Other Non Operating Income Expenses": -800000.0,
        "Special Income Charges": NaN,
        "Restructuring And Mergern Acquisition": NaN,
        "Net Non Operating Interest Income Expense": NaN,
        "Interest Expense Non Operating": NaN,
        "Operating Income": NaN,
        "Operating Expense": NaN,
        "Other Operating Expenses": NaN,
        "Research And Development": NaN,
        "Selling General And Administration": NaN,
        "Selling And Marketing Expense": NaN,
        "General And Administrative Expense": NaN,
        "Other Gand A": NaN,
        "Salaries And Wages": NaN,
        "Gross Profit": NaN,
        "Cost Of Revenue": NaN,
        "Total Revenue": NaN,
        "Operating Revenue": NaN
    },
    "2022-09-30": {
        "Tax Effect Of Unusual Items": NaN,
        "Tax Rate For Calcs": NaN,
        "Normalized EBITDA": NaN,
        "Total Unusual Items": NaN,
        "Total Unusual Items Excluding Goodwill": NaN,
        "Net Income From Continuing Operation Net Minority Interest": NaN,
        "Reconciled Depreciation": NaN,
        "Reconciled Cost Of Revenue": NaN,
        "EBITDA": NaN,
        "EBIT": NaN,
        "Net Interest Income": NaN,
        "Interest Expense": NaN,
        "Normalized Income": NaN,
        "Net Income From Continuing And Discontinued Operation": NaN,
        "Total Expenses": NaN,
        "Total Operating Income As Reported": NaN,
        "Diluted Average Shares": NaN,
        "Basic Average Shares": NaN,
        "Diluted EPS": NaN,
        "Basic EPS": NaN,
        "Diluted NI Availto Com Stockholders": NaN,
        "Net Income Common Stockholders": NaN,
        "Net Income": NaN,
        "Net Income Including Noncontrolling Interests": NaN,
        "Net Income Discontinuous Operations": NaN,
        "Net Income Continuous Operations": NaN,
        "Tax Provision": NaN,
        "Pretax Income": NaN,
        "Other Income Expense": NaN,
        "Other Non Operating Income Expenses": 200000.0,
        "Special Income Charges": NaN,
        "Restructuring And Mergern Acquisition": NaN,
        "Net Non Operating Interest Income Expense": NaN,
        "Interest Expense Non Operating": NaN,
        "Operating Income": NaN,
        "Operating Expense": NaN,
        "Other Operating Expenses": NaN,
        "Research And Development": NaN,
        "Selling General And Administration": NaN,
        "Selling And Marketing Expense": 10300000.0,
        "General And Administrative Expense": -200000.0,
        "Salaries And Wages": -200000.0,
        "Gross Profit": NaN,
        "Cost Of Revenue": NaN,
        "Total Revenue": NaN,
        "Operating Revenue": NaN
    },
    "2022-06-30": {
        "Tax Effect Of Unusual Items": -80000.0,
        "Tax Rate For Calcs": 0.2,
        "Normalized EBITDA": 16700000.0,
        "Total Unusual Items": -400000.0,
        "Total Unusual Items Excluding Goodwill": -400000.0,
        "Net Income From Continuing Operation Net Minority Interest": 9600000.0,
        "Reconciled Depreciation": 3400000.0,
        "Reconciled Cost Of Revenue": 83800000.0,
        "EBITDA": 16300000.0,
        "EBIT": 12900000.0,
        "Net Interest Income": -900000.0,
        "Interest Expense": 900000.0,
        "Normalized Income": 9920000.0,
        "Net Income From Continuing And Discontinued Operation": 9300000.0,
        "Total Expenses": 96500000.0,
        "Total Operating Income As Reported": 12600000.0,
        "Diluted Average Shares": 27703217.0,
        "Basic Average Shares": 27428579.0,
        "Diluted EPS": 0.34,
        "Basic EPS": 0.34,
        "Diluted NI Availto Com Stockholders": 9300000.0,
        "Net Income Common Stockholders": 9300000.0,
        "Net Income": 9300000.0,
        "Net Income Including Noncontrolling Interests": 9300000.0,
        "Net Income Discontinuous Operations": -300000.0,
        "Net Income Continuous Operations": 9600000.0,
        "Tax Provision": 2400000.0,
        "Pretax Income": 12000000.0,
        "Other Income Expense": -100000.0,
        "Other Non Operating Income Expenses": 300000.0,
        "Special Income Charges": -400000.0,
        "Restructuring And Mergern Acquisition": 400000.0,
        "Net Non Operating Interest Income Expense": -900000.0,
        "Interest Expense Non Operating": 900000.0,
        "Operating Income": 13000000.0,
        "Operating Expense": 12700000.0,
        "Research And Development": 1200000.0,
        "Selling General And Administration": 11500000.0,
        "Selling And Marketing Expense": NaN,
        "General And Administrative Expense": NaN,
        "Salaries And Wages": NaN,
        "Gross Profit": 25700000.0,
        "Cost Of Revenue": 83800000.0,
        "Total Revenue": 109500000.0,
        "Operating Revenue": 109500000.0
    },
    "2022-03-31": {
        "Diluted EPS": 0.28,
        "Total Revenue": 97,
        "Gross Profit": 24,
        "Operating Income": 11,
        "EBIT": 15,
        "Net Income": 8
    },
    "2021-12-31": {
        "Diluted EPS": -0.01,
        "Total Revenue": 99,
        "Gross Profit": 24,
        "Operating Income": 6,
        "EBIT": 10,
        "Net Income": 0
    },
    "2021-09-30": {
        "Diluted EPS": 0.17,
        "Total Revenue": 91,
        "Gross Profit": 21,
        "Operating Income": 8,
        "EBIT": 12,
        "Net Income": 5
    },
    "2021-06-30": {
        "Diluted EPS": 0.39,
        "Total Revenue": 99,
        "Gross Profit": 26,
        "Operating Income": 12,
        "EBIT": 16,
        "Net Income": 11
    },
    "2021-03-31": {
        "Diluted EPS": 0.52,
        "Total Revenue": 85,
        "Gross Profit": 25,
        "Operating Income": 11,
        "EBIT": 15,
        "Net Income": 15
    },
    "2020-12-31": {
        "Diluted EPS": 0.26,
        "Total Revenue": 82,
        "Gross Profit": 20,
        "Operating Income": 8,
        "EBIT": 12,
        "Net Income": 7
    },
    "2020-09-30": {
        "Diluted EPS": 0.09,
        "Total Revenue": 78,
        "Gross Profit": 19,
        "Operating Income": 5,
        "EBIT": 9,
        "Net Income": 3
    },
    "2020-06-30": {
        "Diluted EPS": 0.15,
        "Total Revenue": 77,
        "Gross Profit": 18,
        "Operating Income": 6,
        "EBIT": 9,
        "Net Income": 4
    },
    "2020-03-31": {
        "Diluted EPS": 0.22,
        "Total Revenue": 88,
        "Gross Profit": 24,
        "Operating Income": 9,
        "EBIT": 12,
        "Net Income": 6
    },
    "2019-12-31": {
        "Diluted EPS": -0.09,
        "Total Revenue": 29,
        "Gross Profit": 17,
        "Operating Income": 8,
        "EBIT": 10,
        "Net Income": -2
    },
    "2019-09-30": {
        "Diluted EPS": 0.21,
        "Total Revenue": 107,
        "Gross Profit": 25,
        "Operating Income": 7,
        "EBIT": 10,
        "Net Income": 6
    },
    "2019-06-30": {
        "Diluted EPS": 0.13,
        "Total Revenue": 117,
        "Gross Profit": 31,
        "Operating Income": 5,
        "EBIT": 9,
        "Net Income": 4
    },
    "2019-03-31": {
        "Diluted EPS": -0.14,
        "Total Revenue": 120,
        "Gross Profit": 30,
        "Operating Income": -1,
        "EBIT": 3,
        "Net Income": -4
    },
    "2018-12-31": {
        "Diluted EPS": -0.32,
        "Total Revenue": 111,
        "Gross Profit": 24,
        "Operating Income": -13,
        "EBIT": -9,
        "Net Income": -9
    },
    "2018-09-30": {
        "Diluted EPS": 0.44,
        "Total Revenue": 129,
        "Gross Profit": 34,
        "Operating Income": 16,
        "EBIT": 21,
        "Net Income": 12
    },
    "2018-06-30": {
        "Diluted EPS": 0.41,
        "Total Revenue": 128,
        "Gross Profit": 34,
        "Operating Income": 15,
        "EBIT": 20,
        "Net Income": 11
    },
    "2018-03-31": {
        "Diluted EPS": 0.37,
        "Total Revenue": 120,
        "Gross Profit": 30,
        "Operating Income": 13,
        "EBIT": 18,
        "Net Income": 10
    },
    "2017-12-31": {
        "Diluted EPS": 0.1,
        "Total Revenue": 116,
        "Gross Profit": 27,
        "Operating Income": -5,
        "EBIT": 0,
        "Net Income": 3
    },
    "2017-09-30": {
        "Diluted EPS": 0.18,
        "Total Revenue": 115,
        "Gross Profit": 30,
        "Operating Income": 9,
        "EBIT": 14,
        "Net Income": 5
    },
    "2017-06-30": {
        "Diluted EPS": 0.09,
        "Total Revenue": 107,
        "Gross Profit": 26,
        "Operating Income": 7,
        "EBIT": 12,
        "Net Income": 3
    },
    "2017-03-31": {
        "Diluted EPS": 0.25,
        "Total Revenue": 103,
        "Gross Profit": 26,
        "Operating Income": 11,
        "EBIT": 15,
        "Net Income": 7
    },
    "2016-12-31": {
        "Diluted EPS": 0.11,
        "Total Revenue": 96,
        "Gross Profit": 19,
        "Operating Income": 5,
        "EBIT": 10,
        "Net Income": 3
    },
    "2016-09-30": {
        "Diluted EPS": 0.12,
        "Total Revenue": 99,
        "Gross Profit": 22,
        "Operating Income": 6,
        "EBIT": 10,
        "Net Income": 3
    },
    "2016-06-30": {
        "Diluted EPS": 0.29,
        "Total Revenue": 111,
        "Gross Profit": 27,
        "Operating Income": 11,
        "EBIT": 16,
        "Net Income": 7
    },
    "2016-03-31": {
        "Diluted EPS": 0.3,
        "Total Revenue": 109,
        "Gross Profit": 26,
        "Operating Income": 14,
        "EBIT": 18,
        "Net Income": 9
    },
    "2015-12-31": {
        "Diluted EPS": 0.27,
        "Total Revenue": 107,
        "Gross Profit": 23,
        "Operating Income": 16,
        "EBIT": 21,
        "Net Income": 7
    },
    "2015-09-30": {
        "Diluted EPS": 0.23,
        "Total Revenue": 113,
        "Gross Profit": 26,
        "Operating Income": 10,
        "EBIT": 15,
        "Net Income": 6
    },
    "2015-06-30": {
        "Diluted EPS": 0.11,
        "Total Revenue": 123,
        "Gross Profit": 29,
        "Operating Income": 9,
        "EBIT": 14,
        "Net Income": 3
    },
    "2015-03-31": {
        "Diluted EPS": -0.02,
        "Total Revenue": 117,
        "Gross Profit": 26,
        "Operating Income": 3,
        "EBIT": 7,
        "Net Income": -1
    },
    "2014-12-31": {
        "Diluted EPS": 0.43,
        "Total Revenue": 123,
        "Gross Profit": 28,
        "Operating Income": 7,
        "EBIT": 11,
        "Net Income": 12
    },
    "2014-09-30": {
        "Diluted EPS": 0.16,
        "Total Revenue": 121,
        "Gross Profit": 29,
        "Operating Income": 11,
        "EBIT": 15,
        "Net Income": 5
    },
    "2014-06-30": {
        "Diluted EPS": 0.2,
        "Total Revenue": 122,
        "Gross Profit": 27,
        "Operating Income": 11,
        "EBIT": 16,
        "Net Income": 6
    },
    "2014-03-31": {
        "Diluted EPS": 0.26,
        "Total Revenue": 123,
        "Gross Profit": 29,
        "Operating Income": 12,
        "EBIT": 17,
        "Net Income": 7
    },
    "2013-12-31": {
        "Diluted EPS": 0.31,
        "Total Revenue": 116,
        "Gross Profit": 30,
        "Operating Income": 12,
        "EBIT": 17,
        "Net Income": 9
    },
    "2013-09-30": {
        "Diluted EPS": 0.3,
        "Total Revenue": 120,
        "Gross Profit": 29,
        "Operating Income": 14,
        "EBIT": 18,
        "Net Income": 8
    },
    "2013-06-30": {
        "Diluted EPS": 0.31,
        "Total Revenue": 123,
        "Gross Profit": 31,
        "Operating Income": 15,
        "EBIT": 19,
        "Net Income": 9
    },
    "2013-03-31": {
        "Diluted EPS": 0.3,
        "Total Revenue": 122,
        "Gross Profit": 28,
        "Operating Income": 15,
        "EBIT": 19,
        "Net Income": 8
    },
    "2012-12-31": {
        "Diluted EPS": 0.36,
        "Total Revenue": 130,
        "Gross Profit": 130,
        "Operating Income": 130,
        "EBIT": 134,
        "Net Income": 10
    },
    "2012-09-30": {
        "Diluted EPS": 0.39,
        "Total Revenue": 115,
        "Gross Profit": 30,
        "Operating Income": 16,
        "EBIT": 16,
        "Net Income": 11
    },
    "2012-06-30": {
        "Diluted EPS": 0.51,
        "Total Revenue": 126,
        "Gross Profit": 126,
        "Operating Income": 126,
        "EBIT": 126,
        "Net Income": 10
    },
    "2012-03-31": {
        "Diluted EPS": 0.52,
        "Total Revenue": 141,
        "Gross Profit": 141,
        "Operating Income": 141,
        "EBIT": 141,
        "Net Income": 10
    },
    "2011-12-31": {
        "Diluted EPS": 0.56,
        "Total Revenue": 126,
        "Gross Profit": 126,
        "Operating Income": 126,
        "EBIT": 126,
        "Net Income": 11
    },
    "2023-09-30": {
        "Tax Effect Of Unusual Items": -336000.0,
        "Tax Rate For Calcs": 0.21,
        "Normalized EBITDA": 5600000.0,
        "Total Unusual Items": -1600000.0,
        "Total Unusual Items Excluding Goodwill": -1600000.0,
        "Net Income From Continuing Operation Net Minority Interest": -1500000.0,
        "Reconciled Depreciation": 3200000.0,
        "Reconciled Cost Of Revenue": 82800000.0,
        "EBITDA": 4000000.0,
        "EBIT": 800000.0,
        "Net Interest Income": -1600000.0,
        "Interest Expense": 1600000.0,
        "Normalized Income": -236000.0,
        "Net Income From Continuing And Discontinued Operation": -1300000.0,
        "Total Expenses": 95300000.0,
        "Total Operating Income As Reported": 500000.0,
        "Diluted Average Shares": 27016373.0,
        "Basic Average Shares": 26895968.0,
        "Diluted EPS": -0.05,
        "Basic EPS": -0.05,
        "Diluted NI Availto Com Stockholders": -1300000.0,
        "Net Income Common Stockholders": -1300000.0,
        "Net Income": -1300000.0,
        "Net Income Including Noncontrolling Interests": -1300000.0,
        "Net Income Discontinuous Operations": 200000.0,
        "Net Income Continuous Operations": -1500000.0,
        "Tax Provision": 700000.0,
        "Pretax Income": -800000.0,
        "Other Income Expense": -1300000.0,
        "Other Non Operating Income Expenses": 300000.0,
        "Special Income Charges": -1600000.0,
        "Gain On Sale Of Ppe": 0.0,
        "Gain On Sale Of Business": 0.0,
        "Other Special Charges": NaN,
        "Write Off": 400000.0,
        "Restructuring And Mergern Acquisition": 1200000.0,
        "Net Non Operating Interest Income Expense": -1600000.0,
        "Interest Expense Non Operating": 1600000.0,
        "Operating Income": 2100000.0,
        "Operating Expense": 12500000.0,
        "Other Operating Expenses": NaN,
        "Research And Development": 1200000.0,
        "Selling General And Administration": 11300000.0,
        "Selling And Marketing Expense": 11300000.0,
        "General And Administrative Expense": 11000000.0,
        "Other Gand A": 11300000.0,
        "Salaries And Wages": -300000.0,
        "Gross Profit": 14600000.0,
        "Cost Of Revenue": 82800000.0,
        "Total Revenue": 97400000.0,
        "Operating Revenue": 97400000.0
    },
    "2023-12-31": {
        "Tax Effect Of Unusual Items": -3087000.0,
        "Tax Rate For Calcs": 0.21,
        "Normalized EBITDA": 6700000.0,
        "Total Unusual Items": -14700000.0,
        "Total Unusual Items Excluding Goodwill": -14700000.0,
        "Net Income From Continuing Operation Net Minority Interest": -6500000.0,
        "Reconciled Depreciation": 2900000.0,
        "Reconciled Cost Of Revenue": 79200000.0,
        "EBITDA": -8000000.0,
        "EBIT": -10900000.0,
        "Net Interest Income": -1600000.0,
        "Interest Expense": 1600000.0,
        "Normalized Income": 5113000.0,
        "Net Income From Continuing And Discontinued Operation": -5800000.0,
        "Total Expenses": 92500000.0,
        "Total Operating Income As Reported": -11300000.0,
        "Diluted Average Shares": NaN,
        "Basic Average Shares": NaN,
        "Diluted EPS": NaN,
        "Basic EPS": NaN,
        "Diluted NI Availto Com Stockholders": -5800000.0,
        "Net Income Common Stockholders": -5800000.0,
        "Net Income": -5800000.0,
        "Net Income Including Noncontrolling Interests": -5800000.0,
        "Net Income Discontinuous Operations": 700000.0,
        "Net Income Continuous Operations": -6500000.0,
        "Tax Provision": -6000000.0,
        "Pretax Income": -12500000.0,
        "Other Income Expense": -14300000.0,
        "Other Non Operating Income Expenses": 400000.0,
        "Special Income Charges": -14700000.0,
        "Gain On Sale Of Ppe": NaN,
        "Gain On Sale Of Business": NaN,
        "Other Special Charges": NaN,
        "Write Off": NaN,
        "Restructuring And Mergern Acquisition": 2000000.0,
        "Net Non Operating Interest Income Expense": -1600000.0,
        "Interest Expense Non Operating": 1600000.0,
        "Operating Income": 3400000.0,
        "Operating Expense": 13300000.0,
        "Other Operating Expenses": NaN,
        "Research And Development": 1200000.0,
        "Selling General And Administration": 12100000.0,
        "Selling And Marketing Expense": 12100000.0,
        "General And Administrative Expense": 4100000.0,
        "Other Gand A": 12100000.0,
        "Salaries And Wages": NaN,
        "Gross Profit": 16700000.0,
        "Cost Of Revenue": 79200000.0,
        "Total Revenue": 95900000.0,
        "Operating Revenue": 95900000.0
    },
    "2024-03-31": {
        "Tax Effect Of Unusual Items": -184100.0,
        "Tax Rate For Calcs": 0.263,
        "Normalized EBITDA": 8300000.0,
        "Total Unusual Items": -700000.0,
        "Total Unusual Items Excluding Goodwill": -700000.0,
        "Net Income From Continuing Operation Net Minority Interest": 2800000.0,
        "Reconciled Depreciation": 2400000.0,
        "Reconciled Cost Of Revenue": 71000000.0,
        "EBITDA": 7600000.0,
        "EBIT": 5200000.0,
        "Net Interest Income": -1400000.0,
        "Interest Expense": 1400000.0,
        "Normalized Income": 3315900.0,
        "Net Income From Continuing And Discontinued Operation": 2700000.0,
        "Total Expenses": 83600000.0,
        "Total Operating Income As Reported": 4900000.0,
        "Diluted Average Shares": 26866976.0,
        "Basic Average Shares": 26820968.0,
        "Diluted EPS": 0.1,
        "Basic EPS": 0.1,
        "Diluted NI Availto Com Stockholders": 2700000.0,
        "Net Income Common Stockholders": 2700000.0,
        "Net Income": 2700000.0,
        "Net Income Including Noncontrolling Interests": 2700000.0,
        "Net Income Discontinuous Operations": -100000.0,
        "Net Income Continuous Operations": 2800000.0,
        "Tax Provision": 1000000.0,
        "Pretax Income": 3800000.0,
        "Other Income Expense": -400000.0,
        "Other Non Operating Income Expenses": 300000.0,
        "Special Income Charges": -700000.0,
        "Gain On Sale Of Ppe": NaN,
        "Gain On Sale Of Business": NaN,
        "Other Special Charges": NaN,
        "Write Off": NaN,
        "Restructuring And Mergern Acquisition": 700000.0,
        "Net Non Operating Interest Income Expense": -1400000.0,
        "Interest Expense Non Operating": 1400000.0,
        "Operating Income": 5800000.0,
        "Operating Expense": 12600000.0,
        "Other Operating Expenses": -200000.0,
        "Research And Development": 1200000.0,
        "Selling General And Administration": 11600000.0,
        "Selling And Marketing Expense": NaN,
        "General And Administrative Expense": 11600000.0,
        "Other Gand A": 11600000.0,
        "Salaries And Wages": NaN,
        "Gross Profit": 18400000.0,
        "Cost Of Revenue": 71000000.0,
        "Total Revenue": 89400000.0,
        "Operating Revenue": 89400000.0
    },
    "2024-06-30": {
        "Tax Effect Of Unusual Items": -2163000.0,
        "Tax Rate For Calcs": 0.21,
        "Normalized EBITDA": 16800000.0,
        "Total Unusual Items": -10300000.0,
        "Total Unusual Items Excluding Goodwill": -10300000.0,
        "Net Income From Continuing Operation Net Minority Interest": -400000.0,
        "Reconciled Depreciation": 2500000.0,
        "Reconciled Cost Of Revenue": 77700000.0,
        "EBITDA": 6500000.0,
        "EBIT": 4000000.0,
        "Net Interest Income": -1300000.0,
        "Interest Expense": 1300000.0,
        "Normalized Income": 7737000.0,
        "Net Income From Continuing And Discontinued Operation": -500000.0,
        "Total Expenses": 85600000.0,
        "Total Operating Income As Reported": 3800000.0,
        "Diluted Average Shares": 26932291.0,
        "Basic Average Shares": 26831372.0,
        "Diluted EPS": -0.02,
        "Basic EPS": -0.02,
        "Diluted NI Availto Com Stockholders": -500000.0,
        "Net Income Common Stockholders": -500000.0,
        "Net Income": -500000.0,
        "Net Income Including Noncontrolling Interests": -500000.0,
        "Net Income Discontinuous Operations": -100000.0,
        "Net Income Continuous Operations": -400000.0,
        "Tax Provision": 3100000.0,
        "Pretax Income": 2700000.0,
        "Other Income Expense": -10100000.0,
        "Other Non Operating Income Expenses": 200000.0,
        "Special Income Charges": -10300000.0,
        "Gain On Sale Of Ppe": NaN,
        "Gain On Sale Of Business": NaN,
        "Other Special Charges": NaN,
        "Write Off": NaN,
        "Restructuring And Mergern Acquisition": 10300000.0,
        "Net Non Operating Interest Income Expense": -1300000.0,
        "Interest Expense Non Operating": 1300000.0,
        "Operating Income": 14100000.0,
        "Operating Expense": 7900000.0,
        "Other Operating Expenses": -5100000.0,
        "Research And Development": 1100000.0,
        "Selling General And Administration": 11900000.0,
        "Selling And Marketing Expense": NaN,
        "General And Administrative Expense": 11700000.0,
        "Other Gand A": 11900000.0,
        "Salaries And Wages": -200000.0,
        "Gross Profit": 22000000.0,
        "Cost Of Revenue": 77700000.0,
        "Total Revenue": 99700000.0,
        "Operating Revenue": 99700000.0
    },
    "2024-09-30": {
        "Tax Effect Of Unusual Items": 1679800.0,
        "Tax Rate For Calcs": 0.227,
        "Normalized EBITDA": 12900000.0,
        "Total Unusual Items": 7400000.0,
        "Total Unusual Items Excluding Goodwill": 7400000.0,
        "Net Income From Continuing Operation Net Minority Interest": 12600000.0,
        "Reconciled Depreciation": 2600000.0,
        "Reconciled Cost Of Revenue": 77000000.0,
        "EBITDA": 20300000.0,
        "EBIT": 17700000.0,
        "Net Interest Income": -1400000.0,
        "Interest Expense": 1400000.0,
        "Normalized Income": 6879800.0,
        "Net Income From Continuing And Discontinued Operation": 12700000.0,
        "Total Expenses": 89400000.0,
        "Total Operating Income As Reported": 17400000.0,
        "Diluted Average Shares": 26932411.0,
        "Basic Average Shares": 26808401.0,
        "Diluted EPS": 0.47,
        "Basic EPS": 0.47,
        "Diluted NI Availto Com Stockholders": 12700000.0,
        "Net Income Common Stockholders": 12700000.0,
        "Net Income": 12700000.0,
        "Net Income Including Noncontrolling Interests": 12700000.0,
        "Net Income Discontinuous Operations": 100000.0,
        "Net Income Continuous Operations": 12600000.0,
        "Tax Provision": 3700000.0,
        "Pretax Income": 16300000.0,
        "Other Income Expense": 7700000.0,
        "Other Non Operating Income Expenses": 300000.0,
        "Special Income Charges": 7400000.0,
        "Gain On Sale Of Ppe": 6100000.0,
        "Gain On Sale Of Business": -100000.0,
        "Other Special Charges": -1900000.0,
        "Write Off": 0.0,
        "Restructuring And Mergern Acquisition": 500000.0,
        "Net Non Operating Interest Income Expense": -1400000.0,
        "Interest Expense Non Operating": 1400000.0,
        "Operating Income": 10000000.0,
        "Operating Expense": 12400000.0,
        "Other Operating Expenses": NaN,
        "Research And Development": 1000000.0,
        "Selling General And Administration": 11400000.0,
        "Selling And Marketing Expense": NaN,
        "General And Administrative Expense": NaN,
        "Other Gand A": NaN,
        "Salaries And Wages": NaN,
        "Gross Profit": 22400000.0,
        "Cost Of Revenue": 77000000.0,
        "Total Revenue": 99400000.0,
        "Operating Revenue": 99400000.0
    }
}