{
    "2023-06-30": {
        "Tax Effect Of Unusual Items": NaN,
        "Tax Rate For Calcs": NaN,
        "Normalized EBITDA": NaN,
        "Total Unusual Items": NaN,
        "Total Unusual Items Excluding Goodwill": NaN,
        "Net Income From Continuing Operation Net Minority Interest": NaN,
        "Reconciled Depreciation": NaN,
        "Reconciled Cost Of Revenue": NaN,
        "EBITDA": NaN,
        "EBIT": NaN,
        "Net Interest Income": NaN,
        "Interest Expense": NaN,
        "Normalized Income": NaN,
        "Net Income From Continuing And Discontinued Operation": NaN,
        "Total Expenses": NaN,
        "Total Operating Income As Reported": NaN,
        "Diluted Average Shares": 75661000.0,
        "Basic Average Shares": 75170000.0,
        "Diluted EPS": 0.33,
        "Basic EPS": 0.33,
        "Diluted NI Availto Com Stockholders": NaN,
        "Net Income Common Stockholders": NaN,
        "Net Income": NaN,
        "Net Income Including Noncontrolling Interests": NaN,
        "Net Income Continuous Operations": NaN,
        "Tax Provision": NaN,
        "Pretax Income": NaN,
        "Other Income Expense": NaN,
        "Other Non Operating Income Expenses": NaN,
        "Special Income Charges": NaN,
        "Other Special Charges": -8644000.0,
        "Net Non Operating Interest Income Expense": NaN,
        "Interest Expense Non Operating": NaN,
        "Operating Income": NaN,
        "Operating Expense": NaN,
        "Other Operating Expenses": NaN,
        "Selling General And Administration": NaN,
        "Gross Profit": NaN,
        "Cost Of Revenue": NaN,
        "Total Revenue": NaN,
        "Operating Revenue": NaN
    },
    "2023-03-31": {
        "Tax Effect Of Unusual Items": NaN,
        "Tax Rate For Calcs": NaN,
        "Normalized EBITDA": NaN,
        "Total Unusual Items": NaN,
        "Total Unusual Items Excluding Goodwill": NaN,
        "Net Income From Continuing Operation Net Minority Interest": NaN,
        "Reconciled Depreciation": NaN,
        "Reconciled Cost Of Revenue": NaN,
        "EBITDA": NaN,
        "EBIT": NaN,
        "Net Interest Income": NaN,
        "Interest Expense": NaN,
        "Normalized Income": NaN,
        "Net Income From Continuing And Discontinued Operation": NaN,
        "Total Expenses": NaN,
        "Total Operating Income As Reported": NaN,
        "Diluted Average Shares": 76311000.0,
        "Basic Average Shares": 75807000.0,
        "Diluted EPS": 0.21,
        "Basic EPS": 0.21,
        "Diluted NI Availto Com Stockholders": NaN,
        "Net Income Common Stockholders": NaN,
        "Net Income": NaN,
        "Net Income Including Noncontrolling Interests": NaN,
        "Net Income Continuous Operations": NaN,
        "Tax Provision": NaN,
        "Pretax Income": NaN,
        "Other Income Expense": NaN,
        "Other Non Operating Income Expenses": NaN,
        "Special Income Charges": NaN,
        "Other Special Charges": NaN,
        "Net Non Operating Interest Income Expense": NaN,
        "Interest Expense Non Operating": NaN,
        "Operating Income": NaN,
        "Operating Expense": NaN,
        "Other Operating Expenses": NaN,
        "Selling General And Administration": NaN,
        "Gross Profit": NaN,
        "Cost Of Revenue": NaN,
        "Total Revenue": NaN,
        "Operating Revenue": NaN
    },
    "2022-12-31": {
        "Tax Effect Of Unusual Items": NaN,
        "Tax Rate For Calcs": NaN,
        "Normalized EBITDA": NaN,
        "Total Unusual Items": NaN,
        "Total Unusual Items Excluding Goodwill": NaN,
        "Net Income From Continuing Operation Net Minority Interest": NaN,
        "Reconciled Depreciation": NaN,
        "Reconciled Cost Of Revenue": NaN,
        "EBITDA": NaN,
        "EBIT": NaN,
        "Net Interest Income": NaN,
        "Interest Expense": NaN,
        "Normalized Income": NaN,
        "Net Income From Continuing And Discontinued Operation": NaN,
        "Total Expenses": NaN,
        "Total Operating Income As Reported": NaN,
        "Diluted Average Shares": NaN,
        "Basic Average Shares": NaN,
        "Diluted EPS": NaN,
        "Basic EPS": NaN,
        "Diluted NI Availto Com Stockholders": NaN,
        "Net Income Common Stockholders": NaN,
        "Otherunder Preferred Stock Dividend": 0.0,
        "Net Income": NaN,
        "Net Income Including Noncontrolling Interests": NaN,
        "Net Income Continuous Operations": NaN,
        "Tax Provision": NaN,
        "Pretax Income": NaN,
        "Other Income Expense": NaN,
        "Other Non Operating Income Expenses": NaN,
        "Special Income Charges": NaN,
        "Other Special Charges": 0.0,
        "Net Non Operating Interest Income Expense": NaN,
        "Interest Expense Non Operating": NaN,
        "Operating Income": NaN,
        "Operating Expense": NaN,
        "Other Operating Expenses": NaN,
        "Selling General And Administration": NaN,
        "Gross Profit": NaN,
        "Cost Of Revenue": NaN,
        "Total Revenue": NaN,
        "Operating Revenue": NaN
    },
    "2022-09-30": {
        "Tax Effect Of Unusual Items": NaN,
        "Tax Rate For Calcs": NaN,
        "Normalized EBITDA": NaN,
        "Total Unusual Items": NaN,
        "Total Unusual Items Excluding Goodwill": NaN,
        "Net Income From Continuing Operation Net Minority Interest": NaN,
        "Reconciled Depreciation": NaN,
        "Reconciled Cost Of Revenue": NaN,
        "EBITDA": NaN,
        "EBIT": NaN,
        "Net Interest Income": NaN,
        "Interest Expense": NaN,
        "Normalized Income": NaN,
        "Net Income From Continuing And Discontinued Operation": NaN,
        "Total Expenses": NaN,
        "Total Operating Income As Reported": NaN,
        "Diluted Average Shares": NaN,
        "Basic Average Shares": NaN,
        "Diluted EPS": NaN,
        "Basic EPS": NaN,
        "Diluted NI Availto Com Stockholders": NaN,
        "Net Income Common Stockholders": NaN,
        "Otherunder Preferred Stock Dividend": 0.0,
        "Net Income": NaN,
        "Net Income Including Noncontrolling Interests": NaN,
        "Net Income Continuous Operations": NaN,
        "Tax Provision": NaN,
        "Pretax Income": NaN,
        "Other Income Expense": NaN,
        "Other Non Operating Income Expenses": NaN,
        "Special Income Charges": NaN,
        "Other Special Charges": NaN,
        "Net Non Operating Interest Income Expense": NaN,
        "Interest Expense Non Operating": NaN,
        "Operating Income": NaN,
        "Operating Expense": NaN,
        "Other Operating Expenses": NaN,
        "Selling General And Administration": NaN,
        "Gross Profit": NaN,
        "Cost Of Revenue": NaN,
        "Total Revenue": NaN,
        "Operating Revenue": NaN
    },
    "2022-06-30": {
        "Tax Effect Of Unusual Items": 0.0,
        "Tax Rate For Calcs": 0.165,
        "Normalized EBITDA": 153084000.0,
        "Total Unusual Items": 0.0,
        "Total Unusual Items Excluding Goodwill": 0.0,
        "Net Income From Continuing Operation Net Minority Interest": 103399000.0,
        "Reconciled Depreciation": 16996000.0,
        "Reconciled Cost Of Revenue": 141879000.0,
        "EBITDA": 153084000.0,
        "EBIT": 136088000.0,
        "Net Interest Income": -12307000.0,
        "Interest Expense": 12307000.0,
        "Normalized Income": 103399000.0,
        "Net Income From Continuing And Discontinued Operation": 103399000.0,
        "Total Expenses": 152145000.0,
        "Total Operating Income As Reported": 132658000.0,
        "Diluted Average Shares": 89564000.0,
        "Basic Average Shares": 88181000.0,
        "Diluted EPS": 1.15,
        "Basic EPS": 1.17,
        "Diluted NI Availto Com Stockholders": 103399000.0,
        "Average Dilution Earnings": 0.0,
        "Net Income Common Stockholders": 103399000.0,
        "Otherunder Preferred Stock Dividend": 0.0,
        "Net Income": 103399000.0,
        "Net Income Including Noncontrolling Interests": 103399000.0,
        "Net Income Continuous Operations": 103399000.0,
        "Tax Provision": 20382000.0,
        "Pretax Income": 123781000.0,
        "Other Income Expense": 3430000.0,
        "Other Non Operating Income Expenses": 3430000.0,
        "Special Income Charges": 0.0,
        "Other Special Charges": NaN,
        "Net Non Operating Interest Income Expense": -12307000.0,
        "Interest Expense Non Operating": 12307000.0,
        "Operating Income": 132658000.0,
        "Operating Expense": 10266000.0,
        "Other Operating Expenses": 628000.0,
        "Selling General And Administration": 9638000.0,
        "Gross Profit": 142924000.0,
        "Cost Of Revenue": 141879000.0,
        "Total Revenue": 284803000.0,
        "Operating Revenue": 284803000.0
    },
    "2022-03-31": {
        "Diluted EPS": 0.65,
        "Total Revenue": 199,
        "Gross Profit": 91,
        "Operating Income": 80,
        "EBIT": 97,
        "Net Income": 59
    },
    "2021-12-31": {
        "Diluted EPS": 2.3,
        "Total Revenue": 190,
        "Gross Profit": 78,
        "Operating Income": 70,
        "EBIT": 93,
        "Net Income": 42
    },
    "2021-09-30": {
        "Diluted EPS": -6.39,
        "Total Revenue": 127,
        "Gross Profit": 17,
        "Operating Income": 5,
        "EBIT": 23,
        "Net Income": -252
    },
    "2021-06-30": {
        "Diluted EPS": 0.32,
        "Total Revenue": 141,
        "Gross Profit": 35,
        "Operating Income": 26,
        "EBIT": 44,
        "Net Income": 13
    },
    "2021-03-31": {
        "Diluted EPS": -0.63,
        "Total Revenue": 98,
        "Gross Profit": 8,
        "Operating Income": 0,
        "EBIT": 17,
        "Net Income": -23
    },
    "2020-12-31": {
        "Diluted EPS": -0.86,
        "Total Revenue": 89,
        "Gross Profit": -3,
        "Operating Income": -10,
        "EBIT": 12,
        "Net Income": -32
    },
    "2020-09-30": {
        "Diluted EPS": -0.81,
        "Total Revenue": 74,
        "Gross Profit": -1,
        "Operating Income": -9,
        "EBIT": 9,
        "Net Income": -30
    },
    "2020-06-30": {
        "Diluted EPS": -0.26,
        "Total Revenue": 105,
        "Gross Profit": 19,
        "Operating Income": 11,
        "EBIT": 28,
        "Net Income": -10
    },
    "2020-03-31": {
        "Diluted EPS": -0.78,
        "Total Revenue": 83,
        "Gross Profit": 3,
        "Operating Income": -7,
        "EBIT": 11,
        "Net Income": -28
    },
    "2019-12-31": {
        "Diluted EPS": -1.01,
        "Total Revenue": 74,
        "Gross Profit": -12,
        "Operating Income": -31,
        "EBIT": -14,
        "Net Income": -36
    },
    "2019-09-30": {
        "Diluted EPS": -1.07,
        "Total Revenue": 75,
        "Gross Profit": -10,
        "Operating Income": -19,
        "EBIT": -1,
        "Net Income": -39
    },
    "2019-06-30": {
        "Diluted EPS": -0.04,
        "Total Revenue": 122,
        "Gross Profit": 20,
        "Operating Income": 11,
        "EBIT": 29,
        "Net Income": -2
    },
    "2019-03-31": {
        "Diluted EPS": -0.53,
        "Total Revenue": 94,
        "Gross Profit": 7,
        "Operating Income": 0,
        "EBIT": 17,
        "Net Income": -19
    },
    "2018-12-31": {
        "Diluted EPS": -0.59,
        "Total Revenue": 95,
        "Gross Profit": 12,
        "Operating Income": -2,
        "EBIT": 15,
        "Net Income": -21
    },
    "2018-09-30": {
        "Diluted EPS": -0.94,
        "Total Revenue": 80,
        "Gross Profit": -10,
        "Operating Income": -17,
        "EBIT": 1,
        "Net Income": -33
    },
    "2018-06-30": {
        "Diluted EPS": -0.98,
        "Total Revenue": 103,
        "Gross Profit": 3,
        "Operating Income": -6,
        "EBIT": 14,
        "Net Income": -35
    },
    "2018-03-31": {
        "Diluted EPS": -0.38,
        "Total Revenue": 100,
        "Gross Profit": 10,
        "Operating Income": 2,
        "EBIT": 20,
        "Net Income": -14
    },
    "2017-12-31": {
        "Diluted EPS": -0.2,
        "Total Revenue": 89,
        "Gross Profit": -10,
        "Operating Income": -21,
        "EBIT": -3,
        "Net Income": -7
    },
    "2017-09-30": {
        "Diluted EPS": -0.7,
        "Total Revenue": 92,
        "Gross Profit": -7,
        "Operating Income": -15,
        "EBIT": 1,
        "Net Income": -25
    },
    "2017-06-30": {
        "Diluted EPS": -0.41,
        "Total Revenue": 123,
        "Gross Profit": 11,
        "Operating Income": 0,
        "EBIT": 17,
        "Net Income": -15
    },
    "2017-03-31": {
        "Diluted EPS": -0.37,
        "Total Revenue": 123,
        "Gross Profit": 12,
        "Operating Income": 2,
        "EBIT": 20,
        "Net Income": -13
    },
    "2016-12-31": {
        "Diluted EPS": -0.55,
        "Total Revenue": 85,
        "Gross Profit": -9,
        "Operating Income": -18,
        "EBIT": 2,
        "Net Income": -28
    },
    "2016-09-30": {
        "Diluted EPS": 3.19,
        "Total Revenue": 80,
        "Gross Profit": -36,
        "Operating Income": -46,
        "EBIT": -29,
        "Net Income": 112
    },
    "2016-06-30": {
        "Diluted EPS": 0.15,
        "Total Revenue": 110,
        "Gross Profit": 2,
        "Operating Income": -9,
        "EBIT": 5,
        "Net Income": 5
    },
    "2016-03-31": {
        "Diluted EPS": -0.83,
        "Total Revenue": 99,
        "Gross Profit": -6,
        "Operating Income": -17,
        "EBIT": -7,
        "Net Income": -25
    },
    "2015-12-31": {
        "Diluted EPS": -0.38,
        "Total Revenue": 25,
        "Gross Profit": -22,
        "Operating Income": -22,
        "EBIT": -11,
        "Net Income": -11
    },
    "2015-09-30": {
        "Diluted EPS": -1.14,
        "Total Revenue": 89,
        "Gross Profit": -12,
        "Operating Income": -62,
        "EBIT": -52,
        "Net Income": -34
    },
    "2015-06-30": {
        "Diluted EPS": 0.02,
        "Total Revenue": 126,
        "Gross Profit": 13,
        "Operating Income": -2,
        "EBIT": 6,
        "Net Income": 0
    },
    "2015-03-31": {
        "Diluted EPS": 0.22,
        "Total Revenue": 199,
        "Gross Profit": 41,
        "Operating Income": 14,
        "EBIT": 23,
        "Net Income": 6
    },
    "2014-12-31": {
        "Diluted EPS": 0.05,
        "Total Revenue": -55,
        "Gross Profit": -57,
        "Operating Income": -18,
        "EBIT": -11,
        "Net Income": 1
    },
    "2014-09-30": {
        "Diluted EPS": -0.13,
        "Total Revenue": 171,
        "Gross Profit": 24,
        "Operating Income": -1,
        "EBIT": 8,
        "Net Income": -4
    },
    "2014-06-30": {
        "Diluted EPS": 0.36,
        "Total Revenue": 202,
        "Gross Profit": 49,
        "Operating Income": 24,
        "EBIT": 32,
        "Net Income": 11
    },
    "2014-03-31": {
        "Diluted EPS": 0.38,
        "Total Revenue": 179,
        "Gross Profit": 49,
        "Operating Income": 26,
        "EBIT": 35,
        "Net Income": 11
    },
    "2013-12-31": {
        "Diluted EPS": 1.24,
        "Total Revenue": 171,
        "Gross Profit": 25,
        "Operating Income": 70,
        "EBIT": 78,
        "Net Income": 37
    },
    "2013-09-30": {
        "Diluted EPS": 0.33,
        "Total Revenue": 177,
        "Gross Profit": 49,
        "Operating Income": 23,
        "EBIT": 30,
        "Net Income": 10
    },
    "2013-06-30": {
        "Diluted EPS": 0.24,
        "Total Revenue": 202,
        "Gross Profit": 39,
        "Operating Income": 12,
        "EBIT": 19,
        "Net Income": 7
    },
    "2013-03-31": {
        "Diluted EPS": -0.02,
        "Total Revenue": 151,
        "Gross Profit": 25,
        "Operating Income": 0,
        "EBIT": 6,
        "Net Income": 0
    },
    "2012-12-31": {
        "Diluted EPS": 0.38,
        "Total Revenue": 177,
        "Gross Profit": 40,
        "Operating Income": 18,
        "EBIT": 24,
        "Net Income": 12
    },
    "2012-09-30": {
        "Diluted EPS": 0.22,
        "Total Revenue": 182,
        "Gross Profit": 33,
        "Operating Income": 12,
        "EBIT": 17,
        "Net Income": 7
    },
    "2012-06-30": {
        "Diluted EPS": 0.85,
        "Total Revenue": 209,
        "Gross Profit": 66,
        "Operating Income": 42,
        "EBIT": 47,
        "Net Income": 26
    },
    "2012-03-31": {
        "Diluted EPS": 0.47,
        "Total Revenue": 190,
        "Gross Profit": 44,
        "Operating Income": 23,
        "EBIT": 28,
        "Net Income": 14
    },
    "2011-12-31": {
        "Diluted EPS": 0.92,
        "Total Revenue": 215,
        "Gross Profit": 63,
        "Operating Income": 42,
        "EBIT": 46,
        "Net Income": 28
    },
    "2011-09-30": {
        "Diluted EPS": 0.21,
        "Total Revenue": 177,
        "Gross Profit": 34,
        "Operating Income": 12,
        "EBIT": 17,
        "Net Income": 6
    },
    "2011-06-30": {
        "Diluted EPS": 0.94,
        "Total Revenue": 236,
        "Gross Profit": 72,
        "Operating Income": 48,
        "EBIT": 53,
        "Net Income": 29
    },
    "2011-03-31": {
        "Diluted EPS": 0.69,
        "Total Revenue": 177,
        "Gross Profit": 54,
        "Operating Income": 34,
        "EBIT": 39,
        "Net Income": 21
    },
    "2010-12-31": {
        "Diluted EPS": 0.62,
        "Total Revenue": 172,
        "Gross Profit": 46,
        "Operating Income": 30,
        "EBIT": 35,
        "Net Income": 18
    },
    "2010-09-30": {
        "Diluted EPS": 0.13,
        "Total Revenue": 139,
        "Gross Profit": 29,
        "Operating Income": 8,
        "EBIT": 13,
        "Net Income": 4
    },
    "2010-06-30": {
        "Diluted EPS": 0.21,
        "Total Revenue": 168,
        "Gross Profit": 35,
        "Operating Income": 13,
        "EBIT": 18,
        "Net Income": 6
    },
    "2010-03-31": {
        "Diluted EPS": 0.05,
        "Total Revenue": 130,
        "Gross Profit": 28,
        "Operating Income": 4,
        "EBIT": 9,
        "Net Income": 1
    },
    "2009-12-31": {
        "Diluted EPS": 0.02,
        "Total Revenue": 115,
        "Gross Profit": 28,
        "Operating Income": 2,
        "EBIT": 7,
        "Net Income": 0
    },
    "2009-09-30": {
        "Diluted EPS": 0.04,
        "Total Revenue": 128,
        "Gross Profit": 31,
        "Operating Income": 4,
        "EBIT": 8,
        "Net Income": 1
    },
    "2009-06-30": {
        "Diluted EPS": 0.29,
        "Total Revenue": 139,
        "Gross Profit": 38,
        "Operating Income": 15,
        "EBIT": 19,
        "Net Income": 9
    },
    "2009-03-31": {
        "Diluted EPS": 0.39,
        "Total Revenue": 150,
        "Gross Profit": 41,
        "Operating Income": 19,
        "EBIT": 23,
        "Net Income": 11
    },
    "2023-09-30": {
        "Tax Effect Of Unusual Items": 0.0,
        "Tax Rate For Calcs": 0.4,
        "Normalized EBITDA": 9738000.0,
        "Total Unusual Items": 0.0,
        "Total Unusual Items Excluding Goodwill": 0.0,
        "Net Income From Continuing Operation Net Minority Interest": -7726000.0,
        "Reconciled Depreciation": 15548000.0,
        "Reconciled Cost Of Revenue": 117673000.0,
        "EBITDA": 9738000.0,
        "EBIT": -5810000.0,
        "Net Interest Income": -7165000.0,
        "Interest Expense": 7165000.0,
        "Normalized Income": -7726000.0,
        "Net Income From Continuing And Discontinued Operation": -7726000.0,
        "Total Expenses": 123786000.0,
        "Total Operating Income As Reported": -9499000.0,
        "Diluted Average Shares": 73992000.0,
        "Basic Average Shares": 73992000.0,
        "Diluted EPS": -0.1,
        "Basic EPS": -0.1,
        "Diluted NI Availto Com Stockholders": -7726000.0,
        "Net Income Common Stockholders": -7726000.0,
        "Net Income": -7726000.0,
        "Net Income Including Noncontrolling Interests": -7726000.0,
        "Net Income Continuous Operations": -7726000.0,
        "Tax Provision": -5249000.0,
        "Pretax Income": -12975000.0,
        "Other Income Expense": 3689000.0,
        "Other Non Operating Income Expenses": 3689000.0,
        "Special Income Charges": 0.0,
        "Other Special Charges": NaN,
        "Net Non Operating Interest Income Expense": -7165000.0,
        "Interest Expense Non Operating": 7165000.0,
        "Operating Income": -9499000.0,
        "Operating Expense": 6113000.0,
        "Other Operating Expenses": -2399000.0,
        "Selling General And Administration": 8512000.0,
        "Gross Profit": -3386000.0,
        "Cost Of Revenue": 117673000.0,
        "Total Revenue": 114287000.0,
        "Operating Revenue": 102939000.0
    },
    "2023-12-31": {
        "Tax Effect Of Unusual Items": 0.0,
        "Tax Rate For Calcs": 0.21,
        "Normalized EBITDA": 25594000.0,
        "Total Unusual Items": 0.0,
        "Total Unusual Items Excluding Goodwill": 0.0,
        "Net Income From Continuing Operation Net Minority Interest": -5347000.0,
        "Reconciled Depreciation": 18667000.0,
        "Reconciled Cost Of Revenue": 120604000.0,
        "EBITDA": 25594000.0,
        "EBIT": 6927000.0,
        "Net Interest Income": -9923000.0,
        "Interest Expense": 9923000.0,
        "Normalized Income": -5347000.0,
        "Net Income From Continuing And Discontinued Operation": -5347000.0,
        "Total Expenses": 129368000.0,
        "Total Operating Income As Reported": 3245000.0,
        "Diluted Average Shares": NaN,
        "Basic Average Shares": NaN,
        "Diluted EPS": NaN,
        "Basic EPS": NaN,
        "Diluted NI Availto Com Stockholders": -5347000.0,
        "Net Income Common Stockholders": -5347000.0,
        "Net Income": -5347000.0,
        "Net Income Including Noncontrolling Interests": -5347000.0,
        "Net Income Continuous Operations": -5347000.0,
        "Tax Provision": 2351000.0,
        "Pretax Income": -2996000.0,
        "Other Income Expense": 3682000.0,
        "Other Non Operating Income Expenses": 3682000.0,
        "Special Income Charges": 0.0,
        "Other Special Charges": 0.0,
        "Net Non Operating Interest Income Expense": -9923000.0,
        "Interest Expense Non Operating": 9923000.0,
        "Operating Income": 3245000.0,
        "Operating Expense": 8764000.0,
        "Other Operating Expenses": -1000.0,
        "Selling General And Administration": 8765000.0,
        "Gross Profit": 12009000.0,
        "Cost Of Revenue": 120604000.0,
        "Total Revenue": 132613000.0,
        "Operating Revenue": 172415000.0
    },
    "2024-03-31": {
        "Tax Effect Of Unusual Items": 109998.0,
        "Tax Rate For Calcs": 0.097,
        "Normalized EBITDA": 31935000.0,
        "Total Unusual Items": 1134000.0,
        "Total Unusual Items Excluding Goodwill": 1134000.0,
        "Net Income From Continuing Operation Net Minority Interest": 5623000.0,
        "Reconciled Depreciation": 17114000.0,
        "Reconciled Cost Of Revenue": 115926000.0,
        "EBITDA": 33069000.0,
        "EBIT": 15955000.0,
        "Net Interest Income": -9729000.0,
        "Interest Expense": 9729000.0,
        "Normalized Income": 4598998.0,
        "Net Income From Continuing And Discontinued Operation": 5623000.0,
        "Total Expenses": 126944000.0,
        "Total Operating Income As Reported": 11260000.0,
        "Diluted Average Shares": 73173000.0,
        "Basic Average Shares": 72842000.0,
        "Diluted EPS": 0.08,
        "Basic EPS": 0.08,
        "Diluted NI Availto Com Stockholders": 5623000.0,
        "Net Income Common Stockholders": 5623000.0,
        "Net Income": 5623000.0,
        "Net Income Including Noncontrolling Interests": 5623000.0,
        "Net Income Continuous Operations": 5623000.0,
        "Tax Provision": 603000.0,
        "Pretax Income": 6226000.0,
        "Other Income Expense": 4695000.0,
        "Other Non Operating Income Expenses": 3561000.0,
        "Special Income Charges": 1134000.0,
        "Other Special Charges": -1134000.0,
        "Net Non Operating Interest Income Expense": -9729000.0,
        "Interest Expense Non Operating": 9729000.0,
        "Operating Income": 11260000.0,
        "Operating Expense": 11018000.0,
        "Other Operating Expenses": 724000.0,
        "Selling General And Administration": 10294000.0,
        "Gross Profit": 22278000.0,
        "Cost Of Revenue": 115926000.0,
        "Total Revenue": 138204000.0,
        "Operating Revenue": 129157000.0
    },
    "2024-06-30": {
        "Tax Effect Of Unusual Items": 217964.0,
        "Tax Rate For Calcs": 0.116,
        "Normalized EBITDA": 36129000.0,
        "Total Unusual Items": 1879000.0,
        "Total Unusual Items Excluding Goodwill": 1879000.0,
        "Net Income From Continuing Operation Net Minority Interest": 9555000.0,
        "Reconciled Depreciation": 18818000.0,
        "Reconciled Cost Of Revenue": 112658000.0,
        "EBITDA": 38008000.0,
        "EBIT": 19190000.0,
        "Net Interest Income": -8385000.0,
        "Interest Expense": 8385000.0,
        "Normalized Income": 7893964.0,
        "Net Income From Continuing And Discontinued Operation": 9555000.0,
        "Total Expenses": 125670000.0,
        "Total Operating Income As Reported": 14403000.0,
        "Diluted Average Shares": 72030000.0,
        "Basic Average Shares": 71700000.0,
        "Diluted EPS": 0.13,
        "Basic EPS": 0.13,
        "Diluted NI Availto Com Stockholders": 9555000.0,
        "Net Income Common Stockholders": 9555000.0,
        "Net Income": 9555000.0,
        "Net Income Including Noncontrolling Interests": 9555000.0,
        "Net Income Continuous Operations": 9555000.0,
        "Tax Provision": 1250000.0,
        "Pretax Income": 10805000.0,
        "Other Income Expense": 4787000.0,
        "Other Non Operating Income Expenses": 2908000.0,
        "Special Income Charges": 1879000.0,
        "Other Special Charges": -1879000.0,
        "Net Non Operating Interest Income Expense": -8385000.0,
        "Interest Expense Non Operating": 8385000.0,
        "Operating Income": 14403000.0,
        "Operating Expense": 13012000.0,
        "Other Operating Expenses": 1465000.0,
        "Selling General And Administration": 11547000.0,
        "Gross Profit": 27415000.0,
        "Cost Of Revenue": 112658000.0,
        "Total Revenue": 140073000.0,
        "Operating Revenue": 129698000.0
    },
    "2024-09-30": {
        "Tax Effect Of Unusual Items": 0.0,
        "Tax Rate For Calcs": 0.15008,
        "Normalized EBITDA": -5056000.0,
        "Total Unusual Items": 0.0,
        "Total Unusual Items Excluding Goodwill": 0.0,
        "Net Income From Continuing Operation Net Minority Interest": -25382000.0,
        "Reconciled Depreciation": 16693000.0,
        "Reconciled Cost Of Revenue": 117162000.0,
        "EBITDA": -5056000.0,
        "EBIT": -21749000.0,
        "Net Interest Income": -8115000.0,
        "Interest Expense": 8115000.0,
        "Normalized Income": -25382000.0,
        "Net Income From Continuing And Discontinued Operation": -25382000.0,
        "Total Expenses": 133640000.0,
        "Total Operating Income As Reported": -24423000.0,
        "Diluted Average Shares": 71672000.0,
        "Basic Average Shares": 71672000.0,
        "Diluted EPS": -0.35,
        "Basic EPS": -0.35,
        "Diluted NI Availto Com Stockholders": -25382000.0,
        "Net Income Common Stockholders": -25382000.0,
        "Net Income": -25382000.0,
        "Net Income Including Noncontrolling Interests": -25382000.0,
        "Net Income Continuous Operations": -25382000.0,
        "Tax Provision": -4482000.0,
        "Pretax Income": -29864000.0,
        "Other Income Expense": 2674000.0,
        "Other Non Operating Income Expenses": 2674000.0,
        "Special Income Charges": 0.0,
        "Other Special Charges": NaN,
        "Net Non Operating Interest Income Expense": -8115000.0,
        "Interest Expense Non Operating": 8115000.0,
        "Operating Income": -24423000.0,
        "Operating Expense": 16478000.0,
        "Other Operating Expenses": 6436000.0,
        "Selling General And Administration": 10042000.0,
        "Gross Profit": -7945000.0,
        "Cost Of Revenue": 117162000.0,
        "Total Revenue": 109217000.0,
        "Operating Revenue": 101774000.0
    }
}