{
    "2023-03-31": {
        "Tax Effect Of Unusual Items": NaN,
        "Tax Rate For Calcs": NaN,
        "Normalized EBITDA": NaN,
        "Total Unusual Items": NaN,
        "Total Unusual Items Excluding Goodwill": NaN,
        "Net Income From Continuing Operation Net Minority Interest": NaN,
        "Reconciled Depreciation": NaN,
        "Reconciled Cost Of Revenue": NaN,
        "EBITDA": NaN,
        "EBIT": NaN,
        "Net Interest Income": NaN,
        "Interest Expense": NaN,
        "Interest Income": NaN,
        "Normalized Income": NaN,
        "Net Income From Continuing And Discontinued Operation": NaN,
        "Total Expenses": NaN,
        "Total Operating Income As Reported": NaN,
        "Diluted Average Shares": 373727000.0,
        "Basic Average Shares": 373727000.0,
        "Diluted EPS": -0.5,
        "Basic EPS": -0.5,
        "Diluted NI Availto Com Stockholders": NaN,
        "Net Income Common Stockholders": NaN,
        "Net Income": NaN,
        "Net Income Including Noncontrolling Interests": NaN,
        "Net Income Continuous Operations": NaN,
        "Tax Provision": NaN,
        "Pretax Income": NaN,
        "Other Income Expense": NaN,
        "Other Non Operating Income Expenses": NaN,
        "Special Income Charges": NaN,
        "Other Special Charges": NaN,
        "Write Off": NaN,
        "Earnings From Equity Interest": NaN,
        "Gain On Sale Of Security": NaN,
        "Net Non Operating Interest Income Expense": NaN,
        "Interest Expense Non Operating": NaN,
        "Interest Income Non Operating": NaN,
        "Operating Income": NaN,
        "Operating Expense": NaN,
        "Other Operating Expenses": NaN,
        "Research And Development": NaN,
        "Selling General And Administration": NaN,
        "Selling And Marketing Expense": NaN,
        "General And Administrative Expense": NaN,
        "Other Gand A": NaN,
        "Salaries And Wages": NaN,
        "Gross Profit": NaN,
        "Cost Of Revenue": NaN,
        "Total Revenue": NaN,
        "Operating Revenue": NaN
    },
    "2022-12-31": {
        "Tax Effect Of Unusual Items": NaN,
        "Tax Rate For Calcs": NaN,
        "Normalized EBITDA": NaN,
        "Total Unusual Items": NaN,
        "Total Unusual Items Excluding Goodwill": NaN,
        "Net Income From Continuing Operation Net Minority Interest": NaN,
        "Reconciled Depreciation": NaN,
        "Reconciled Cost Of Revenue": NaN,
        "EBITDA": NaN,
        "EBIT": NaN,
        "Net Interest Income": NaN,
        "Interest Expense": NaN,
        "Interest Income": NaN,
        "Normalized Income": NaN,
        "Net Income From Continuing And Discontinued Operation": NaN,
        "Total Expenses": NaN,
        "Total Operating Income As Reported": NaN,
        "Diluted Average Shares": NaN,
        "Basic Average Shares": NaN,
        "Diluted EPS": NaN,
        "Basic EPS": NaN,
        "Diluted NI Availto Com Stockholders": NaN,
        "Net Income Common Stockholders": NaN,
        "Net Income": NaN,
        "Net Income Including Noncontrolling Interests": NaN,
        "Net Income Continuous Operations": NaN,
        "Tax Provision": NaN,
        "Pretax Income": NaN,
        "Other Income Expense": NaN,
        "Other Non Operating Income Expenses": NaN,
        "Special Income Charges": 0.0,
        "Other Special Charges": NaN,
        "Write Off": 0.0,
        "Restructuring And Mergern Acquisition": 0.0,
        "Earnings From Equity Interest": NaN,
        "Gain On Sale Of Security": NaN,
        "Net Non Operating Interest Income Expense": NaN,
        "Interest Expense Non Operating": NaN,
        "Interest Income Non Operating": NaN,
        "Operating Income": NaN,
        "Operating Expense": NaN,
        "Other Operating Expenses": NaN,
        "Research And Development": NaN,
        "Selling General And Administration": NaN,
        "Selling And Marketing Expense": NaN,
        "General And Administrative Expense": NaN,
        "Other Gand A": NaN,
        "Salaries And Wages": NaN,
        "Gross Profit": NaN,
        "Cost Of Revenue": NaN,
        "Total Revenue": NaN,
        "Operating Revenue": NaN
    },
    "2022-09-30": {
        "Tax Effect Of Unusual Items": NaN,
        "Tax Rate For Calcs": NaN,
        "Normalized EBITDA": NaN,
        "Total Unusual Items": NaN,
        "Total Unusual Items Excluding Goodwill": NaN,
        "Net Income From Continuing Operation Net Minority Interest": NaN,
        "Reconciled Depreciation": NaN,
        "Reconciled Cost Of Revenue": NaN,
        "EBITDA": NaN,
        "EBIT": NaN,
        "Net Interest Income": NaN,
        "Interest Expense": NaN,
        "Interest Income": NaN,
        "Normalized Income": NaN,
        "Net Income From Continuing And Discontinued Operation": NaN,
        "Total Expenses": NaN,
        "Total Operating Income As Reported": NaN,
        "Diluted Average Shares": 356478000.0,
        "Basic Average Shares": 356478000.0,
        "Diluted EPS": -1.18,
        "Basic EPS": -1.18,
        "Diluted NI Availto Com Stockholders": NaN,
        "Net Income Common Stockholders": NaN,
        "Net Income": NaN,
        "Net Income Including Noncontrolling Interests": NaN,
        "Net Income Continuous Operations": NaN,
        "Tax Provision": NaN,
        "Pretax Income": NaN,
        "Other Income Expense": NaN,
        "Other Non Operating Income Expenses": NaN,
        "Special Income Charges": -135714000.0,
        "Other Special Charges": NaN,
        "Write Off": 135714000.0,
        "Restructuring And Mergern Acquisition": 0.0,
        "Earnings From Equity Interest": 0.0,
        "Gain On Sale Of Security": NaN,
        "Net Non Operating Interest Income Expense": NaN,
        "Interest Expense Non Operating": NaN,
        "Interest Income Non Operating": NaN,
        "Operating Income": NaN,
        "Operating Expense": NaN,
        "Other Operating Expenses": NaN,
        "Research And Development": NaN,
        "Selling General And Administration": NaN,
        "Selling And Marketing Expense": NaN,
        "General And Administrative Expense": NaN,
        "Other Gand A": NaN,
        "Salaries And Wages": NaN,
        "Gross Profit": NaN,
        "Cost Of Revenue": NaN,
        "Total Revenue": NaN,
        "Operating Revenue": NaN
    },
    "2022-06-30": {
        "Tax Effect Of Unusual Items": 229600.0,
        "Tax Rate For Calcs": 0.4,
        "Normalized EBITDA": -343677000.0,
        "Total Unusual Items": 574000.0,
        "Total Unusual Items Excluding Goodwill": 574000.0,
        "Net Income From Continuing Operation Net Minority Interest": -377246000.0,
        "Reconciled Depreciation": 29119000.0,
        "Reconciled Cost Of Revenue": 650356000.0,
        "EBITDA": -343103000.0,
        "EBIT": -372222000.0,
        "Net Interest Income": -238000.0,
        "Interest Expense": 4960000.0,
        "Interest Income": 4722000.0,
        "Normalized Income": -377590400.0,
        "Net Income From Continuing And Discontinued Operation": -377246000.0,
        "Total Expenses": 1363923000.0,
        "Total Operating Income As Reported": -373175000.0,
        "Diluted Average Shares": 350526000.0,
        "Basic Average Shares": 350526000.0,
        "Diluted EPS": -1.08,
        "Basic EPS": -1.08,
        "Diluted NI Availto Com Stockholders": -377246000.0,
        "Net Income Common Stockholders": -377246000.0,
        "Net Income": -377246000.0,
        "Net Income Including Noncontrolling Interests": -377246000.0,
        "Net Income Continuous Operations": -377246000.0,
        "Tax Provision": 64000.0,
        "Pretax Income": -377182000.0,
        "Other Income Expense": -3769000.0,
        "Other Non Operating Income Expenses": -4343000.0,
        "Special Income Charges": NaN,
        "Write Off": NaN,
        "Restructuring And Mergern Acquisition": NaN,
        "Earnings From Equity Interest": NaN,
        "Gain On Sale Of Security": 574000.0,
        "Net Non Operating Interest Income Expense": -238000.0,
        "Interest Expense Non Operating": 4960000.0,
        "Interest Income Non Operating": 4722000.0,
        "Operating Income": -373175000.0,
        "Operating Expense": 713567000.0,
        "Other Operating Expenses": 105314000.0,
        "Research And Development": 201768000.0,
        "Selling General And Administration": 406485000.0,
        "Selling And Marketing Expense": 140754000.0,
        "General And Administrative Expense": 265731000.0,
        "Other Gand A": 265731000.0,
        "Salaries And Wages": NaN,
        "Gross Profit": 340392000.0,
        "Cost Of Revenue": 650356000.0,
        "Total Revenue": 990748000.0,
        "Operating Revenue": 990748000.0
    },
    "2022-03-31": {
        "Diluted EPS": -0.57,
        "Total Revenue": 876,
        "Gross Profit": 435,
        "Operating Income": -199,
        "EBIT": -167,
        "Net Income": -197
    },
    "2021-12-31": {
        "Diluted EPS": -0.8,
        "Total Revenue": 970,
        "Gross Profit": 419,
        "Operating Income": -274,
        "EBIT": -231,
        "Net Income": -283
    },
    "2021-09-30": {
        "Diluted EPS": -0.3,
        "Total Revenue": 864,
        "Gross Profit": 472,
        "Operating Income": -205,
        "EBIT": -158,
        "Net Income": -100
    },
    "2021-06-30": {
        "Diluted EPS": -0.76,
        "Total Revenue": 765,
        "Gross Profit": 418,
        "Operating Income": -240,
        "EBIT": -196,
        "Net Income": -252
    },
    "2021-03-31": {
        "Diluted EPS": -1.31,
        "Total Revenue": 609,
        "Gross Profit": 197,
        "Operating Income": -416,
        "EBIT": -372,
        "Net Income": -427
    },
    "2020-12-31": {
        "Diluted EPS": -1.43,
        "Total Revenue": 570,
        "Gross Profit": 178,
        "Operating Income": -453,
        "EBIT": -407,
        "Net Income": -458
    },
    "2020-09-30": {
        "Diluted EPS": -1.46,
        "Total Revenue": 500,
        "Gross Profit": 238,
        "Operating Income": -453,
        "EBIT": -403,
        "Net Income": -460
    },
    "2020-06-30": {
        "Diluted EPS": -1.41,
        "Total Revenue": 339,
        "Gross Profit": 88,
        "Operating Income": -487,
        "EBIT": -442,
        "Net Income": -437
    },
    "2020-03-31": {
        "Diluted EPS": -1.31,
        "Total Revenue": 956,
        "Gross Profit": 413,
        "Operating Income": -414,
        "EBIT": -386,
        "Net Income": -398
    },
    "2019-12-31": {
        "Diluted EPS": 40.89,
        "Total Revenue": NaN,
        "Gross Profit": 514,
        "Operating Income": -382,
        "EBIT": -366,
        "Net Income": -356
    },
    "2019-09-30": {
        "Diluted EPS": -1.57,
        "Total Revenue": 956,
        "Gross Profit": 375,
        "Operating Income": -491,
        "EBIT": -470,
        "Net Income": -463
    },
    "2019-06-30": {
        "Diluted EPS": -2.23,
        "Total Revenue": 867,
        "Gross Profit": 237,
        "Operating Income": -673,
        "EBIT": -653,
        "Net Income": -644
    },
    "2019-03-31": {
        "Diluted EPS": -48.53,
        "Total Revenue": 776,
        "Gross Profit": 313,
        "Operating Income": NaN,
        "EBIT": NaN,
        "Net Income": NaN
    },
    "2018-12-31": {
        "Diluted EPS": -11.29,
        "Total Revenue": 670,
        "Gross Profit": 303,
        "Operating Income": -270,
        "EBIT": -265,
        "Net Income": -249
    },
    "2018-09-30": {
        "Diluted EPS": -11.58,
        "Total Revenue": 585,
        "Gross Profit": 262,
        "Operating Income": -269,
        "EBIT": -273,
        "Net Income": -249
    },
    "2018-06-30": {
        "Diluted EPS": -8.48,
        "Total Revenue": 505,
        "Gross Profit": 212,
        "Operating Income": -194,
        "EBIT": -196,
        "Net Income": -179
    },
    "2018-03-31": {
        "Diluted EPS": -11.69,
        "Total Revenue": 397,
        "Gross Profit": 137,
        "Operating Income": -245,
        "EBIT": -248,
        "Net Income": -234
    },
    "2017-12-31": {
        "Diluted EPS": 0.0,
        "Total Revenue": NaN,
        "Gross Profit": NaN,
        "Operating Income": NaN,
        "EBIT": NaN,
        "Net Income": NaN
    },
    "2016-12-31": {
        "Diluted EPS": 0.0,
        "Total Revenue": NaN,
        "Gross Profit": NaN,
        "Operating Income": NaN,
        "EBIT": NaN,
        "Net Income": NaN
    },
    "2023-06-30": {
        "Tax Effect Of Unusual Items": NaN,
        "Tax Rate For Calcs": NaN,
        "Normalized EBITDA": NaN,
        "Total Unusual Items": NaN,
        "Total Unusual Items Excluding Goodwill": NaN,
        "Net Income From Continuing Operation Net Minority Interest": NaN,
        "Reconciled Depreciation": NaN,
        "Reconciled Cost Of Revenue": NaN,
        "EBITDA": NaN,
        "EBIT": NaN,
        "Net Interest Income": NaN,
        "Interest Expense": NaN,
        "Interest Income": NaN,
        "Normalized Income": NaN,
        "Net Income From Continuing And Discontinued Operation": NaN,
        "Total Expenses": NaN,
        "Total Operating Income As Reported": NaN,
        "Diluted Average Shares": 381884000.0,
        "Basic Average Shares": 381884000.0,
        "Diluted EPS": -0.3,
        "Basic EPS": -0.3,
        "Diluted NI Availto Com Stockholders": NaN,
        "Net Income Common Stockholders": NaN,
        "Net Income": NaN,
        "Net Income Including Noncontrolling Interests": NaN,
        "Net Income Continuous Operations": NaN,
        "Tax Provision": NaN,
        "Pretax Income": NaN,
        "Other Income Expense": NaN,
        "Other Non Operating Income Expenses": NaN,
        "Special Income Charges": NaN,
        "Other Special Charges": NaN,
        "Write Off": NaN,
        "Earnings From Equity Interest": 12926000.0,
        "Gain On Sale Of Security": NaN,
        "Net Non Operating Interest Income Expense": NaN,
        "Interest Expense Non Operating": NaN,
        "Interest Income Non Operating": NaN,
        "Operating Income": NaN,
        "Operating Expense": NaN,
        "Other Operating Expenses": NaN,
        "Research And Development": NaN,
        "Selling General And Administration": NaN,
        "Selling And Marketing Expense": NaN,
        "General And Administrative Expense": NaN,
        "Other Gand A": NaN,
        "Salaries And Wages": 64575000.0,
        "Gross Profit": NaN,
        "Cost Of Revenue": NaN,
        "Total Revenue": NaN,
        "Operating Revenue": NaN
    },
    "2023-09-30": {
        "Tax Effect Of Unusual Items": -522900.0,
        "Tax Rate For Calcs": 0.21,
        "Normalized EBITDA": 26219000.0,
        "Total Unusual Items": -2490000.0,
        "Total Unusual Items Excluding Goodwill": -2490000.0,
        "Net Income From Continuing Operation Net Minority Interest": -12100000.0,
        "Reconciled Depreciation": 29509000.0,
        "Reconciled Cost Of Revenue": 644500000.0,
        "EBITDA": 23729000.0,
        "EBIT": -5780000.0,
        "Net Interest Income": 30660000.0,
        "Interest Expense": 6209000.0,
        "Interest Income": 36869000.0,
        "Normalized Income": -10132900.0,
        "Net Income From Continuing And Discontinued Operation": -12100000.0,
        "Total Expenses": 1197729000.0,
        "Total Operating Income As Reported": -40179000.0,
        "Diluted Average Shares": 389307000.0,
        "Basic Average Shares": 389307000.0,
        "Diluted EPS": -0.03,
        "Basic EPS": -0.03,
        "Diluted NI Availto Com Stockholders": -12100000.0,
        "Net Income Common Stockholders": -12100000.0,
        "Net Income": -12100000.0,
        "Net Income Including Noncontrolling Interests": -12100000.0,
        "Net Income Continuous Operations": -12100000.0,
        "Tax Provision": 111000.0,
        "Pretax Income": -11989000.0,
        "Other Income Expense": -2470000.0,
        "Other Non Operating Income Expenses": 20000.0,
        "Special Income Charges": 0.0,
        "Other Special Charges": NaN,
        "Write Off": 0.0,
        "Earnings From Equity Interest": 0.0,
        "Gain On Sale Of Security": -2490000.0,
        "Net Non Operating Interest Income Expense": 30660000.0,
        "Interest Expense Non Operating": 6209000.0,
        "Interest Income Non Operating": 36869000.0,
        "Operating Income": -40179000.0,
        "Operating Expense": 553229000.0,
        "Other Operating Expenses": 118763000.0,
        "Research And Development": 109229000.0,
        "Selling General And Administration": 325237000.0,
        "Selling And Marketing Expense": 129947000.0,
        "General And Administrative Expense": 195290000.0,
        "Other Gand A": 195290000.0,
        "Salaries And Wages": NaN,
        "Gross Profit": 513050000.0,
        "Cost Of Revenue": 644500000.0,
        "Total Revenue": 1157550000.0,
        "Operating Revenue": 1157550000.0
    },
    "2023-12-31": {
        "Tax Effect Of Unusual Items": 697410.0,
        "Tax Rate For Calcs": 0.21,
        "Normalized EBITDA": 13125000.0,
        "Total Unusual Items": 3321000.0,
        "Total Unusual Items Excluding Goodwill": 3321000.0,
        "Net Income From Continuing Operation Net Minority Interest": -26309000.0,
        "Reconciled Depreciation": 31163000.0,
        "Reconciled Cost Of Revenue": 743863000.0,
        "EBITDA": 16446000.0,
        "EBIT": -14717000.0,
        "Net Interest Income": 31869000.0,
        "Interest Expense": 8430000.0,
        "Interest Income": 40299000.0,
        "Normalized Income": -28932590.0,
        "Net Income From Continuing And Discontinued Operation": -26309000.0,
        "Total Expenses": 1284736000.0,
        "Total Operating Income As Reported": -60151000.0,
        "Diluted Average Shares": NaN,
        "Basic Average Shares": NaN,
        "Diluted EPS": NaN,
        "Basic EPS": NaN,
        "Diluted NI Availto Com Stockholders": -26309000.0,
        "Net Income Common Stockholders": -26309000.0,
        "Net Income": -26309000.0,
        "Net Income Including Noncontrolling Interests": -26309000.0,
        "Net Income Continuous Operations": -26309000.0,
        "Tax Provision": 3162000.0,
        "Pretax Income": -23147000.0,
        "Other Income Expense": 5135000.0,
        "Other Non Operating Income Expenses": 1814000.0,
        "Special Income Charges": 0.0,
        "Other Special Charges": NaN,
        "Write Off": 0.0,
        "Earnings From Equity Interest": 0.0,
        "Gain On Sale Of Security": 3321000.0,
        "Net Non Operating Interest Income Expense": 31869000.0,
        "Interest Expense Non Operating": 8430000.0,
        "Interest Income Non Operating": 40299000.0,
        "Operating Income": -60151000.0,
        "Operating Expense": 540873000.0,
        "Other Operating Expenses": 101901000.0,
        "Research And Development": 95171000.0,
        "Selling General And Administration": 343801000.0,
        "Selling And Marketing Expense": 125949000.0,
        "General And Administrative Expense": 217852000.0,
        "Other Gand A": 217852000.0,
        "Salaries And Wages": NaN,
        "Gross Profit": 480722000.0,
        "Cost Of Revenue": 743863000.0,
        "Total Revenue": 1224585000.0,
        "Operating Revenue": 1224585000.0
    },
    "2024-03-31": {
        "Tax Effect Of Unusual Items": 600810.0,
        "Tax Rate For Calcs": 0.21,
        "Normalized EBITDA": 7653000.0,
        "Total Unusual Items": 2861000.0,
        "Total Unusual Items Excluding Goodwill": 2861000.0,
        "Net Income From Continuing Operation Net Minority Interest": -31535000.0,
        "Reconciled Depreciation": 32408000.0,
        "Reconciled Cost Of Revenue": 755362000.0,
        "EBITDA": 10514000.0,
        "EBIT": -21894000.0,
        "Net Interest Income": 31504000.0,
        "Interest Expense": 7048000.0,
        "Interest Income": 38552000.0,
        "Normalized Income": -33795190.0,
        "Net Income From Continuing And Discontinued Operation": -31535000.0,
        "Total Expenses": 1340152000.0,
        "Total Operating Income As Reported": -62951000.0,
        "Diluted Average Shares": 401553000.0,
        "Basic Average Shares": 401553000.0,
        "Diluted EPS": -0.08,
        "Basic EPS": -0.08,
        "Diluted NI Availto Com Stockholders": -31535000.0,
        "Net Income Common Stockholders": -31535000.0,
        "Net Income": -31535000.0,
        "Net Income Including Noncontrolling Interests": -31535000.0,
        "Net Income Continuous Operations": -31535000.0,
        "Tax Provision": 2593000.0,
        "Pretax Income": -28942000.0,
        "Other Income Expense": 2505000.0,
        "Other Non Operating Income Expenses": -356000.0,
        "Special Income Charges": 5100000.0,
        "Other Special Charges": -5100000.0,
        "Write Off": NaN,
        "Earnings From Equity Interest": NaN,
        "Gain On Sale Of Security": -2239000.0,
        "Net Non Operating Interest Income Expense": 31504000.0,
        "Interest Expense Non Operating": 7048000.0,
        "Interest Income Non Operating": 38552000.0,
        "Operating Income": -62951000.0,
        "Operating Expense": 584790000.0,
        "Other Operating Expenses": 103042000.0,
        "Research And Development": 100023000.0,
        "Selling General And Administration": 381725000.0,
        "Selling And Marketing Expense": 145472000.0,
        "General And Administrative Expense": 236253000.0,
        "Other Gand A": 236253000.0,
        "Salaries And Wages": NaN,
        "Gross Profit": 521839000.0,
        "Cost Of Revenue": 755362000.0,
        "Total Revenue": 1277201000.0,
        "Operating Revenue": 1277201000.0
    },
    "2024-06-30": {
        "Tax Effect Of Unusual Items": -267982.4,
        "Tax Rate For Calcs": 0.2696,
        "Normalized EBITDA": 53374000.0,
        "Total Unusual Items": -994000.0,
        "Total Unusual Items Excluding Goodwill": -994000.0,
        "Net Income From Continuing Operation Net Minority Interest": 5014000.0,
        "Reconciled Depreciation": 37663000.0,
        "Reconciled Cost Of Revenue": 819518000.0,
        "EBITDA": 52380000.0,
        "EBIT": 14717000.0,
        "Net Interest Income": 32227000.0,
        "Interest Expense": 7852000.0,
        "Interest Income": 40079000.0,
        "Normalized Income": 5740017.6,
        "Net Income From Continuing And Discontinued Operation": 5014000.0,
        "Total Expenses": 1463072000.0,
        "Total Operating Income As Reported": -27226000.0,
        "Diluted Average Shares": 411969000.0,
        "Basic Average Shares": 406512000.0,
        "Diluted EPS": 0.01,
        "Basic EPS": 0.01,
        "Diluted NI Availto Com Stockholders": 5014000.0,
        "Net Income Common Stockholders": 5014000.0,
        "Net Income": 5014000.0,
        "Net Income Including Noncontrolling Interests": 5014000.0,
        "Net Income Continuous Operations": 5014000.0,
        "Tax Provision": 1851000.0,
        "Pretax Income": 6865000.0,
        "Other Income Expense": 1864000.0,
        "Other Non Operating Income Expenses": 2858000.0,
        "Special Income Charges": NaN,
        "Other Special Charges": NaN,
        "Write Off": NaN,
        "Earnings From Equity Interest": 0.0,
        "Gain On Sale Of Security": -994000.0,
        "Net Non Operating Interest Income Expense": 32227000.0,
        "Interest Expense Non Operating": 7852000.0,
        "Interest Income Non Operating": 40079000.0,
        "Operating Income": -27226000.0,
        "Operating Expense": 643554000.0,
        "Other Operating Expenses": 115734000.0,
        "Research And Development": 98807000.0,
        "Selling General And Administration": 429013000.0,
        "Selling And Marketing Expense": 176370000.0,
        "General And Administrative Expense": 252643000.0,
        "Other Gand A": 252643000.0,
        "Salaries And Wages": NaN,
        "Gross Profit": 616328000.0,
        "Cost Of Revenue": 819518000.0,
        "Total Revenue": 1435846000.0,
        "Operating Revenue": 1435846000.0
    },
    "2024-09-30": {
        "Tax Effect Of Unusual Items": 73881.599023,
        "Tax Rate For Calcs": 0.052029,
        "Normalized EBITDA": 37952000.0,
        "Total Unusual Items": 1420000.0,
        "Total Unusual Items Excluding Goodwill": 1420000.0,
        "Net Income From Continuing Operation Net Minority Interest": -12426000.0,
        "Reconciled Depreciation": 45118000.0,
        "Reconciled Cost Of Revenue": 888255000.0,
        "EBITDA": 39372000.0,
        "EBIT": -5746000.0,
        "Net Interest Income": 36885000.0,
        "Interest Expense": 7362000.0,
        "Interest Income": 44247000.0,
        "Normalized Income": -13772118.400977,
        "Net Income From Continuing And Discontinued Operation": -12426000.0,
        "Total Expenses": 1579379000.0,
        "Total Operating Income As Reported": -56687000.0,
        "Diluted Average Shares": 412229000.0,
        "Basic Average Shares": 412229000.0,
        "Diluted EPS": -0.03,
        "Basic EPS": -0.03,
        "Diluted NI Availto Com Stockholders": -12426000.0,
        "Net Income Common Stockholders": -12426000.0,
        "Net Income": -12426000.0,
        "Net Income Including Noncontrolling Interests": -12426000.0,
        "Net Income Continuous Operations": -12426000.0,
        "Tax Provision": -682000.0,
        "Pretax Income": -13108000.0,
        "Other Income Expense": 6694000.0,
        "Other Non Operating Income Expenses": 5274000.0,
        "Special Income Charges": NaN,
        "Other Special Charges": NaN,
        "Write Off": NaN,
        "Earnings From Equity Interest": 0.0,
        "Gain On Sale Of Security": 1420000.0,
        "Net Non Operating Interest Income Expense": 36885000.0,
        "Interest Expense Non Operating": 7362000.0,
        "Interest Income Non Operating": 44247000.0,
        "Operating Income": -56687000.0,
        "Operating Expense": 691124000.0,
        "Other Operating Expenses": 117462000.0,
        "Research And Development": 104447000.0,
        "Selling General And Administration": 469215000.0,
        "Selling And Marketing Expense": 215779000.0,
        "General And Administrative Expense": 253436000.0,
        "Other Gand A": 253436000.0,
        "Salaries And Wages": NaN,
        "Gross Profit": 634437000.0,
        "Cost Of Revenue": 888255000.0,
        "Total Revenue": 1522692000.0,
        "Operating Revenue": 1522692000.0
    }
}