{
    "2023-06-30": {
        "Tax Effect Of Unusual Items": NaN,
        "Tax Rate For Calcs": NaN,
        "Total Unusual Items": NaN,
        "Total Unusual Items Excluding Goodwill": NaN,
        "Net Income From Continuing Operation Net Minority Interest": NaN,
        "Net Interest Income": NaN,
        "Interest Income": NaN,
        "Normalized Income": NaN,
        "Net Income From Continuing And Discontinued Operation": NaN,
        "Diluted Average Shares": NaN,
        "Basic Average Shares": NaN,
        "Diluted EPS": NaN,
        "Basic EPS": NaN,
        "Diluted NI Availto Com Stockholders": NaN,
        "Net Income Common Stockholders": NaN,
        "Otherunder Preferred Stock Dividend": NaN,
        "Net Income": NaN,
        "Minority Interests": -21000000.0,
        "Net Income Including Noncontrolling Interests": NaN,
        "Net Income Continuous Operations": NaN,
        "Tax Provision": NaN,
        "Pretax Income": NaN,
        "Special Income Charges": NaN,
        "Restructuring And Mergern Acquisition": NaN,
        "Operating Expense": NaN,
        "Other Operating Expenses": NaN,
        "Total Revenue": NaN,
        "Operating Revenue": NaN
    },
    "2023-03-31": {
        "Tax Effect Of Unusual Items": NaN,
        "Tax Rate For Calcs": NaN,
        "Total Unusual Items": -12000000.0,
        "Total Unusual Items Excluding Goodwill": -12000000.0,
        "Net Income From Continuing Operation Net Minority Interest": NaN,
        "Net Interest Income": NaN,
        "Interest Income": NaN,
        "Normalized Income": NaN,
        "Net Income From Continuing And Discontinued Operation": NaN,
        "Diluted Average Shares": 17159090909.0,
        "Basic Average Shares": 16413043478.0,
        "Diluted EPS": 0.088,
        "Basic EPS": 0.092,
        "Diluted NI Availto Com Stockholders": NaN,
        "Net Income Common Stockholders": NaN,
        "Otherunder Preferred Stock Dividend": NaN,
        "Net Income": NaN,
        "Minority Interests": NaN,
        "Net Income Including Noncontrolling Interests": NaN,
        "Net Income Continuous Operations": NaN,
        "Tax Provision": NaN,
        "Pretax Income": NaN,
        "Special Income Charges": -12000000.0,
        "Restructuring And Mergern Acquisition": 12000000.0,
        "Operating Expense": NaN,
        "Other Operating Expenses": NaN,
        "Total Revenue": NaN,
        "Operating Revenue": NaN
    },
    "2022-12-31": {
        "Tax Effect Of Unusual Items": 0.0,
        "Tax Rate For Calcs": 0.135873,
        "Total Unusual Items": NaN,
        "Total Unusual Items Excluding Goodwill": NaN,
        "Net Income From Continuing Operation Net Minority Interest": 1500000000.0,
        "Net Interest Income": 2896000000.0,
        "Interest Income": 6584000000.0,
        "Normalized Income": 1500000000.0,
        "Net Income From Continuing And Discontinued Operation": 1500000000.0,
        "Diluted Average Shares": NaN,
        "Basic Average Shares": NaN,
        "Diluted EPS": NaN,
        "Basic EPS": NaN,
        "Diluted NI Availto Com Stockholders": 1389000000.0,
        "Net Income Common Stockholders": 1389000000.0,
        "Otherunder Preferred Stock Dividend": 111000000.0,
        "Net Income": 1500000000.0,
        "Minority Interests": -20000000.0,
        "Net Income Including Noncontrolling Interests": 1520000000.0,
        "Net Income Continuous Operations": 1520000000.0,
        "Tax Provision": 239000000.0,
        "Pretax Income": 1759000000.0,
        "Special Income Charges": NaN,
        "Restructuring And Mergern Acquisition": NaN,
        "Operating Expense": 2646000000.0,
        "Other Operating Expenses": -4539000000.0,
        "Total Revenue": 4928000000.0,
        "Operating Revenue": 4928000000.0
    },
    "2022-09-30": {
        "Tax Effect Of Unusual Items": NaN,
        "Tax Rate For Calcs": NaN,
        "Total Unusual Items": NaN,
        "Total Unusual Items Excluding Goodwill": NaN,
        "Net Income From Continuing Operation Net Minority Interest": NaN,
        "Net Interest Income": NaN,
        "Interest Income": NaN,
        "Normalized Income": NaN,
        "Net Income From Continuing And Discontinued Operation": NaN,
        "Diluted Average Shares": 16866000000.0,
        "Basic Average Shares": 16866000000.0,
        "Diluted EPS": NaN,
        "Basic EPS": NaN,
        "Diluted NI Availto Com Stockholders": NaN,
        "Net Income Common Stockholders": NaN,
        "Otherunder Preferred Stock Dividend": NaN,
        "Net Income": NaN,
        "Minority Interests": NaN,
        "Net Income Including Noncontrolling Interests": NaN,
        "Net Income Continuous Operations": NaN,
        "Tax Provision": NaN,
        "Pretax Income": NaN,
        "Special Income Charges": NaN,
        "Restructuring And Mergern Acquisition": NaN,
        "Operating Expense": NaN,
        "Other Operating Expenses": NaN,
        "Total Revenue": NaN,
        "Operating Revenue": NaN
    },
    "2022-06-30": {
        "Tax Effect Of Unusual Items": 0.0,
        "Tax Rate For Calcs": 0.204122,
        "Net Income From Continuing Operation Net Minority Interest": 1579000000.0,
        "Net Interest Income": 4068000000.0,
        "Interest Income": 4297000000.0,
        "Normalized Income": 1579000000.0,
        "Net Income From Continuing And Discontinued Operation": 1579000000.0,
        "Diluted Average Shares": 17500785714.0,
        "Basic Average Shares": 17060285714.0,
        "Diluted EPS": 0.068,
        "Basic EPS": 0.068,
        "Diluted NI Availto Com Stockholders": 1365000000.0,
        "Net Income Common Stockholders": 1365000000.0,
        "Otherunder Preferred Stock Dividend": NaN,
        "Net Income": 1579000000.0,
        "Minority Interests": NaN,
        "Net Income Including Noncontrolling Interests": 1622000000.0,
        "Net Income Continuous Operations": 1622000000.0,
        "Tax Provision": 416000000.0,
        "Pretax Income": 2038000000.0,
        "Operating Expense": 2195000000.0,
        "Other Operating Expenses": -1021000000.0,
        "Total Revenue": 4589000000.0,
        "Operating Revenue": 4589000000.0
    },
    "2022-03-31": {
        "Diluted EPS": 0.08,
        "Total Revenue": 313,
        "Gross Profit": 313,
        "Operating Income": NaN,
        "EBIT": NaN,
        "Net Income": NaN
    },
    "2021-03-31": {
        "Diluted EPS": 0.1,
        "Total Revenue": NaN,
        "Gross Profit": NaN,
        "Operating Income": -996,
        "EBIT": NaN,
        "Net Income": NaN
    },
    "2020-03-31": {
        "Diluted EPS": 0.03,
        "Total Revenue": NaN,
        "Gross Profit": NaN,
        "Operating Income": NaN,
        "EBIT": NaN,
        "Net Income": 446
    },
    "2019-03-31": {
        "Diluted EPS": 0.08,
        "Total Revenue": NaN,
        "Gross Profit": NaN,
        "Operating Income": -306,
        "EBIT": NaN,
        "Net Income": NaN
    },
    "2017-03-31": {
        "Diluted EPS": 0.08,
        "Total Revenue": NaN,
        "Gross Profit": NaN,
        "Operating Income": -747,
        "EBIT": NaN,
        "Net Income": NaN
    },
    "2016-03-31": {
        "Diluted EPS": 0.03,
        "Total Revenue": 675,
        "Gross Profit": 675,
        "Operating Income": NaN,
        "EBIT": NaN,
        "Net Income": 447
    },
    "2015-12-31": {
        "Diluted EPS": -0.04,
        "Total Revenue": NaN,
        "Gross Profit": NaN,
        "Operating Income": NaN,
        "EBIT": NaN,
        "Net Income": -722
    },
    "2015-09-30": {
        "Diluted EPS": 0.05,
        "Total Revenue": NaN,
        "Gross Profit": NaN,
        "Operating Income": NaN,
        "EBIT": NaN,
        "Net Income": NaN
    },
    "2015-06-30": {
        "Diluted EPS": -0.01,
        "Total Revenue": NaN,
        "Gross Profit": NaN,
        "Operating Income": NaN,
        "EBIT": NaN,
        "Net Income": -60
    },
    "2015-03-31": {
        "Diluted EPS": 0.09,
        "Total Revenue": NaN,
        "Gross Profit": NaN,
        "Operating Income": NaN,
        "EBIT": NaN,
        "Net Income": NaN
    },
    "2014-12-31": {
        "Diluted EPS": 0.0,
        "Total Revenue": NaN,
        "Gross Profit": NaN,
        "Operating Income": NaN,
        "EBIT": NaN,
        "Net Income": 122
    },
    "2014-09-30": {
        "Diluted EPS": 0.05,
        "Total Revenue": NaN,
        "Gross Profit": NaN,
        "Operating Income": NaN,
        "EBIT": NaN,
        "Net Income": 952
    },
    "2014-06-30": {
        "Diluted EPS": -0.05,
        "Total Revenue": NaN,
        "Gross Profit": NaN,
        "Operating Income": NaN,
        "EBIT": NaN,
        "Net Income": -818
    },
    "2014-03-31": {
        "Diluted EPS": 0.11,
        "Total Revenue": NaN,
        "Gross Profit": NaN,
        "Operating Income": NaN,
        "EBIT": NaN,
        "Net Income": NaN
    },
    "2013-12-31": {
        "Diluted EPS": -0.11,
        "Total Revenue": NaN,
        "Gross Profit": NaN,
        "Operating Income": NaN,
        "EBIT": NaN,
        "Net Income": NaN
    },
    "2013-09-30": {
        "Diluted EPS": -0.12,
        "Total Revenue": NaN,
        "Gross Profit": NaN,
        "Operating Income": NaN,
        "EBIT": NaN,
        "Net Income": NaN
    },
    "2013-06-30": {
        "Diluted EPS": 0.0,
        "Total Revenue": NaN,
        "Gross Profit": NaN,
        "Operating Income": NaN,
        "EBIT": NaN,
        "Net Income": 46
    },
    "2013-03-31": {
        "Diluted EPS": 0.12,
        "Total Revenue": NaN,
        "Gross Profit": NaN,
        "Operating Income": NaN,
        "EBIT": NaN,
        "Net Income": NaN
    },
    "2012-12-31": {
        "Diluted EPS": -0.03,
        "Total Revenue": NaN,
        "Gross Profit": NaN,
        "Operating Income": NaN,
        "EBIT": NaN,
        "Net Income": -593
    },
    "2012-09-30": {
        "Diluted EPS": -0.03,
        "Total Revenue": NaN,
        "Gross Profit": NaN,
        "Operating Income": NaN,
        "EBIT": NaN,
        "Net Income": -596
    },
    "2012-06-30": {
        "Diluted EPS": 0.0,
        "Total Revenue": NaN,
        "Gross Profit": NaN,
        "Operating Income": NaN,
        "EBIT": NaN,
        "Net Income": NaN
    },
    "2012-03-31": {
        "Diluted EPS": 0.0,
        "Total Revenue": 814,
        "Gross Profit": NaN,
        "Operating Income": NaN,
        "EBIT": NaN,
        "Net Income": 3
    },
    "2011-12-31": {
        "Diluted EPS": 0.0,
        "Total Revenue": NaN,
        "Gross Profit": NaN,
        "Operating Income": NaN,
        "EBIT": NaN,
        "Net Income": NaN
    },
    "2011-09-30": {
        "Diluted EPS": 0.0,
        "Total Revenue": NaN,
        "Gross Profit": NaN,
        "Operating Income": NaN,
        "EBIT": NaN,
        "Net Income": NaN
    },
    "2011-06-30": {
        "Diluted EPS": 0.0,
        "Total Revenue": NaN,
        "Gross Profit": NaN,
        "Operating Income": NaN,
        "EBIT": NaN,
        "Net Income": NaN
    },
    "2010-12-31": {
        "Diluted EPS": 0.0,
        "Total Revenue": NaN,
        "Gross Profit": NaN,
        "Operating Income": NaN,
        "EBIT": NaN,
        "Net Income": NaN
    },
    "2010-06-30": {
        "Diluted EPS": 0.0,
        "Total Revenue": NaN,
        "Gross Profit": NaN,
        "Operating Income": NaN,
        "EBIT": NaN,
        "Net Income": NaN
    },
    "2009-12-31": {
        "Diluted EPS": 0.0,
        "Total Revenue": NaN,
        "Gross Profit": NaN,
        "Operating Income": NaN,
        "EBIT": NaN,
        "Net Income": NaN
    },
    "2009-06-30": {
        "Diluted EPS": 0.0,
        "Total Revenue": NaN,
        "Gross Profit": NaN,
        "Operating Income": NaN,
        "EBIT": NaN,
        "Net Income": NaN
    },
    "2023-09-30": {
        "Tax Effect Of Unusual Items": -4243272.335845,
        "Tax Rate For Calcs": 0.235737,
        "Total Unusual Items": -18000000.0,
        "Total Unusual Items Excluding Goodwill": -18000000.0,
        "Net Income From Continuing Operation Net Minority Interest": 1406000000.0,
        "Net Interest Income": 3313000000.0,
        "Interest Income": -2937000000.0,
        "Normalized Income": 1419756727.664155,
        "Net Income From Continuing And Discontinued Operation": 1406000000.0,
        "Diluted Average Shares": NaN,
        "Basic Average Shares": NaN,
        "Diluted EPS": NaN,
        "Basic EPS": NaN,
        "Diluted NI Availto Com Stockholders": 1268000000.0,
        "Net Income Common Stockholders": 1268000000.0,
        "Otherunder Preferred Stock Dividend": 138000000.0,
        "Net Income": 1406000000.0,
        "Minority Interests": -14000000.0,
        "Net Income Including Noncontrolling Interests": 1420000000.0,
        "Net Income Continuous Operations": 1420000000.0,
        "Tax Provision": 438000000.0,
        "Pretax Income": 1858000000.0,
        "Special Income Charges": -18000000.0,
        "Restructuring And Mergern Acquisition": -51000000.0,
        "Operating Expense": 2252000000.0,
        "Other Operating Expenses": 5679000000.0,
        "Total Revenue": 4306000000.0,
        "Operating Revenue": 4306000000.0
    },
    "2023-12-31": {
        "Tax Effect Of Unusual Items": -159404507.042254,
        "Tax Rate For Calcs": 0.304789,
        "Total Unusual Items": -523000000.0,
        "Total Unusual Items Excluding Goodwill": -523000000.0,
        "Net Income From Continuing Operation Net Minority Interest": 1227000000.0,
        "Net Interest Income": 3187000000.0,
        "Interest Income": 17940000000.0,
        "Normalized Income": 1590595492.957746,
        "Net Income From Continuing And Discontinued Operation": 1227000000.0,
        "Diluted Average Shares": NaN,
        "Basic Average Shares": NaN,
        "Diluted EPS": NaN,
        "Basic EPS": NaN,
        "Diluted NI Availto Com Stockholders": 1093000000.0,
        "Net Income Common Stockholders": 1093000000.0,
        "Otherunder Preferred Stock Dividend": 134000000.0,
        "Net Income": 1227000000.0,
        "Minority Interests": -7000000.0,
        "Net Income Including Noncontrolling Interests": 1234000000.0,
        "Net Income Continuous Operations": 1234000000.0,
        "Tax Provision": 541000000.0,
        "Pretax Income": 1775000000.0,
        "Special Income Charges": -436000000.0,
        "Restructuring And Mergern Acquisition": 353000000.0,
        "Operating Expense": 3615000000.0,
        "Other Operating Expenses": -3652000000.0,
        "Total Revenue": 5313000000.0,
        "Operating Revenue": 5313000000.0
    },
    "2024-03-31": {
        "Tax Effect Of Unusual Items": 0.0,
        "Tax Rate For Calcs": 0.253686,
        "Total Unusual Items": -12000000.0,
        "Total Unusual Items Excluding Goodwill": -12000000.0,
        "Net Income From Continuing Operation Net Minority Interest": 1204000000.0,
        "Net Interest Income": 3045000000.0,
        "Interest Income": 3045000000.0,
        "Normalized Income": 1204000000.0,
        "Net Income From Continuing And Discontinued Operation": 1204000000.0,
        "Diluted Average Shares": 15720588235.0,
        "Basic Average Shares": 15720588235.0,
        "Diluted EPS": 0.068,
        "Basic EPS": 0.068,
        "Diluted NI Availto Com Stockholders": 1069000000.0,
        "Net Income Common Stockholders": 1069000000.0,
        "Otherunder Preferred Stock Dividend": 135000000.0,
        "Net Income": 1204000000.0,
        "Minority Interests": -11000000.0,
        "Net Income Including Noncontrolling Interests": 1215000000.0,
        "Net Income Continuous Operations": 1215000000.0,
        "Tax Provision": 413000000.0,
        "Pretax Income": 1628000000.0,
        "Special Income Charges": -12000000.0,
        "Restructuring And Mergern Acquisition": 12000000.0,
        "Operating Expense": 2703000000.0,
        "Other Operating Expenses": 2703000000.0,
        "Total Revenue": 4387000000.0,
        "Operating Revenue": 4387000000.0
    },
    "2024-06-30": {
        "Tax Effect Of Unusual Items": 0.0,
        "Tax Rate For Calcs": 0.275354,
        "Total Unusual Items": NaN,
        "Total Unusual Items Excluding Goodwill": NaN,
        "Net Income From Continuing Operation Net Minority Interest": 1210000000.0,
        "Net Interest Income": 3001000000.0,
        "Interest Income": 12390000000.0,
        "Normalized Income": 1210000000.0,
        "Net Income From Continuing And Discontinued Operation": 1210000000.0,
        "Diluted Average Shares": NaN,
        "Basic Average Shares": NaN,
        "Diluted EPS": NaN,
        "Basic EPS": NaN,
        "Diluted NI Availto Com Stockholders": 1076000000.0,
        "Net Income Common Stockholders": 1076000000.0,
        "Otherunder Preferred Stock Dividend": 134000000.0,
        "Net Income": 1210000000.0,
        "Minority Interests": -19000000.0,
        "Net Income Including Noncontrolling Interests": 1229000000.0,
        "Net Income Continuous Operations": 1229000000.0,
        "Tax Provision": 467000000.0,
        "Pretax Income": 1696000000.0,
        "Special Income Charges": NaN,
        "Restructuring And Mergern Acquisition": NaN,
        "Operating Expense": 2885000000.0,
        "Other Operating Expenses": -1243000000.0,
        "Total Revenue": 4807000000.0,
        "Operating Revenue": 4807000000.0
    },
    "2024-09-30": {
        "Tax Effect Of Unusual Items": 39780581.459133,
        "Tax Rate For Calcs": 0.268788,
        "Total Unusual Items": 148000000.0,
        "Total Unusual Items Excluding Goodwill": 148000000.0,
        "Net Income From Continuing Operation Net Minority Interest": 1363000000.0,
        "Net Interest Income": 3079000000.0,
        "Interest Income": -6310000000.0,
        "Normalized Income": 1254780581.459133,
        "Net Income From Continuing And Discontinued Operation": 1363000000.0,
        "Diluted Average Shares": NaN,
        "Basic Average Shares": NaN,
        "Diluted EPS": NaN,
        "Basic EPS": NaN,
        "Diluted NI Availto Com Stockholders": 1210000000.0,
        "Net Income Common Stockholders": 1210000000.0,
        "Otherunder Preferred Stock Dividend": 153000000.0,
        "Net Income": 1363000000.0,
        "Minority Interests": NaN,
        "Net Income Including Noncontrolling Interests": 1333000000.0,
        "Net Income Continuous Operations": 1333000000.0,
        "Tax Provision": 490000000.0,
        "Pretax Income": 1823000000.0,
        "Special Income Charges": 148000000.0,
        "Restructuring And Mergern Acquisition": -193000000.0,
        "Operating Expense": 2449000000.0,
        "Other Operating Expenses": 6577000000.0,
        "Total Revenue": 4283000000.0,
        "Operating Revenue": 4283000000.0
    }
}