{
    "2023-03-31": {
        "Tax Effect Of Unusual Items": 0.0,
        "Tax Rate For Calcs": 0.325874,
        "Normalized EBITDA": 7732000.0,
        "Total Unusual Items": 0.0,
        "Total Unusual Items Excluding Goodwill": 0.0,
        "Net Income From Continuing Operation Net Minority Interest": 4669000.0,
        "Reconciled Depreciation": 2455000.0,
        "Reconciled Cost Of Revenue": 85266000.0,
        "EBIT": 7732000.0,
        "Net Interest Income": -877000.0,
        "Interest Expense": 877000.0,
        "Interest Income": NaN,
        "Normalized Income": 4669000.0,
        "Net Income From Continuing And Discontinued Operation": 4669000.0,
        "Total Expenses": 109738000.0,
        "Total Operating Income As Reported": 7732000.0,
        "Diluted Average Shares": 29611000.0,
        "Basic Average Shares": 28306000.0,
        "Diluted EPS": 0.16,
        "Basic EPS": 0.16,
        "Diluted NI Availto Com Stockholders": 4669000.0,
        "Net Income Common Stockholders": 4669000.0,
        "Net Income": 4669000.0,
        "Net Income Including Noncontrolling Interests": 4669000.0,
        "Net Income Continuous Operations": 4669000.0,
        "Tax Provision": 2257000.0,
        "Pretax Income": 6926000.0,
        "Other Income Expense": 71000.0,
        "Other Non Operating Income Expenses": 71000.0,
        "Special Income Charges": 0.0,
        "Restructuring And Mergern Acquisition": 0.0,
        "Net Non Operating Interest Income Expense": -877000.0,
        "Total Other Finance Cost": 877000.0,
        "Interest Expense Non Operating": 877000.0,
        "Interest Income Non Operating": NaN,
        "Operating Income": 7732000.0,
        "Operating Expense": 24472000.0,
        "Selling General And Administration": 24472000.0,
        "Selling And Marketing Expense": 24397000.0,
        "General And Administrative Expense": 75000.0,
        "Other Gand A": 75000.0,
        "Gross Profit": 32204000.0,
        "Cost Of Revenue": 85266000.0,
        "Total Revenue": 117470000.0,
        "Operating Revenue": 117470000.0
    },
    "2022-12-31": {
        "Tax Effect Of Unusual Items": -2714.741544,
        "Tax Rate For Calcs": 0.180983,
        "Normalized EBITDA": 9108000.0,
        "Total Unusual Items": -15000.0,
        "Total Unusual Items Excluding Goodwill": -15000.0,
        "Net Income From Continuing Operation Net Minority Interest": 6417000.0,
        "Reconciled Depreciation": 2419000.0,
        "Reconciled Cost Of Revenue": 94664000.0,
        "EBIT": 9093000.0,
        "Net Interest Income": -1258000.0,
        "Interest Expense": 1258000.0,
        "Interest Income": NaN,
        "Normalized Income": 6429285.258456,
        "Net Income From Continuing And Discontinued Operation": 6417000.0,
        "Total Expenses": 119750000.0,
        "Total Operating Income As Reported": 9039000.0,
        "Diluted Average Shares": 29204000.0,
        "Basic Average Shares": 28078000.0,
        "Diluted EPS": 0.22,
        "Basic EPS": 0.23,
        "Diluted NI Availto Com Stockholders": 6417000.0,
        "Net Income Common Stockholders": 6417000.0,
        "Net Income": 6417000.0,
        "Net Income Including Noncontrolling Interests": 6417000.0,
        "Net Income Continuous Operations": 6417000.0,
        "Tax Provision": 1418000.0,
        "Pretax Income": 7835000.0,
        "Other Income Expense": 39000.0,
        "Other Non Operating Income Expenses": 54000.0,
        "Special Income Charges": -15000.0,
        "Restructuring And Mergern Acquisition": 15000.0,
        "Net Non Operating Interest Income Expense": -1258000.0,
        "Total Other Finance Cost": NaN,
        "Interest Expense Non Operating": 1258000.0,
        "Interest Income Non Operating": NaN,
        "Operating Income": 9054000.0,
        "Operating Expense": 25086000.0,
        "Selling General And Administration": 25086000.0,
        "Selling And Marketing Expense": 24600000.0,
        "General And Administrative Expense": 486000.0,
        "Other Gand A": 486000.0,
        "Gross Profit": 34140000.0,
        "Cost Of Revenue": 94664000.0,
        "Total Revenue": 128804000.0,
        "Operating Revenue": 128804000.0
    },
    "2022-09-30": {
        "Tax Effect Of Unusual Items": 0.0,
        "Tax Rate For Calcs": 0.305765,
        "Normalized EBITDA": 9808000.0,
        "Total Unusual Items": NaN,
        "Total Unusual Items Excluding Goodwill": NaN,
        "Net Income From Continuing Operation Net Minority Interest": 6262000.0,
        "Reconciled Depreciation": 2421000.0,
        "Reconciled Cost Of Revenue": 92331000.0,
        "EBIT": 9808000.0,
        "Net Interest Income": -788000.0,
        "Interest Expense": 788000.0,
        "Interest Income": NaN,
        "Normalized Income": 6262000.0,
        "Net Income From Continuing And Discontinued Operation": 6262000.0,
        "Total Expenses": 117048000.0,
        "Total Operating Income As Reported": 10021000.0,
        "Diluted Average Shares": 28664000.0,
        "Basic Average Shares": 27641000.0,
        "Diluted EPS": 0.22,
        "Basic EPS": 0.23,
        "Diluted NI Availto Com Stockholders": 6262000.0,
        "Net Income Common Stockholders": 6262000.0,
        "Net Income": 6262000.0,
        "Net Income Including Noncontrolling Interests": 6262000.0,
        "Net Income Continuous Operations": 6262000.0,
        "Tax Provision": 2758000.0,
        "Pretax Income": 9020000.0,
        "Other Income Expense": -213000.0,
        "Other Non Operating Income Expenses": -213000.0,
        "Special Income Charges": NaN,
        "Restructuring And Mergern Acquisition": NaN,
        "Net Non Operating Interest Income Expense": -788000.0,
        "Total Other Finance Cost": NaN,
        "Interest Expense Non Operating": 788000.0,
        "Interest Income Non Operating": NaN,
        "Operating Income": 10021000.0,
        "Operating Expense": 24717000.0,
        "Selling General And Administration": 24717000.0,
        "Selling And Marketing Expense": NaN,
        "General And Administrative Expense": NaN,
        "Other Gand A": NaN,
        "Gross Profit": 34738000.0,
        "Cost Of Revenue": 92331000.0,
        "Total Revenue": 127069000.0,
        "Operating Revenue": 127069000.0
    },
    "2022-06-30": {
        "Tax Effect Of Unusual Items": -1507.682659,
        "Tax Rate For Calcs": 0.18846,
        "Normalized EBITDA": 7068000.0,
        "Total Unusual Items": -8000.0,
        "Total Unusual Items Excluding Goodwill": -8000.0,
        "Net Income From Continuing Operation Net Minority Interest": 5176000.0,
        "Reconciled Depreciation": 2486000.0,
        "Reconciled Cost Of Revenue": 95012000.0,
        "EBIT": 7060000.0,
        "Net Interest Income": -682000.0,
        "Interest Expense": 682000.0,
        "Interest Income": 0.0,
        "Normalized Income": 5182492.317341,
        "Net Income From Continuing And Discontinued Operation": 5176000.0,
        "Total Expenses": 120287000.0,
        "Total Operating Income As Reported": 7175000.0,
        "Diluted Average Shares": 28146000.0,
        "Basic Average Shares": 27485000.0,
        "Diluted EPS": 0.18,
        "Basic EPS": 0.19,
        "Diluted NI Availto Com Stockholders": 5176000.0,
        "Net Income Common Stockholders": 5176000.0,
        "Net Income": 5176000.0,
        "Net Income Including Noncontrolling Interests": 5176000.0,
        "Net Income Continuous Operations": 5176000.0,
        "Tax Provision": 1202000.0,
        "Pretax Income": 6378000.0,
        "Other Income Expense": -123000.0,
        "Other Non Operating Income Expenses": -115000.0,
        "Special Income Charges": -8000.0,
        "Restructuring And Mergern Acquisition": 8000.0,
        "Net Non Operating Interest Income Expense": -682000.0,
        "Total Other Finance Cost": NaN,
        "Interest Expense Non Operating": 682000.0,
        "Interest Income Non Operating": 0.0,
        "Operating Income": 7183000.0,
        "Operating Expense": 25275000.0,
        "Selling General And Administration": 25275000.0,
        "Selling And Marketing Expense": NaN,
        "General And Administrative Expense": NaN,
        "Other Gand A": NaN,
        "Gross Profit": 32458000.0,
        "Cost Of Revenue": 95012000.0,
        "Total Revenue": 127470000.0,
        "Operating Revenue": 127470000.0
    },
    "2022-03-31": {
        "Diluted EPS": 0.13,
        "Total Revenue": 110,
        "Gross Profit": 27,
        "Operating Income": 5,
        "EBIT": 8,
        "Net Income": 4
    },
    "2021-12-31": {
        "Diluted EPS": 0.11,
        "Total Revenue": 111,
        "Gross Profit": 25,
        "Operating Income": 4,
        "EBIT": 7,
        "Net Income": 3
    },
    "2021-09-30": {
        "Diluted EPS": 0.11,
        "Total Revenue": 106,
        "Gross Profit": 25,
        "Operating Income": 4,
        "EBIT": 7,
        "Net Income": 3
    },
    "2021-06-30": {
        "Diluted EPS": 0.01,
        "Total Revenue": 97,
        "Gross Profit": 23,
        "Operating Income": 1,
        "EBIT": 3,
        "Net Income": 0
    },
    "2021-03-31": {
        "Diluted EPS": 0.05,
        "Total Revenue": 72,
        "Gross Profit": 18,
        "Operating Income": 2,
        "EBIT": 4,
        "Net Income": 1
    },
    "2020-12-31": {
        "Diluted EPS": 0.08,
        "Total Revenue": 76,
        "Gross Profit": 20,
        "Operating Income": 3,
        "EBIT": 5,
        "Net Income": 2
    },
    "2020-09-30": {
        "Diluted EPS": 0.07,
        "Total Revenue": 70,
        "Gross Profit": 18,
        "Operating Income": 2,
        "EBIT": 4,
        "Net Income": 2
    },
    "2020-06-30": {
        "Diluted EPS": 0.05,
        "Total Revenue": 63,
        "Gross Profit": 16,
        "Operating Income": 2,
        "EBIT": 4,
        "Net Income": 2
    },
    "2020-03-31": {
        "Diluted EPS": 0.07,
        "Total Revenue": 71,
        "Gross Profit": 16,
        "Operating Income": 3,
        "EBIT": 5,
        "Net Income": 2
    },
    "2019-12-31": {
        "Diluted EPS": 0.07,
        "Total Revenue": 82,
        "Gross Profit": 20,
        "Operating Income": 2,
        "EBIT": 4,
        "Net Income": 2
    },
    "2019-09-30": {
        "Diluted EPS": 0.17,
        "Total Revenue": 89,
        "Gross Profit": 22,
        "Operating Income": 7,
        "EBIT": 9,
        "Net Income": 4
    },
    "2019-06-30": {
        "Diluted EPS": 0.03,
        "Total Revenue": 82,
        "Gross Profit": 17,
        "Operating Income": 0,
        "EBIT": 2,
        "Net Income": 1
    },
    "2019-03-31": {
        "Diluted EPS": -0.12,
        "Total Revenue": 73,
        "Gross Profit": 15,
        "Operating Income": -2,
        "EBIT": 0,
        "Net Income": -3
    },
    "2018-12-31": {
        "Diluted EPS": -0.61,
        "Total Revenue": 90,
        "Gross Profit": 20,
        "Operating Income": -20,
        "EBIT": 2,
        "Net Income": -16
    },
    "2018-09-30": {
        "Diluted EPS": 0.07,
        "Total Revenue": 85,
        "Gross Profit": 21,
        "Operating Income": 3,
        "EBIT": 6,
        "Net Income": 2
    },
    "2018-06-30": {
        "Diluted EPS": -0.1,
        "Total Revenue": 83,
        "Gross Profit": 20,
        "Operating Income": -2,
        "EBIT": 0,
        "Net Income": -3
    },
    "2018-03-31": {
        "Diluted EPS": 0.01,
        "Total Revenue": 79,
        "Gross Profit": 20,
        "Operating Income": 1,
        "EBIT": 3,
        "Net Income": 0
    },
    "2017-12-31": {
        "Diluted EPS": -0.06,
        "Total Revenue": 92,
        "Gross Profit": 25,
        "Operating Income": 5,
        "EBIT": 7,
        "Net Income": -1
    },
    "2017-09-30": {
        "Diluted EPS": -0.61,
        "Total Revenue": 87,
        "Gross Profit": 24,
        "Operating Income": -25,
        "EBIT": 6,
        "Net Income": -16
    },
    "2017-06-30": {
        "Diluted EPS": 0.03,
        "Total Revenue": 83,
        "Gross Profit": 21,
        "Operating Income": 0,
        "EBIT": 3,
        "Net Income": 1
    },
    "2017-03-31": {
        "Diluted EPS": -0.02,
        "Total Revenue": 78,
        "Gross Profit": 18,
        "Operating Income": -1,
        "EBIT": 2,
        "Net Income": -1
    },
    "2016-12-31": {
        "Diluted EPS": 0.08,
        "Total Revenue": 86,
        "Gross Profit": 21,
        "Operating Income": 3,
        "EBIT": 5,
        "Net Income": 2
    },
    "2016-09-30": {
        "Diluted EPS": 0.03,
        "Total Revenue": 84,
        "Gross Profit": 21,
        "Operating Income": 1,
        "EBIT": 3,
        "Net Income": 1
    },
    "2016-06-30": {
        "Diluted EPS": 0.05,
        "Total Revenue": 81,
        "Gross Profit": 20,
        "Operating Income": 2,
        "EBIT": 4,
        "Net Income": 1
    },
    "2016-03-31": {
        "Diluted EPS": 0.02,
        "Total Revenue": 71,
        "Gross Profit": 17,
        "Operating Income": 1,
        "EBIT": 2,
        "Net Income": 1
    },
    "2015-12-31": {
        "Diluted EPS": 0.15,
        "Total Revenue": 85,
        "Gross Profit": 24,
        "Operating Income": 5,
        "EBIT": 7,
        "Net Income": 4
    },
    "2015-09-30": {
        "Diluted EPS": 0.15,
        "Total Revenue": 86,
        "Gross Profit": 23,
        "Operating Income": 6,
        "EBIT": 7,
        "Net Income": 4
    },
    "2015-06-30": {
        "Diluted EPS": 0.07,
        "Total Revenue": 76,
        "Gross Profit": 19,
        "Operating Income": 2,
        "EBIT": 4,
        "Net Income": 2
    },
    "2015-03-31": {
        "Diluted EPS": 0.02,
        "Total Revenue": 69,
        "Gross Profit": 16,
        "Operating Income": 1,
        "EBIT": 2,
        "Net Income": 0
    },
    "2014-12-31": {
        "Diluted EPS": 0.06,
        "Total Revenue": 85,
        "Gross Profit": 21,
        "Operating Income": 2,
        "EBIT": 4,
        "Net Income": 2
    },
    "2014-09-30": {
        "Diluted EPS": 0.06,
        "Total Revenue": 78,
        "Gross Profit": 19,
        "Operating Income": 3,
        "EBIT": 4,
        "Net Income": 2
    },
    "2014-06-30": {
        "Diluted EPS": -0.04,
        "Total Revenue": 74,
        "Gross Profit": 16,
        "Operating Income": -1,
        "EBIT": 1,
        "Net Income": -1
    },
    "2014-03-31": {
        "Diluted EPS": -0.04,
        "Total Revenue": 69,
        "Gross Profit": 14,
        "Operating Income": -1,
        "EBIT": 1,
        "Net Income": -1
    },
    "2013-12-31": {
        "Diluted EPS": 0.04,
        "Total Revenue": 76,
        "Gross Profit": 17,
        "Operating Income": 2,
        "EBIT": 3,
        "Net Income": 1
    },
    "2013-09-30": {
        "Diluted EPS": 0.08,
        "Total Revenue": 80,
        "Gross Profit": 19,
        "Operating Income": 3,
        "EBIT": 4,
        "Net Income": 2
    },
    "2013-06-30": {
        "Diluted EPS": 0.02,
        "Total Revenue": 69,
        "Gross Profit": 15,
        "Operating Income": 1,
        "EBIT": 3,
        "Net Income": 1
    },
    "2013-03-31": {
        "Diluted EPS": -0.01,
        "Total Revenue": 66,
        "Gross Profit": 14,
        "Operating Income": -1,
        "EBIT": 2,
        "Net Income": 0
    },
    "2012-12-31": {
        "Diluted EPS": -0.1,
        "Total Revenue": 71,
        "Gross Profit": 14,
        "Operating Income": -3,
        "EBIT": 1,
        "Net Income": -2
    },
    "2012-09-30": {
        "Diluted EPS": 0.08,
        "Total Revenue": 75,
        "Gross Profit": 18,
        "Operating Income": 3,
        "EBIT": 5,
        "Net Income": 2
    },
    "2012-06-30": {
        "Diluted EPS": 0.07,
        "Total Revenue": 71,
        "Gross Profit": 17,
        "Operating Income": 3,
        "EBIT": 5,
        "Net Income": 2
    },
    "2012-03-31": {
        "Diluted EPS": -0.02,
        "Total Revenue": 63,
        "Gross Profit": 13,
        "Operating Income": 0,
        "EBIT": 2,
        "Net Income": 0
    },
    "2011-12-31": {
        "Diluted EPS": 0.03,
        "Total Revenue": 69,
        "Gross Profit": 15,
        "Operating Income": 1,
        "EBIT": 3,
        "Net Income": 1
    },
    "2011-09-30": {
        "Diluted EPS": 0.05,
        "Total Revenue": 65,
        "Gross Profit": 15,
        "Operating Income": 2,
        "EBIT": 4,
        "Net Income": 1
    },
    "2011-06-30": {
        "Diluted EPS": 0.05,
        "Total Revenue": 74,
        "Gross Profit": 17,
        "Operating Income": 3,
        "EBIT": 5,
        "Net Income": 1
    },
    "2011-03-31": {
        "Diluted EPS": 0.09,
        "Total Revenue": 65,
        "Gross Profit": 16,
        "Operating Income": 2,
        "EBIT": 4,
        "Net Income": 2
    },
    "2010-12-31": {
        "Diluted EPS": 0.12,
        "Total Revenue": 75,
        "Gross Profit": 19,
        "Operating Income": 5,
        "EBIT": 7,
        "Net Income": 3
    },
    "2010-09-30": {
        "Diluted EPS": 0.18,
        "Total Revenue": 80,
        "Gross Profit": 21,
        "Operating Income": 7,
        "EBIT": 9,
        "Net Income": 4
    },
    "2010-06-30": {
        "Diluted EPS": 0.02,
        "Total Revenue": 64,
        "Gross Profit": 14,
        "Operating Income": 0,
        "EBIT": 2,
        "Net Income": 1
    },
    "2010-03-31": {
        "Diluted EPS": -0.1,
        "Total Revenue": 53,
        "Gross Profit": 9,
        "Operating Income": -4,
        "EBIT": -2,
        "Net Income": -3
    },
    "2009-12-31": {
        "Diluted EPS": 0.07,
        "Total Revenue": 69,
        "Gross Profit": 16,
        "Operating Income": 3,
        "EBIT": 5,
        "Net Income": 2
    },
    "2009-09-30": {
        "Diluted EPS": 0.07,
        "Total Revenue": 68,
        "Gross Profit": 17,
        "Operating Income": 2,
        "EBIT": 4,
        "Net Income": 2
    },
    "2009-06-30": {
        "Diluted EPS": -0.02,
        "Total Revenue": 50,
        "Gross Profit": 12,
        "Operating Income": -1,
        "EBIT": 1,
        "Net Income": 0
    },
    "2009-03-31": {
        "Diluted EPS": -0.11,
        "Total Revenue": 47,
        "Gross Profit": 9,
        "Operating Income": -4,
        "EBIT": -1,
        "Net Income": -2
    },
    "2023-06-30": {
        "Tax Effect Of Unusual Items": -2367.731797,
        "Tax Rate For Calcs": 0.118387,
        "Normalized EBITDA": 10329000.0,
        "Total Unusual Items": -20000.0,
        "Total Unusual Items Excluding Goodwill": -20000.0,
        "Net Income From Continuing Operation Net Minority Interest": 8415000.0,
        "Reconciled Depreciation": NaN,
        "Reconciled Cost Of Revenue": 87773000.0,
        "EBIT": 10309000.0,
        "Net Interest Income": -764000.0,
        "Interest Expense": 764000.0,
        "Interest Income": NaN,
        "Normalized Income": 8432632.268203,
        "Net Income From Continuing And Discontinued Operation": 8415000.0,
        "Total Expenses": 113379000.0,
        "Total Operating Income As Reported": 10237000.0,
        "Diluted Average Shares": 29680000.0,
        "Basic Average Shares": 28471000.0,
        "Diluted EPS": 0.28,
        "Basic EPS": 0.3,
        "Diluted NI Availto Com Stockholders": 8415000.0,
        "Net Income Common Stockholders": 8415000.0,
        "Net Income": 8415000.0,
        "Net Income Including Noncontrolling Interests": 8415000.0,
        "Net Income Continuous Operations": 8415000.0,
        "Tax Provision": 1130000.0,
        "Pretax Income": 9545000.0,
        "Other Income Expense": 52000.0,
        "Other Non Operating Income Expenses": 72000.0,
        "Special Income Charges": -20000.0,
        "Restructuring And Mergern Acquisition": 20000.0,
        "Net Non Operating Interest Income Expense": -764000.0,
        "Total Other Finance Cost": NaN,
        "Interest Expense Non Operating": 764000.0,
        "Interest Income Non Operating": NaN,
        "Operating Income": 10257000.0,
        "Operating Expense": 25606000.0,
        "Selling General And Administration": 25606000.0,
        "Selling And Marketing Expense": 25606000.0,
        "General And Administrative Expense": NaN,
        "Other Gand A": NaN,
        "Gross Profit": 35863000.0,
        "Cost Of Revenue": 87773000.0,
        "Total Revenue": 123636000.0,
        "Operating Revenue": 123636000.0
    }
}