{
    "2023-04-30": {
        "Tax Effect Of Unusual Items": 0.0,
        "Tax Rate For Calcs": 0.247617,
        "Normalized EBITDA": 75968000.0,
        "Net Income From Continuing Operation Net Minority Interest": 34373000.0,
        "Reconciled Depreciation": 29799000.0,
        "Reconciled Cost Of Revenue": 301211000.0,
        "EBIT": 46169000.0,
        "Net Interest Income": 2924000.0,
        "Interest Expense": 122000.0,
        "Interest Income": 3046000.0,
        "Normalized Income": 34373000.0,
        "Net Income From Continuing And Discontinued Operation": 34373000.0,
        "Total Expenses": 507214000.0,
        "Total Operating Income As Reported": 54073000.0,
        "Diluted Average Shares": 43627000.0,
        "Basic Average Shares": 43259000.0,
        "Diluted EPS": 0.78,
        "Basic EPS": 0.79,
        "Diluted NI Availto Com Stockholders": 34373000.0,
        "Net Income Common Stockholders": 34373000.0,
        "Otherunder Preferred Stock Dividend": 0.0,
        "Net Income": 34373000.0,
        "Minority Interests": -272000.0,
        "Net Income Including Noncontrolling Interests": 34645000.0,
        "Net Income Continuous Operations": 34645000.0,
        "Tax Provision": 11402000.0,
        "Pretax Income": 46047000.0,
        "Other Income Expense": -10950000.0,
        "Other Non Operating Income Expenses": -10950000.0,
        "Net Non Operating Interest Income Expense": 2924000.0,
        "Interest Expense Non Operating": 122000.0,
        "Interest Income Non Operating": 3046000.0,
        "Operating Income": 54073000.0,
        "Operating Expense": 206003000.0,
        "Selling General And Administration": 206003000.0,
        "Gross Profit": 260076000.0,
        "Cost Of Revenue": 301211000.0,
        "Total Revenue": 561287000.0,
        "Operating Revenue": 561287000.0
    },
    "2023-01-31": {
        "Tax Effect Of Unusual Items": 0.0,
        "Tax Rate For Calcs": 0.277,
        "Normalized EBITDA": 72857000.0,
        "Net Income From Continuing Operation Net Minority Interest": 31726000.0,
        "Reconciled Depreciation": 29067000.0,
        "Reconciled Cost Of Revenue": 326296000.0,
        "EBIT": 43790000.0,
        "Net Interest Income": 1876000.0,
        "Interest Expense": 136000.0,
        "Interest Income": 2012000.0,
        "Normalized Income": 31726000.0,
        "Net Income From Continuing And Discontinued Operation": 31726000.0,
        "Total Expenses": 529883000.0,
        "Total Operating Income As Reported": 42840000.0,
        "Diluted Average Shares": 43137000.0,
        "Basic Average Shares": 43137000.0,
        "Diluted EPS": 0.74,
        "Basic EPS": 0.74,
        "Diluted NI Availto Com Stockholders": 31726000.0,
        "Net Income Common Stockholders": 31726000.0,
        "Otherunder Preferred Stock Dividend": 0.0,
        "Net Income": 31726000.0,
        "Minority Interests": 149000.0,
        "Net Income Including Noncontrolling Interests": 31577000.0,
        "Net Income Continuous Operations": 31577000.0,
        "Tax Provision": 12077000.0,
        "Pretax Income": 43654000.0,
        "Other Income Expense": -1062000.0,
        "Other Non Operating Income Expenses": -1062000.0,
        "Net Non Operating Interest Income Expense": 1876000.0,
        "Interest Expense Non Operating": 136000.0,
        "Interest Income Non Operating": 2012000.0,
        "Operating Income": 42840000.0,
        "Operating Expense": 203587000.0,
        "Selling General And Administration": 203587000.0,
        "Gross Profit": 246427000.0,
        "Cost Of Revenue": 326296000.0,
        "Total Revenue": 572723000.0,
        "Operating Revenue": 572723000.0
    },
    "2022-10-31": {
        "Tax Effect Of Unusual Items": 0.0,
        "Tax Rate For Calcs": 0.258,
        "Normalized EBITDA": 92681000.0,
        "Net Income From Continuing Operation Net Minority Interest": 46077000.0,
        "Reconciled Depreciation": 29477000.0,
        "Reconciled Cost Of Revenue": 350596000.0,
        "EBIT": 63204000.0,
        "Net Interest Income": 1019000.0,
        "Interest Expense": 119000.0,
        "Interest Income": 1138000.0,
        "Normalized Income": 46077000.0,
        "Net Income From Continuing And Discontinued Operation": 46077000.0,
        "Total Expenses": 549449000.0,
        "Total Operating Income As Reported": 61883000.0,
        "Diluted Average Shares": 43182000.0,
        "Basic Average Shares": 43104000.0,
        "Diluted EPS": 1.07,
        "Basic EPS": 1.07,
        "Diluted NI Availto Com Stockholders": 46077000.0,
        "Net Income Common Stockholders": 46077000.0,
        "Otherunder Preferred Stock Dividend": 0.0,
        "Net Income": 46077000.0,
        "Minority Interests": -702000.0,
        "Net Income Including Noncontrolling Interests": 46779000.0,
        "Net Income Continuous Operations": 46779000.0,
        "Tax Provision": 16306000.0,
        "Pretax Income": 63085000.0,
        "Other Income Expense": 183000.0,
        "Other Non Operating Income Expenses": 183000.0,
        "Net Non Operating Interest Income Expense": 1019000.0,
        "Interest Expense Non Operating": 119000.0,
        "Interest Income Non Operating": 1138000.0,
        "Operating Income": 61883000.0,
        "Operating Expense": 198853000.0,
        "Selling General And Administration": 198853000.0,
        "Gross Profit": 260736000.0,
        "Cost Of Revenue": 350596000.0,
        "Total Revenue": 611332000.0,
        "Operating Revenue": 611332000.0
    },
    "2022-07-31": {
        "Tax Effect Of Unusual Items": 0.0,
        "Tax Rate For Calcs": 0.265,
        "Normalized EBITDA": 81523000.0,
        "Net Income From Continuing Operation Net Minority Interest": 38488000.0,
        "Reconciled Depreciation": 28361000.0,
        "Reconciled Cost Of Revenue": 362631000.0,
        "EBIT": 53162000.0,
        "Net Interest Income": 315000.0,
        "Interest Expense": 159000.0,
        "Interest Income": 474000.0,
        "Normalized Income": 38488000.0,
        "Net Income From Continuing And Discontinued Operation": 38488000.0,
        "Total Expenses": 551448000.0,
        "Total Operating Income As Reported": 52643000.0,
        "Diluted Average Shares": 43142000.0,
        "Basic Average Shares": 43092000.0,
        "Diluted EPS": 0.89,
        "Basic EPS": 0.89,
        "Diluted NI Availto Com Stockholders": 38488000.0,
        "Net Income Common Stockholders": 38488000.0,
        "Otherunder Preferred Stock Dividend": 0.0,
        "Net Income": 38488000.0,
        "Minority Interests": -452000.0,
        "Net Income Including Noncontrolling Interests": 38940000.0,
        "Net Income Continuous Operations": 38940000.0,
        "Tax Provision": 14063000.0,
        "Pretax Income": 53003000.0,
        "Other Income Expense": 45000.0,
        "Other Non Operating Income Expenses": 45000.0,
        "Net Non Operating Interest Income Expense": 315000.0,
        "Interest Expense Non Operating": 159000.0,
        "Interest Income Non Operating": 474000.0,
        "Operating Income": 52643000.0,
        "Operating Expense": 188817000.0,
        "Selling General And Administration": 188817000.0,
        "Gross Profit": 241460000.0,
        "Cost Of Revenue": 362631000.0,
        "Total Revenue": 604091000.0,
        "Operating Revenue": 604091000.0
    },
    "2022-04-30": {
        "Diluted EPS": 1.31,
        "Total Revenue": 685,
        "Gross Profit": 271,
        "Operating Income": 79,
        "EBIT": 91,
        "Net Income": 57
    },
    "2022-01-31": {
        "Diluted EPS": 0.65,
        "Total Revenue": 572,
        "Gross Profit": 219,
        "Operating Income": 39,
        "EBIT": 49,
        "Net Income": 28
    },
    "2021-10-31": {
        "Diluted EPS": 0.89,
        "Total Revenue": 576,
        "Gross Profit": 223,
        "Operating Income": 54,
        "EBIT": 63,
        "Net Income": 40
    },
    "2021-07-31": {
        "Diluted EPS": 0.54,
        "Total Revenue": 525,
        "Gross Profit": 202,
        "Operating Income": 34,
        "EBIT": 43,
        "Net Income": 25
    },
    "2021-04-30": {
        "Diluted EPS": 0.83,
        "Total Revenue": 519,
        "Gross Profit": 222,
        "Operating Income": 50,
        "EBIT": 58,
        "Net Income": 38
    },
    "2021-01-31": {
        "Diluted EPS": 0.62,
        "Total Revenue": 470,
        "Gross Profit": 201,
        "Operating Income": 34,
        "EBIT": 43,
        "Net Income": 29
    },
    "2020-10-31": {
        "Diluted EPS": 0.75,
        "Total Revenue": 459,
        "Gross Profit": 201,
        "Operating Income": 48,
        "EBIT": 56,
        "Net Income": 35
    },
    "2020-07-31": {
        "Diluted EPS": 0.1,
        "Total Revenue": 285,
        "Gross Profit": 116,
        "Operating Income": 4,
        "EBIT": 12,
        "Net Income": 5
    },
    "2020-04-30": {
        "Diluted EPS": 0.06,
        "Total Revenue": 367,
        "Gross Profit": 172,
        "Operating Income": 13,
        "EBIT": 48,
        "Net Income": 2
    },
    "2020-01-31": {
        "Diluted EPS": 0.74,
        "Total Revenue": 476,
        "Gross Profit": 200,
        "Operating Income": 52,
        "EBIT": 60,
        "Net Income": 35
    },
    "2019-10-31": {
        "Diluted EPS": 0.48,
        "Total Revenue": 447,
        "Gross Profit": 182,
        "Operating Income": 30,
        "EBIT": 37,
        "Net Income": 23
    },
    "2019-07-31": {
        "Diluted EPS": 0.38,
        "Total Revenue": 414,
        "Gross Profit": 168,
        "Operating Income": 23,
        "EBIT": 31,
        "Net Income": 18
    },
    "2019-04-30": {
        "Diluted EPS": 0.02,
        "Total Revenue": 454,
        "Gross Profit": 190,
        "Operating Income": 37,
        "EBIT": 45,
        "Net Income": 2
    },
    "2019-01-31": {
        "Diluted EPS": 0.61,
        "Total Revenue": 468,
        "Gross Profit": 190,
        "Operating Income": 41,
        "EBIT": 48,
        "Net Income": 29
    },
    "2018-10-31": {
        "Diluted EPS": 0.42,
        "Total Revenue": 439,
        "Gross Profit": 174,
        "Operating Income": 29,
        "EBIT": 37,
        "Net Income": 20
    },
    "2018-07-31": {
        "Diluted EPS": 0.39,
        "Total Revenue": 385,
        "Gross Profit": 149,
        "Operating Income": 23,
        "EBIT": 31,
        "Net Income": 18
    },
    "2018-04-30": {
        "Diluted EPS": 0.71,
        "Total Revenue": 420,
        "Gross Profit": 166,
        "Operating Income": 46,
        "EBIT": 54,
        "Net Income": 34
    },
    "2018-01-31": {
        "Diluted EPS": 0.25,
        "Total Revenue": 414,
        "Gross Profit": 162,
        "Operating Income": 33,
        "EBIT": 41,
        "Net Income": 12
    },
    "2017-10-31": {
        "Diluted EPS": 0.47,
        "Total Revenue": 393,
        "Gross Profit": 155,
        "Operating Income": 34,
        "EBIT": 42,
        "Net Income": 23
    },
    "2017-07-31": {
        "Diluted EPS": 0.24,
        "Total Revenue": 357,
        "Gross Profit": 139,
        "Operating Income": 16,
        "EBIT": 24,
        "Net Income": 12
    },
    "2017-04-30": {
        "Diluted EPS": 0.56,
        "Total Revenue": 413,
        "Gross Profit": 169,
        "Operating Income": 43,
        "EBIT": 51,
        "Net Income": 28
    },
    "2017-01-31": {
        "Diluted EPS": 0.47,
        "Total Revenue": 390,
        "Gross Profit": 157,
        "Operating Income": 34,
        "EBIT": 41,
        "Net Income": 23
    },
    "2016-10-31": {
        "Diluted EPS": 0.42,
        "Total Revenue": 377,
        "Gross Profit": 149,
        "Operating Income": 34,
        "EBIT": 41,
        "Net Income": 21
    },
    "2016-07-31": {
        "Diluted EPS": 0.28,
        "Total Revenue": 341,
        "Gross Profit": 134,
        "Operating Income": 22,
        "EBIT": 29,
        "Net Income": 14
    },
    "2016-04-30": {
        "Diluted EPS": 0.44,
        "Total Revenue": 417,
        "Gross Profit": 167,
        "Operating Income": 37,
        "EBIT": 44,
        "Net Income": 23
    },
    "2016-01-31": {
        "Diluted EPS": 0.43,
        "Total Revenue": 384,
        "Gross Profit": 148,
        "Operating Income": 35,
        "EBIT": 41,
        "Net Income": 22
    },
    "2015-10-31": {
        "Diluted EPS": 0.41,
        "Total Revenue": 383,
        "Gross Profit": 146,
        "Operating Income": 33,
        "EBIT": 40,
        "Net Income": 21
    },
    "2015-07-31": {
        "Diluted EPS": 0.27,
        "Total Revenue": 341,
        "Gross Profit": 124,
        "Operating Income": 20,
        "EBIT": 26,
        "Net Income": 14
    },
    "2015-04-30": {
        "Diluted EPS": 0.38,
        "Total Revenue": 375,
        "Gross Profit": 134,
        "Operating Income": 30,
        "EBIT": 36,
        "Net Income": 20
    },
    "2015-01-31": {
        "Diluted EPS": 0.34,
        "Total Revenue": 358,
        "Gross Profit": 130,
        "Operating Income": 27,
        "EBIT": 32,
        "Net Income": 18
    },
    "2014-10-31": {
        "Diluted EPS": 0.37,
        "Total Revenue": 366,
        "Gross Profit": 130,
        "Operating Income": 30,
        "EBIT": 36,
        "Net Income": 20
    },
    "2014-07-31": {
        "Diluted EPS": 0.25,
        "Total Revenue": 327,
        "Gross Profit": 112,
        "Operating Income": 16,
        "EBIT": 22,
        "Net Income": 13
    },
    "2014-04-30": {
        "Diluted EPS": 0.22,
        "Total Revenue": 353,
        "Gross Profit": 119,
        "Operating Income": 23,
        "EBIT": 28,
        "Net Income": 12
    },
    "2014-01-31": {
        "Diluted EPS": 0.31,
        "Total Revenue": 347,
        "Gross Profit": 122,
        "Operating Income": 26,
        "EBIT": 32,
        "Net Income": 16
    },
    "2013-10-31": {
        "Diluted EPS": 0.31,
        "Total Revenue": 352,
        "Gross Profit": 123,
        "Operating Income": 26,
        "EBIT": 32,
        "Net Income": 17
    },
    "2013-07-31": {
        "Diluted EPS": 0.18,
        "Total Revenue": 306,
        "Gross Profit": 101,
        "Operating Income": 15,
        "EBIT": 21,
        "Net Income": 9
    },
    "2013-04-30": {
        "Diluted EPS": 0.33,
        "Total Revenue": 310,
        "Gross Profit": 115,
        "Operating Income": 27,
        "EBIT": 33,
        "Net Income": 18
    },
    "2013-01-31": {
        "Diluted EPS": 0.32,
        "Total Revenue": 340,
        "Gross Profit": 112,
        "Operating Income": 23,
        "EBIT": 29,
        "Net Income": 17
    },
    "2012-10-31": {
        "Diluted EPS": 0.12,
        "Total Revenue": 322,
        "Gross Profit": 100,
        "Operating Income": 11,
        "EBIT": 16,
        "Net Income": 7
    },
    "2012-07-31": {
        "Diluted EPS": 0.08,
        "Total Revenue": 302,
        "Gross Profit": 90,
        "Operating Income": 8,
        "EBIT": 13,
        "Net Income": 4
    },
    "2012-04-30": {
        "Diluted EPS": 0.36,
        "Total Revenue": 262,
        "Gross Profit": 94,
        "Operating Income": 16,
        "EBIT": 21,
        "Net Income": 19
    },
    "2012-01-31": {
        "Diluted EPS": 0.28,
        "Total Revenue": 317,
        "Gross Profit": 100,
        "Operating Income": 17,
        "EBIT": 23,
        "Net Income": 15
    },
    "2011-10-31": {
        "Diluted EPS": 0.15,
        "Total Revenue": 308,
        "Gross Profit": 96,
        "Operating Income": 12,
        "EBIT": 19,
        "Net Income": 8
    },
    "2011-07-31": {
        "Diluted EPS": 0.85,
        "Total Revenue": 280,
        "Gross Profit": 81,
        "Operating Income": 3,
        "EBIT": 9,
        "Net Income": 45
    },
    "2011-04-30": {
        "Diluted EPS": 0.19,
        "Total Revenue": 339,
        "Gross Profit": 108,
        "Operating Income": 12,
        "EBIT": 19,
        "Net Income": 10
    },
    "2011-01-31": {
        "Diluted EPS": 0.19,
        "Total Revenue": 292,
        "Gross Profit": 88,
        "Operating Income": 10,
        "EBIT": 16,
        "Net Income": 10
    },
    "2010-10-31": {
        "Diluted EPS": 0.07,
        "Total Revenue": 293,
        "Gross Profit": 85,
        "Operating Income": 5,
        "EBIT": 11,
        "Net Income": 4
    },
    "2010-07-31": {
        "Diluted EPS": 0.0,
        "Total Revenue": 263,
        "Gross Profit": 73,
        "Operating Income": -2,
        "EBIT": 4,
        "Net Income": 0
    },
    "2010-04-30": {
        "Diluted EPS": 0.26,
        "Total Revenue": 311,
        "Gross Profit": 101,
        "Operating Income": 15,
        "EBIT": 21,
        "Net Income": 13
    },
    "2010-01-31": {
        "Diluted EPS": 0.21,
        "Total Revenue": 305,
        "Gross Profit": 98,
        "Operating Income": 14,
        "EBIT": 20,
        "Net Income": 11
    },
    "2009-10-31": {
        "Diluted EPS": 0.11,
        "Total Revenue": 301,
        "Gross Profit": 94,
        "Operating Income": 9,
        "EBIT": 16,
        "Net Income": 6
    },
    "2009-07-31": {
        "Diluted EPS": 0.04,
        "Total Revenue": 263,
        "Gross Profit": 80,
        "Operating Income": 2,
        "EBIT": 9,
        "Net Income": 2
    },
    "2009-04-30": {
        "Diluted EPS": 0.08,
        "Total Revenue": 284,
        "Gross Profit": 92,
        "Operating Income": 4,
        "EBIT": 10,
        "Net Income": 4
    },
    "2009-01-31": {
        "Diluted EPS": -1.25,
        "Total Revenue": 289,
        "Gross Profit": 79,
        "Operating Income": -68,
        "EBIT": -62,
        "Net Income": -65
    },
    "2023-07-31": {
        "Tax Effect Of Unusual Items": 0.0,
        "Tax Rate For Calcs": 0.265415,
        "Normalized EBITDA": 65614000.0,
        "Net Income From Continuing Operation Net Minority Interest": 27479000.0,
        "Reconciled Depreciation": 27476000.0,
        "Reconciled Cost Of Revenue": 275923000.0,
        "EBIT": 38138000.0,
        "Net Interest Income": 2934000.0,
        "Interest Expense": 122000.0,
        "Interest Income": 3056000.0,
        "Normalized Income": 27479000.0,
        "Net Income From Continuing And Discontinued Operation": 27479000.0,
        "Total Expenses": 447125000.0,
        "Total Operating Income As Reported": 34526000.0,
        "Diluted Average Shares": 43333000.0,
        "Basic Average Shares": 43239000.0,
        "Diluted EPS": 0.63,
        "Basic EPS": 0.64,
        "Diluted NI Availto Com Stockholders": 27479000.0,
        "Net Income Common Stockholders": 27479000.0,
        "Otherunder Preferred Stock Dividend": NaN,
        "Net Income": 27479000.0,
        "Minority Interests": -447000.0,
        "Net Income Including Noncontrolling Interests": 27926000.0,
        "Net Income Continuous Operations": 27926000.0,
        "Tax Provision": 10090000.0,
        "Pretax Income": 38016000.0,
        "Other Income Expense": 556000.0,
        "Other Non Operating Income Expenses": 556000.0,
        "Net Non Operating Interest Income Expense": 2934000.0,
        "Interest Expense Non Operating": 122000.0,
        "Interest Income Non Operating": 3056000.0,
        "Operating Income": 34526000.0,
        "Operating Expense": 171202000.0,
        "Selling General And Administration": 171202000.0,
        "Gross Profit": 205728000.0,
        "Cost Of Revenue": 275923000.0,
        "Total Revenue": 481651000.0,
        "Operating Revenue": 481651000.0
    }
}