{
    "2023-03-31": {
        "Tax Effect Of Unusual Items": 0.0,
        "Tax Rate For Calcs": 0.0,
        "Normalized EBITDA": -725000.0,
        "Total Unusual Items": 139000.0,
        "Total Unusual Items Excluding Goodwill": 139000.0,
        "Net Income From Continuing Operation Net Minority Interest": -271000.0,
        "EBITDA": -586000.0,
        "EBIT": -586000.0,
        "Net Interest Income": 176000.0,
        "Interest Income": 176000.0,
        "Normalized Income": -410000.0,
        "Net Income From Continuing And Discontinued Operation": -271000.0,
        "Total Expenses": 586000.0,
        "Total Operating Income As Reported": -447000.0,
        "Diluted Average Shares": 14252000.0,
        "Basic Average Shares": 14252000.0,
        "Diluted EPS": -0.02,
        "Basic EPS": NaN,
        "Diluted NI Availto Com Stockholders": -271000.0,
        "Net Income Common Stockholders": -271000.0,
        "Net Income": -271000.0,
        "Net Income Including Noncontrolling Interests": -271000.0,
        "Net Income Continuous Operations": -271000.0,
        "Pretax Income": -271000.0,
        "Other Income Expense": 139000.0,
        "Special Income Charges": 139000.0,
        "Gain On Sale Of Ppe": 139000.0,
        "Net Non Operating Interest Income Expense": 176000.0,
        "Interest Income Non Operating": 176000.0,
        "Operating Income": -586000.0,
        "Operating Expense": 586000.0,
        "Selling General And Administration": 586000.0,
        "General And Administrative Expense": 586000.0,
        "Other Gand A": 586000.0,
        "Total Revenue": 0.0,
        "Operating Revenue": 0.0
    },
    "2022-12-31": {
        "Tax Effect Of Unusual Items": 0.0,
        "Tax Rate For Calcs": 0.0,
        "Normalized EBITDA": -607000.0,
        "Total Unusual Items": 0.0,
        "Total Unusual Items Excluding Goodwill": 0.0,
        "Net Income From Continuing Operation Net Minority Interest": -492000.0,
        "EBITDA": -607000.0,
        "EBIT": -607000.0,
        "Net Interest Income": 118000.0,
        "Interest Income": 118000.0,
        "Normalized Income": -492000.0,
        "Net Income From Continuing And Discontinued Operation": -492000.0,
        "Total Expenses": 607000.0,
        "Total Operating Income As Reported": -607000.0,
        "Diluted Average Shares": NaN,
        "Basic Average Shares": NaN,
        "Diluted EPS": NaN,
        "Basic EPS": NaN,
        "Diluted NI Availto Com Stockholders": -492000.0,
        "Net Income Common Stockholders": -492000.0,
        "Net Income": -492000.0,
        "Net Income Including Noncontrolling Interests": -492000.0,
        "Net Income Continuous Operations": -492000.0,
        "Pretax Income": -489000.0,
        "Other Income Expense": 0.0,
        "Special Income Charges": 0.0,
        "Gain On Sale Of Ppe": 0.0,
        "Net Non Operating Interest Income Expense": 118000.0,
        "Interest Income Non Operating": 118000.0,
        "Operating Income": -607000.0,
        "Operating Expense": 607000.0,
        "Selling General And Administration": 607000.0,
        "General And Administrative Expense": 607000.0,
        "Other Gand A": 607000.0,
        "Total Revenue": 0.0,
        "Operating Revenue": 0.0
    },
    "2022-09-30": {
        "Tax Effect Of Unusual Items": 0.0,
        "Tax Rate For Calcs": 0.0,
        "Normalized EBITDA": -504000.0,
        "Total Unusual Items": 0.0,
        "Total Unusual Items Excluding Goodwill": 0.0,
        "Net Income From Continuing Operation Net Minority Interest": -442000.0,
        "EBITDA": -504000.0,
        "EBIT": -504000.0,
        "Net Interest Income": 62000.0,
        "Interest Income": 62000.0,
        "Normalized Income": -442000.0,
        "Net Income From Continuing And Discontinued Operation": -442000.0,
        "Total Expenses": 504000.0,
        "Total Operating Income As Reported": -504000.0,
        "Diluted Average Shares": 13410000.0,
        "Basic Average Shares": 13410000.0,
        "Diluted EPS": -0.03,
        "Basic EPS": -0.03,
        "Diluted NI Availto Com Stockholders": -442000.0,
        "Net Income Common Stockholders": -442000.0,
        "Net Income": -442000.0,
        "Net Income Including Noncontrolling Interests": -442000.0,
        "Net Income Continuous Operations": -442000.0,
        "Pretax Income": -442000.0,
        "Other Income Expense": NaN,
        "Special Income Charges": 0.0,
        "Gain On Sale Of Ppe": 0.0,
        "Net Non Operating Interest Income Expense": 62000.0,
        "Interest Income Non Operating": 62000.0,
        "Operating Income": -504000.0,
        "Operating Expense": 504000.0,
        "Selling General And Administration": 504000.0,
        "General And Administrative Expense": 504000.0,
        "Other Gand A": 504000.0,
        "Total Revenue": 0.0,
        "Operating Revenue": 0.0
    },
    "2022-06-30": {
        "Tax Effect Of Unusual Items": 0.0,
        "Tax Rate For Calcs": 0.0,
        "Normalized EBITDA": -486000.0,
        "Total Unusual Items": 0.0,
        "Total Unusual Items Excluding Goodwill": 0.0,
        "Net Income From Continuing Operation Net Minority Interest": -478000.0,
        "EBITDA": -486000.0,
        "EBIT": -486000.0,
        "Net Interest Income": 8000.0,
        "Interest Income": 8000.0,
        "Normalized Income": -478000.0,
        "Net Income From Continuing And Discontinued Operation": -478000.0,
        "Total Expenses": 486000.0,
        "Total Operating Income As Reported": -486000.0,
        "Diluted Average Shares": 13410000.0,
        "Basic Average Shares": 13410000.0,
        "Diluted EPS": -0.04,
        "Basic EPS": -0.04,
        "Diluted NI Availto Com Stockholders": -478000.0,
        "Net Income Common Stockholders": -478000.0,
        "Net Income": -478000.0,
        "Net Income Including Noncontrolling Interests": -478000.0,
        "Net Income Continuous Operations": -478000.0,
        "Pretax Income": -478000.0,
        "Other Income Expense": NaN,
        "Special Income Charges": 0.0,
        "Gain On Sale Of Ppe": 0.0,
        "Net Non Operating Interest Income Expense": 8000.0,
        "Interest Income Non Operating": 8000.0,
        "Operating Income": -486000.0,
        "Operating Expense": 486000.0,
        "Selling General And Administration": 486000.0,
        "General And Administrative Expense": 486000.0,
        "Other Gand A": 486000.0,
        "Total Revenue": 0.0,
        "Operating Revenue": 0.0
    },
    "2022-03-31": {
        "Diluted EPS": -0.01,
        "Total Revenue": NaN,
        "Gross Profit": NaN,
        "Operating Income": 0,
        "EBIT": 0,
        "Net Income": 0
    },
    "2021-12-31": {
        "Diluted EPS": -0.03,
        "Total Revenue": NaN,
        "Gross Profit": NaN,
        "Operating Income": 0,
        "EBIT": 0,
        "Net Income": 0
    },
    "2021-09-30": {
        "Diluted EPS": -0.04,
        "Total Revenue": NaN,
        "Gross Profit": NaN,
        "Operating Income": -1,
        "EBIT": -1,
        "Net Income": -1
    },
    "2021-06-30": {
        "Diluted EPS": -0.06,
        "Total Revenue": NaN,
        "Gross Profit": NaN,
        "Operating Income": -1,
        "EBIT": -1,
        "Net Income": -1
    },
    "2021-03-31": {
        "Diluted EPS": -0.05,
        "Total Revenue": NaN,
        "Gross Profit": NaN,
        "Operating Income": -1,
        "EBIT": -1,
        "Net Income": -1
    },
    "2020-12-31": {
        "Diluted EPS": -0.08,
        "Total Revenue": NaN,
        "Gross Profit": NaN,
        "Operating Income": -1,
        "EBIT": -1,
        "Net Income": -1
    },
    "2020-09-30": {
        "Diluted EPS": -0.08,
        "Total Revenue": NaN,
        "Gross Profit": NaN,
        "Operating Income": -1,
        "EBIT": -1,
        "Net Income": -1
    },
    "2020-06-30": {
        "Diluted EPS": -0.09,
        "Total Revenue": NaN,
        "Gross Profit": NaN,
        "Operating Income": -1,
        "EBIT": -1,
        "Net Income": -1
    },
    "2020-03-31": {
        "Diluted EPS": 0.02,
        "Total Revenue": NaN,
        "Gross Profit": NaN,
        "Operating Income": 0,
        "EBIT": 0,
        "Net Income": 0
    },
    "2019-12-31": {
        "Diluted EPS": 0.24,
        "Total Revenue": NaN,
        "Gross Profit": NaN,
        "Operating Income": -2,
        "EBIT": -2,
        "Net Income": 3
    },
    "2019-09-30": {
        "Diluted EPS": -0.05,
        "Total Revenue": NaN,
        "Gross Profit": NaN,
        "Operating Income": -1,
        "EBIT": -1,
        "Net Income": -1
    },
    "2019-06-30": {
        "Diluted EPS": -0.71,
        "Total Revenue": NaN,
        "Gross Profit": NaN,
        "Operating Income": -9,
        "EBIT": -8,
        "Net Income": -9
    },
    "2019-03-31": {
        "Diluted EPS": -0.78,
        "Total Revenue": NaN,
        "Gross Profit": NaN,
        "Operating Income": -10,
        "EBIT": -9,
        "Net Income": -10
    },
    "2018-12-31": {
        "Diluted EPS": -0.67,
        "Total Revenue": NaN,
        "Gross Profit": NaN,
        "Operating Income": -14,
        "EBIT": -14,
        "Net Income": -9
    },
    "2018-09-30": {
        "Diluted EPS": 0.3,
        "Total Revenue": NaN,
        "Gross Profit": NaN,
        "Operating Income": -17,
        "EBIT": -16,
        "Net Income": 4
    },
    "2018-06-30": {
        "Diluted EPS": -1.33,
        "Total Revenue": NaN,
        "Gross Profit": NaN,
        "Operating Income": -17,
        "EBIT": -16,
        "Net Income": -18
    },
    "2018-03-31": {
        "Diluted EPS": -1.33,
        "Total Revenue": NaN,
        "Gross Profit": NaN,
        "Operating Income": -17,
        "EBIT": -16,
        "Net Income": -18
    },
    "2017-12-31": {
        "Diluted EPS": -0.92,
        "Total Revenue": NaN,
        "Gross Profit": NaN,
        "Operating Income": -17,
        "EBIT": -15,
        "Net Income": -13
    },
    "2017-09-30": {
        "Diluted EPS": 0.24,
        "Total Revenue": NaN,
        "Gross Profit": NaN,
        "Operating Income": -17,
        "EBIT": -16,
        "Net Income": 3
    },
    "2017-06-30": {
        "Diluted EPS": 38.62,
        "Total Revenue": NaN,
        "Gross Profit": NaN,
        "Operating Income": -35,
        "EBIT": -34,
        "Net Income": 512
    },
    "2017-03-31": {
        "Diluted EPS": -2.27,
        "Total Revenue": NaN,
        "Gross Profit": NaN,
        "Operating Income": -27,
        "EBIT": -26,
        "Net Income": -30
    },
    "2016-12-31": {
        "Diluted EPS": -2.48,
        "Total Revenue": NaN,
        "Gross Profit": NaN,
        "Operating Income": -42,
        "EBIT": -41,
        "Net Income": -32
    },
    "2016-09-30": {
        "Diluted EPS": -2.33,
        "Total Revenue": NaN,
        "Gross Profit": NaN,
        "Operating Income": -36,
        "EBIT": -34,
        "Net Income": -30
    },
    "2016-06-30": {
        "Diluted EPS": -4.0,
        "Total Revenue": NaN,
        "Gross Profit": NaN,
        "Operating Income": -36,
        "EBIT": -35,
        "Net Income": -51
    },
    "2016-03-31": {
        "Diluted EPS": -3.3,
        "Total Revenue": NaN,
        "Gross Profit": NaN,
        "Operating Income": -34,
        "EBIT": -33,
        "Net Income": -38
    },
    "2015-12-31": {
        "Diluted EPS": -4.19,
        "Total Revenue": NaN,
        "Gross Profit": NaN,
        "Operating Income": 10,
        "EBIT": 9,
        "Net Income": -48
    },
    "2015-09-30": {
        "Diluted EPS": -3.8,
        "Total Revenue": 16,
        "Gross Profit": 16,
        "Operating Income": -38,
        "EBIT": -36,
        "Net Income": -43
    },
    "2015-06-30": {
        "Diluted EPS": -2.1,
        "Total Revenue": 37,
        "Gross Profit": 37,
        "Operating Income": -19,
        "EBIT": -18,
        "Net Income": -23
    },
    "2015-03-31": {
        "Diluted EPS": -3.2,
        "Total Revenue": 15,
        "Gross Profit": 15,
        "Operating Income": -30,
        "EBIT": -29,
        "Net Income": -35
    },
    "2014-12-31": {
        "Diluted EPS": -0.9,
        "Total Revenue": 34,
        "Gross Profit": 34,
        "Operating Income": -5,
        "EBIT": -5,
        "Net Income": -10
    },
    "2014-09-30": {
        "Diluted EPS": -2.7,
        "Total Revenue": 28,
        "Gross Profit": 28,
        "Operating Income": -24,
        "EBIT": -23,
        "Net Income": -28
    },
    "2014-06-30": {
        "Diluted EPS": -1.7,
        "Total Revenue": 28,
        "Gross Profit": 28,
        "Operating Income": -14,
        "EBIT": -13,
        "Net Income": -18
    },
    "2014-03-31": {
        "Diluted EPS": -2.7,
        "Total Revenue": 13,
        "Gross Profit": 13,
        "Operating Income": -24,
        "EBIT": -23,
        "Net Income": -28
    },
    "2013-12-31": {
        "Diluted EPS": -3.3,
        "Total Revenue": 8,
        "Gross Profit": 8,
        "Operating Income": -28,
        "EBIT": -28,
        "Net Income": -33
    },
    "2013-09-30": {
        "Diluted EPS": -3.9,
        "Total Revenue": 7,
        "Gross Profit": 7,
        "Operating Income": -36,
        "EBIT": -35,
        "Net Income": -40
    },
    "2013-06-30": {
        "Diluted EPS": -3.1,
        "Total Revenue": 18,
        "Gross Profit": 18,
        "Operating Income": -29,
        "EBIT": -28,
        "Net Income": -30
    },
    "2013-03-31": {
        "Diluted EPS": -2.9,
        "Total Revenue": 15,
        "Gross Profit": 15,
        "Operating Income": -27,
        "EBIT": -27,
        "Net Income": -28
    },
    "2012-12-31": {
        "Diluted EPS": 13.3,
        "Total Revenue": 14,
        "Gross Profit": 14,
        "Operating Income": -25,
        "EBIT": -24,
        "Net Income": -23
    },
    "2012-09-30": {
        "Diluted EPS": -2.5,
        "Total Revenue": 11,
        "Gross Profit": 11,
        "Operating Income": -24,
        "EBIT": -23,
        "Net Income": -23
    },
    "2012-06-30": {
        "Diluted EPS": -2.2,
        "Total Revenue": 12,
        "Gross Profit": 12,
        "Operating Income": -20,
        "EBIT": -19,
        "Net Income": -20
    },
    "2012-03-31": {
        "Diluted EPS": -21.4,
        "Total Revenue": 11,
        "Gross Profit": 11,
        "Operating Income": -24,
        "EBIT": -23,
        "Net Income": -25
    },
    "2011-12-31": {
        "Diluted EPS": -17.6,
        "Total Revenue": 13,
        "Gross Profit": 13,
        "Operating Income": -18,
        "EBIT": -17,
        "Net Income": -18
    },
    "2011-09-30": {
        "Diluted EPS": -18.1,
        "Total Revenue": 9,
        "Gross Profit": 9,
        "Operating Income": -19,
        "EBIT": -17,
        "Net Income": -21
    },
    "2011-06-30": {
        "Diluted EPS": -27.6,
        "Total Revenue": 7,
        "Gross Profit": 7,
        "Operating Income": -29,
        "EBIT": -28,
        "Net Income": -31
    },
    "2011-03-31": {
        "Diluted EPS": -13.5,
        "Total Revenue": 6,
        "Gross Profit": 6,
        "Operating Income": -15,
        "EBIT": -13,
        "Net Income": -15
    },
    "2010-12-31": {
        "Diluted EPS": -16.3,
        "Total Revenue": 6,
        "Gross Profit": 6,
        "Operating Income": 6,
        "EBIT": 6,
        "Net Income": -10
    },
    "2010-09-30": {
        "Diluted EPS": -13.3,
        "Total Revenue": 6,
        "Gross Profit": 6,
        "Operating Income": 6,
        "EBIT": 6,
        "Net Income": -14
    },
    "2010-06-30": {
        "Diluted EPS": -13.0,
        "Total Revenue": 4,
        "Gross Profit": 4,
        "Operating Income": 4,
        "EBIT": 4,
        "Net Income": -13
    },
    "2010-03-31": {
        "Diluted EPS": -13.1,
        "Total Revenue": 4,
        "Gross Profit": 4,
        "Operating Income": 4,
        "EBIT": 4,
        "Net Income": -13
    },
    "2009-12-31": {
        "Diluted EPS": 0.0,
        "Total Revenue": NaN,
        "Gross Profit": NaN,
        "Operating Income": NaN,
        "EBIT": NaN,
        "Net Income": NaN
    },
    "2023-06-30": {
        "Tax Effect Of Unusual Items": 0.0,
        "Tax Rate For Calcs": 0.0,
        "Normalized EBITDA": -569000.0,
        "Total Unusual Items": 0.0,
        "Total Unusual Items Excluding Goodwill": 0.0,
        "Net Income From Continuing Operation Net Minority Interest": -391000.0,
        "EBITDA": -569000.0,
        "EBIT": -569000.0,
        "Net Interest Income": 178000.0,
        "Interest Income": 178000.0,
        "Normalized Income": -391000.0,
        "Net Income From Continuing And Discontinued Operation": -391000.0,
        "Total Expenses": 569000.0,
        "Total Operating Income As Reported": -569000.0,
        "Diluted Average Shares": NaN,
        "Basic Average Shares": 14294000.0,
        "Diluted EPS": -0.03,
        "Basic EPS": -0.03,
        "Diluted NI Availto Com Stockholders": -391000.0,
        "Net Income Common Stockholders": -391000.0,
        "Net Income": -391000.0,
        "Net Income Including Noncontrolling Interests": -391000.0,
        "Net Income Continuous Operations": -391000.0,
        "Pretax Income": -391000.0,
        "Other Income Expense": NaN,
        "Special Income Charges": 0.0,
        "Gain On Sale Of Ppe": NaN,
        "Net Non Operating Interest Income Expense": 178000.0,
        "Interest Income Non Operating": 178000.0,
        "Operating Income": -569000.0,
        "Operating Expense": 569000.0,
        "Selling General And Administration": 569000.0,
        "General And Administrative Expense": 569000.0,
        "Other Gand A": 569000.0,
        "Total Revenue": 0.0,
        "Operating Revenue": 0.0
    },
    "2023-09-30": {
        "Tax Effect Of Unusual Items": 0.0,
        "Tax Rate For Calcs": 0.0,
        "Normalized EBITDA": -531000.0,
        "Total Unusual Items": 0.0,
        "Total Unusual Items Excluding Goodwill": 0.0,
        "Net Income From Continuing Operation Net Minority Interest": -279000.0,
        "EBITDA": -531000.0,
        "EBIT": -531000.0,
        "Net Interest Income": 252000.0,
        "Interest Income": 252000.0,
        "Normalized Income": -279000.0,
        "Net Income From Continuing And Discontinued Operation": -279000.0,
        "Total Expenses": 531000.0,
        "Total Operating Income As Reported": -531000.0,
        "Diluted Average Shares": NaN,
        "Basic Average Shares": 14321000.0,
        "Diluted EPS": -0.02,
        "Basic EPS": NaN,
        "Diluted NI Availto Com Stockholders": -279000.0,
        "Net Income Common Stockholders": -279000.0,
        "Net Income": -279000.0,
        "Net Income Including Noncontrolling Interests": -279000.0,
        "Net Income Continuous Operations": -279000.0,
        "Pretax Income": -279000.0,
        "Other Income Expense": NaN,
        "Special Income Charges": 0.0,
        "Gain On Sale Of Ppe": NaN,
        "Net Non Operating Interest Income Expense": 252000.0,
        "Interest Income Non Operating": 252000.0,
        "Operating Income": -531000.0,
        "Operating Expense": 531000.0,
        "Selling General And Administration": 531000.0,
        "General And Administrative Expense": 531000.0,
        "Other Gand A": 531000.0,
        "Total Revenue": 0.0,
        "Operating Revenue": 0.0
    }
}