{
    "2023-06-30": {
        "Tax Effect Of Unusual Items": 0.0,
        "Tax Rate For Calcs": 0.231,
        "Normalized EBITDA": 51803000.0,
        "Net Income From Continuing Operation Net Minority Interest": 39620000.0,
        "Reconciled Depreciation": 1320000.0,
        "Reconciled Cost Of Revenue": 108813000.0,
        "EBITDA": 51803000.0,
        "EBIT": 50483000.0,
        "Normalized Income": 39620000.0,
        "Net Income From Continuing And Discontinued Operation": 39620000.0,
        "Total Expenses": 180533000.0,
        "Total Operating Income As Reported": 50483000.0,
        "Diluted Average Shares": 62432000.0,
        "Basic Average Shares": 61862000.0,
        "Diluted EPS": 0.63,
        "Basic EPS": 0.64,
        "Diluted NI Availto Com Stockholders": 39620000.0,
        "Net Income Common Stockholders": 39620000.0,
        "Net Income": 39620000.0,
        "Net Income Including Noncontrolling Interests": 39620000.0,
        "Net Income Continuous Operations": 39620000.0,
        "Tax Provision": 11904000.0,
        "Pretax Income": 51524000.0,
        "Other Income Expense": 1041000.0,
        "Other Non Operating Income Expenses": 1041000.0,
        "Operating Income": 50483000.0,
        "Operating Expense": 71720000.0,
        "Depreciation Amortization Depletion Income Statement": 1320000.0,
        "Depreciation And Amortization In Income Statement": 1320000.0,
        "Research And Development": 31600000.0,
        "Selling General And Administration": 38800000.0,
        "Selling And Marketing Expense": 18563000.0,
        "General And Administrative Expense": 20237000.0,
        "Other Gand A": 20237000.0,
        "Gross Profit": 122203000.0,
        "Cost Of Revenue": 108813000.0,
        "Total Revenue": 231016000.0,
        "Operating Revenue": 231016000.0
    },
    "2023-03-31": {
        "Tax Effect Of Unusual Items": 0.0,
        "Tax Rate For Calcs": 0.179,
        "Normalized EBITDA": 48572000.0,
        "Net Income From Continuing Operation Net Minority Interest": 38791000.0,
        "Reconciled Depreciation": 1487000.0,
        "Reconciled Cost Of Revenue": 103629000.0,
        "EBITDA": 48572000.0,
        "EBIT": 47085000.0,
        "Normalized Income": 38791000.0,
        "Net Income From Continuing And Discontinued Operation": 38791000.0,
        "Total Expenses": 173928000.0,
        "Total Operating Income As Reported": 47085000.0,
        "Diluted Average Shares": 62767000.0,
        "Basic Average Shares": 62211000.0,
        "Diluted EPS": 0.62,
        "Basic EPS": 0.62,
        "Diluted NI Availto Com Stockholders": 38791000.0,
        "Net Income Common Stockholders": 38791000.0,
        "Net Income": 38791000.0,
        "Net Income Including Noncontrolling Interests": 38791000.0,
        "Net Income Continuous Operations": 38791000.0,
        "Tax Provision": 8437000.0,
        "Pretax Income": 47228000.0,
        "Other Income Expense": 143000.0,
        "Other Non Operating Income Expenses": 143000.0,
        "Operating Income": 47085000.0,
        "Operating Expense": 70299000.0,
        "Depreciation Amortization Depletion Income Statement": 1487000.0,
        "Depreciation And Amortization In Income Statement": 1487000.0,
        "Research And Development": 30794000.0,
        "Selling General And Administration": 38018000.0,
        "Selling And Marketing Expense": 18065000.0,
        "General And Administrative Expense": 19953000.0,
        "Other Gand A": 19953000.0,
        "Gross Profit": 117384000.0,
        "Cost Of Revenue": 103629000.0,
        "Total Revenue": 221013000.0,
        "Operating Revenue": 221013000.0
    },
    "2022-12-31": {
        "Tax Effect Of Unusual Items": 0.0,
        "Tax Rate For Calcs": 0.168339,
        "Normalized EBITDA": 46211000.0,
        "Net Income From Continuing Operation Net Minority Interest": 37868000.0,
        "Reconciled Depreciation": 1506000.0,
        "Reconciled Cost Of Revenue": 90006000.0,
        "EBITDA": 46211000.0,
        "EBIT": 44705000.0,
        "Normalized Income": 37868000.0,
        "Net Income From Continuing And Discontinued Operation": 37868000.0,
        "Total Expenses": 153398000.0,
        "Total Operating Income As Reported": 44705000.0,
        "Diluted Average Shares": 63028000.0,
        "Basic Average Shares": 62327000.0,
        "Diluted EPS": 0.6,
        "Basic EPS": 0.61,
        "Diluted NI Availto Com Stockholders": 37868000.0,
        "Net Income Common Stockholders": 37868000.0,
        "Net Income": 37868000.0,
        "Net Income Including Noncontrolling Interests": 37868000.0,
        "Net Income Continuous Operations": 37868000.0,
        "Tax Provision": 7665000.0,
        "Pretax Income": 45533000.0,
        "Other Income Expense": 232000.0,
        "Other Non Operating Income Expenses": 232000.0,
        "Operating Income": 44705000.0,
        "Operating Expense": 63392000.0,
        "Depreciation Amortization Depletion Income Statement": 1506000.0,
        "Depreciation And Amortization In Income Statement": 1506000.0,
        "Research And Development": 27123000.0,
        "Selling General And Administration": 34763000.0,
        "Selling And Marketing Expense": 16656000.0,
        "General And Administrative Expense": 18107000.0,
        "Other Gand A": 18107000.0,
        "Gross Profit": 108097000.0,
        "Cost Of Revenue": 90006000.0,
        "Total Revenue": 198103000.0,
        "Operating Revenue": 198103000.0
    },
    "2022-09-30": {
        "Tax Effect Of Unusual Items": 355970.298577,
        "Tax Rate For Calcs": 0.226877,
        "Normalized EBITDA": 36865000.0,
        "Total Unusual Items": 1569000.0,
        "Total Unusual Items Excluding Goodwill": 1569000.0,
        "Net Income From Continuing Operation Net Minority Interest": 29674000.0,
        "Reconciled Depreciation": 1664000.0,
        "Reconciled Cost Of Revenue": 96158000.0,
        "EBITDA": 38434000.0,
        "EBIT": 36770000.0,
        "Net Interest Income": 112000.0,
        "Interest Income": 112000.0,
        "Normalized Income": 28460970.298577,
        "Net Income From Continuing And Discontinued Operation": 29674000.0,
        "Total Expenses": 161331000.0,
        "Total Operating Income As Reported": 36770000.0,
        "Diluted Average Shares": 63165000.0,
        "Basic Average Shares": 62592000.0,
        "Diluted EPS": 0.47,
        "Basic EPS": 0.47,
        "Diluted NI Availto Com Stockholders": 29674000.0,
        "Net Income Common Stockholders": 29674000.0,
        "Net Income": 29674000.0,
        "Net Income Including Noncontrolling Interests": 29674000.0,
        "Net Income Continuous Operations": 29674000.0,
        "Tax Provision": 8708000.0,
        "Pretax Income": 38382000.0,
        "Other Income Expense": 1500000.0,
        "Other Non Operating Income Expenses": -69000.0,
        "Gain On Sale Of Security": 1569000.0,
        "Net Non Operating Interest Income Expense": 112000.0,
        "Interest Income Non Operating": 112000.0,
        "Operating Income": 36770000.0,
        "Operating Expense": 65173000.0,
        "Depreciation Amortization Depletion Income Statement": 1664000.0,
        "Depreciation And Amortization In Income Statement": 1664000.0,
        "Research And Development": 29375000.0,
        "Selling General And Administration": 34134000.0,
        "Selling And Marketing Expense": 15742000.0,
        "General And Administrative Expense": 18392000.0,
        "Other Gand A": 18392000.0,
        "Gross Profit": 101943000.0,
        "Cost Of Revenue": 96158000.0,
        "Total Revenue": 198101000.0,
        "Operating Revenue": 198101000.0
    },
    "2022-06-30": {
        "Tax Effect Of Unusual Items": 451376.747012,
        "Tax Rate For Calcs": 0.219541,
        "Normalized EBITDA": 36943000.0,
        "Total Unusual Items": 2056000.0,
        "Total Unusual Items Excluding Goodwill": 2056000.0,
        "Net Income From Continuing Operation Net Minority Interest": 30825000.0,
        "Reconciled Depreciation": 1746000.0,
        "Reconciled Cost Of Revenue": 88646000.0,
        "EBITDA": 38999000.0,
        "EBIT": 37253000.0,
        "Net Interest Income": 92000.0,
        "Interest Income": 92000.0,
        "Normalized Income": 29220376.747012,
        "Net Income From Continuing And Discontinued Operation": 30825000.0,
        "Total Expenses": 154671000.0,
        "Total Operating Income As Reported": 37253000.0,
        "Diluted Average Shares": 63419000.0,
        "Basic Average Shares": 62954000.0,
        "Diluted EPS": 0.49,
        "Basic EPS": 0.49,
        "Diluted NI Availto Com Stockholders": 30825000.0,
        "Net Income Common Stockholders": 30825000.0,
        "Net Income": 30825000.0,
        "Net Income Including Noncontrolling Interests": 30825000.0,
        "Net Income Continuous Operations": 30825000.0,
        "Tax Provision": 8671000.0,
        "Pretax Income": 39496000.0,
        "Other Income Expense": 2151000.0,
        "Other Non Operating Income Expenses": 95000.0,
        "Gain On Sale Of Security": 2056000.0,
        "Net Non Operating Interest Income Expense": 92000.0,
        "Interest Income Non Operating": 92000.0,
        "Operating Income": 37253000.0,
        "Operating Expense": 66025000.0,
        "Depreciation Amortization Depletion Income Statement": 1746000.0,
        "Depreciation And Amortization In Income Statement": 1746000.0,
        "Research And Development": 27924000.0,
        "Selling General And Administration": 36355000.0,
        "Selling And Marketing Expense": 17749000.0,
        "General And Administrative Expense": 18606000.0,
        "Other Gand A": 18606000.0,
        "Gross Profit": 103278000.0,
        "Cost Of Revenue": 88646000.0,
        "Total Revenue": 191924000.0,
        "Operating Revenue": 191924000.0
    },
    "2022-03-31": {
        "Diluted EPS": 0.48,
        "Total Revenue": 179,
        "Gross Profit": 96,
        "Operating Income": 34,
        "EBIT": 36,
        "Net Income": 31
    },
    "2021-12-31": {
        "Diluted EPS": 0.32,
        "Total Revenue": 171,
        "Gross Profit": 90,
        "Operating Income": 27,
        "EBIT": 29,
        "Net Income": 21
    },
    "2021-09-30": {
        "Diluted EPS": 0.57,
        "Total Revenue": 169,
        "Gross Profit": 98,
        "Operating Income": 42,
        "EBIT": 44,
        "Net Income": 37
    },
    "2021-06-30": {
        "Diluted EPS": 0.48,
        "Total Revenue": 166,
        "Gross Profit": 95,
        "Operating Income": 39,
        "EBIT": 41,
        "Net Income": 31
    },
    "2021-03-31": {
        "Diluted EPS": 0.35,
        "Total Revenue": 157,
        "Gross Profit": 83,
        "Operating Income": 25,
        "EBIT": 28,
        "Net Income": 23
    },
    "2020-12-31": {
        "Diluted EPS": 0.32,
        "Total Revenue": 147,
        "Gross Profit": 80,
        "Operating Income": 28,
        "EBIT": 30,
        "Net Income": 21
    },
    "2020-09-30": {
        "Diluted EPS": 0.39,
        "Total Revenue": 150,
        "Gross Profit": 85,
        "Operating Income": 35,
        "EBIT": 37,
        "Net Income": 25
    },
    "2020-06-30": {
        "Diluted EPS": 0.3,
        "Total Revenue": 136,
        "Gross Profit": 73,
        "Operating Income": 27,
        "EBIT": 29,
        "Net Income": 19
    },
    "2020-03-31": {
        "Diluted EPS": 0.35,
        "Total Revenue": 154,
        "Gross Profit": 79,
        "Operating Income": 24,
        "EBIT": 27,
        "Net Income": 23
    },
    "2019-12-31": {
        "Diluted EPS": 0.26,
        "Total Revenue": 153,
        "Gross Profit": 81,
        "Operating Income": 25,
        "EBIT": 27,
        "Net Income": 17
    },
    "2019-09-30": {
        "Diluted EPS": 0.42,
        "Total Revenue": 162,
        "Gross Profit": 88,
        "Operating Income": 35,
        "EBIT": 37,
        "Net Income": 27
    },
    "2019-06-30": {
        "Diluted EPS": 0.32,
        "Total Revenue": 154,
        "Gross Profit": 83,
        "Operating Income": 28,
        "EBIT": 29,
        "Net Income": 21
    },
    "2019-03-31": {
        "Diluted EPS": 0.32,
        "Total Revenue": 148,
        "Gross Profit": 81,
        "Operating Income": 28,
        "EBIT": 30,
        "Net Income": 21
    },
    "2018-12-31": {
        "Diluted EPS": 0.4,
        "Total Revenue": 144,
        "Gross Profit": 82,
        "Operating Income": 34,
        "EBIT": 36,
        "Net Income": 26
    },
    "2018-09-30": {
        "Diluted EPS": 0.43,
        "Total Revenue": 142,
        "Gross Profit": 81,
        "Operating Income": 36,
        "EBIT": 38,
        "Net Income": 28
    },
    "2018-06-30": {
        "Diluted EPS": 0.42,
        "Total Revenue": 142,
        "Gross Profit": 83,
        "Operating Income": 36,
        "EBIT": 38,
        "Net Income": 28
    },
    "2018-03-31": {
        "Diluted EPS": 0.33,
        "Total Revenue": 131,
        "Gross Profit": 73,
        "Operating Income": 28,
        "EBIT": 30,
        "Net Income": 23
    },
    "2017-12-31": {
        "Diluted EPS": 0.36,
        "Total Revenue": 144,
        "Gross Profit": 85,
        "Operating Income": 44,
        "EBIT": 46,
        "Net Income": 25
    },
    "2017-09-30": {
        "Diluted EPS": 0.47,
        "Total Revenue": 153,
        "Gross Profit": 90,
        "Operating Income": 51,
        "EBIT": 53,
        "Net Income": 33
    },
    "2017-06-30": {
        "Diluted EPS": 0.45,
        "Total Revenue": 154,
        "Gross Profit": 92,
        "Operating Income": 49,
        "EBIT": 52,
        "Net Income": 31
    },
    "2017-03-31": {
        "Diluted EPS": 0.4,
        "Total Revenue": 143,
        "Gross Profit": 82,
        "Operating Income": 42,
        "EBIT": 44,
        "Net Income": 28
    },
    "2016-12-31": {
        "Diluted EPS": 0.41,
        "Total Revenue": 148,
        "Gross Profit": 87,
        "Operating Income": 45,
        "EBIT": 48,
        "Net Income": 30
    },
    "2016-09-30": {
        "Diluted EPS": 0.47,
        "Total Revenue": 152,
        "Gross Profit": 91,
        "Operating Income": 54,
        "EBIT": 56,
        "Net Income": 33
    },
    "2016-06-30": {
        "Diluted EPS": 0.46,
        "Total Revenue": 155,
        "Gross Profit": 92,
        "Operating Income": 52,
        "EBIT": 55,
        "Net Income": 33
    },
    "2016-03-31": {
        "Diluted EPS": 0.38,
        "Total Revenue": 150,
        "Gross Profit": 85,
        "Operating Income": 43,
        "EBIT": 45,
        "Net Income": 27
    },
    "2015-12-31": {
        "Diluted EPS": 0.36,
        "Total Revenue": 141,
        "Gross Profit": 81,
        "Operating Income": 40,
        "EBIT": 42,
        "Net Income": 26
    },
    "2015-09-30": {
        "Diluted EPS": 0.38,
        "Total Revenue": 142,
        "Gross Profit": 84,
        "Operating Income": 44,
        "EBIT": 46,
        "Net Income": 28
    },
    "2015-06-30": {
        "Diluted EPS": 0.35,
        "Total Revenue": 139,
        "Gross Profit": 80,
        "Operating Income": 41,
        "EBIT": 43,
        "Net Income": 26
    },
    "2015-03-31": {
        "Diluted EPS": 0.31,
        "Total Revenue": 134,
        "Gross Profit": 75,
        "Operating Income": 37,
        "EBIT": 39,
        "Net Income": 23
    },
    "2014-12-31": {
        "Diluted EPS": 0.27,
        "Total Revenue": 130,
        "Gross Profit": 72,
        "Operating Income": 29,
        "EBIT": 31,
        "Net Income": 20
    },
    "2014-09-30": {
        "Diluted EPS": 0.3,
        "Total Revenue": 126,
        "Gross Profit": 72,
        "Operating Income": 36,
        "EBIT": 37,
        "Net Income": 22
    },
    "2014-06-30": {
        "Diluted EPS": 0.27,
        "Total Revenue": 123,
        "Gross Profit": 70,
        "Operating Income": 33,
        "EBIT": 34,
        "Net Income": 21
    },
    "2014-03-31": {
        "Diluted EPS": 0.24,
        "Total Revenue": 114,
        "Gross Profit": 66,
        "Operating Income": 30,
        "EBIT": 32,
        "Net Income": 19
    },
    "2013-12-31": {
        "Diluted EPS": 0.22,
        "Total Revenue": 108,
        "Gross Profit": 59,
        "Operating Income": 25,
        "EBIT": 26,
        "Net Income": 17
    },
    "2013-09-30": {
        "Diluted EPS": 0.25,
        "Total Revenue": 108,
        "Gross Profit": 63,
        "Operating Income": 31,
        "EBIT": 32,
        "Net Income": 20
    },
    "2013-06-30": {
        "Diluted EPS": 0.22,
        "Total Revenue": 103,
        "Gross Profit": 58,
        "Operating Income": 26,
        "EBIT": 28,
        "Net Income": 17
    },
    "2013-03-31": {
        "Diluted EPS": 0.17,
        "Total Revenue": 97,
        "Gross Profit": 54,
        "Operating Income": 20,
        "EBIT": 21,
        "Net Income": 13
    },
    "2012-12-31": {
        "Diluted EPS": 0.16,
        "Total Revenue": 95,
        "Gross Profit": 52,
        "Operating Income": 19,
        "EBIT": 21,
        "Net Income": 12
    },
    "2012-09-30": {
        "Diluted EPS": 0.17,
        "Total Revenue": 96,
        "Gross Profit": 55,
        "Operating Income": 22,
        "EBIT": 23,
        "Net Income": 14
    },
    "2012-06-30": {
        "Diluted EPS": 0.18,
        "Total Revenue": 94,
        "Gross Profit": 54,
        "Operating Income": 21,
        "EBIT": 23,
        "Net Income": 14
    },
    "2012-03-31": {
        "Diluted EPS": 0.14,
        "Total Revenue": 91,
        "Gross Profit": 54,
        "Operating Income": 18,
        "EBIT": 19,
        "Net Income": 11
    },
    "2011-12-31": {
        "Diluted EPS": 0.12,
        "Total Revenue": 84,
        "Gross Profit": 49,
        "Operating Income": 16,
        "EBIT": 18,
        "Net Income": 11
    },
    "2011-09-30": {
        "Diluted EPS": 0.18,
        "Total Revenue": 86,
        "Gross Profit": 50,
        "Operating Income": 19,
        "EBIT": 21,
        "Net Income": 15
    },
    "2011-06-30": {
        "Diluted EPS": 0.14,
        "Total Revenue": 88,
        "Gross Profit": 53,
        "Operating Income": 18,
        "EBIT": 20,
        "Net Income": 12
    },
    "2011-03-31": {
        "Diluted EPS": 0.08,
        "Total Revenue": 72,
        "Gross Profit": 39,
        "Operating Income": 8,
        "EBIT": 10,
        "Net Income": 7
    },
    "2010-12-31": {
        "Diluted EPS": 0.07,
        "Total Revenue": 72,
        "Gross Profit": 39,
        "Operating Income": 9,
        "EBIT": 11,
        "Net Income": 6
    },
    "2010-09-30": {
        "Diluted EPS": 0.07,
        "Total Revenue": 74,
        "Gross Profit": 41,
        "Operating Income": 10,
        "EBIT": 12,
        "Net Income": 6
    },
    "2010-06-30": {
        "Diluted EPS": 0.09,
        "Total Revenue": 78,
        "Gross Profit": 45,
        "Operating Income": 12,
        "EBIT": 14,
        "Net Income": 8
    },
    "2010-03-31": {
        "Diluted EPS": 0.08,
        "Total Revenue": 74,
        "Gross Profit": 43,
        "Operating Income": 11,
        "EBIT": 14,
        "Net Income": 7
    },
    "2009-12-31": {
        "Diluted EPS": 0.06,
        "Total Revenue": 62,
        "Gross Profit": 37,
        "Operating Income": 10,
        "EBIT": 12,
        "Net Income": 6
    },
    "2009-09-30": {
        "Diluted EPS": 0.13,
        "Total Revenue": 65,
        "Gross Profit": 39,
        "Operating Income": 11,
        "EBIT": 14,
        "Net Income": 11
    },
    "2009-06-30": {
        "Diluted EPS": -0.01,
        "Total Revenue": 58,
        "Gross Profit": 32,
        "Operating Income": 0,
        "EBIT": 3,
        "Net Income": -1
    },
    "2009-03-31": {
        "Diluted EPS": 0.0,
        "Total Revenue": 61,
        "Gross Profit": 32,
        "Operating Income": 1,
        "EBIT": 4,
        "Net Income": 0
    },
    "2023-09-30": {
        "Tax Effect Of Unusual Items": 0.0,
        "Tax Rate For Calcs": 0.104,
        "Normalized EBITDA": 54888000.0,
        "Net Income From Continuing Operation Net Minority Interest": 49421000.0,
        "Reconciled Depreciation": 1440000.0,
        "Reconciled Cost Of Revenue": 111439000.0,
        "EBITDA": 54888000.0,
        "EBIT": 53448000.0,
        "Normalized Income": 49421000.0,
        "Net Income From Continuing And Discontinued Operation": 49421000.0,
        "Total Expenses": 184993000.0,
        "Total Operating Income As Reported": 53448000.0,
        "Diluted Average Shares": 62310000.0,
        "Basic Average Shares": 61639000.0,
        "Diluted EPS": 0.79,
        "Basic EPS": 0.8,
        "Diluted NI Availto Com Stockholders": 49421000.0,
        "Net Income Common Stockholders": 49421000.0,
        "Net Income": 49421000.0,
        "Net Income Including Noncontrolling Interests": 49421000.0,
        "Net Income Continuous Operations": 49421000.0,
        "Tax Provision": 5766000.0,
        "Pretax Income": 55187000.0,
        "Other Income Expense": 1739000.0,
        "Other Non Operating Income Expenses": 1739000.0,
        "Operating Income": 53448000.0,
        "Operating Expense": 73554000.0,
        "Depreciation Amortization Depletion Income Statement": 1440000.0,
        "Depreciation And Amortization In Income Statement": 1440000.0,
        "Research And Development": 33093000.0,
        "Selling General And Administration": 39021000.0,
        "Selling And Marketing Expense": 17650000.0,
        "General And Administrative Expense": 21371000.0,
        "Other Gand A": 21371000.0,
        "Gross Profit": 127002000.0,
        "Cost Of Revenue": 111439000.0,
        "Total Revenue": 238441000.0,
        "Operating Revenue": 238441000.0
    },
    "2023-12-31": {
        "Tax Effect Of Unusual Items": 0.0,
        "Tax Rate For Calcs": 0.184089,
        "Normalized EBITDA": 60370000.0,
        "Net Income From Continuing Operation Net Minority Interest": 48736000.0,
        "Reconciled Depreciation": 1505000.0,
        "Reconciled Cost Of Revenue": 106733000.0,
        "EBITDA": 60370000.0,
        "EBIT": 58865000.0,
        "Normalized Income": 48736000.0,
        "Net Income From Continuing And Discontinued Operation": 48736000.0,
        "Total Expenses": 179390000.0,
        "Total Operating Income As Reported": 58865000.0,
        "Diluted Average Shares": 62555000.0,
        "Basic Average Shares": 61566000.0,
        "Diluted EPS": 0.78,
        "Basic EPS": 0.79,
        "Diluted NI Availto Com Stockholders": 48736000.0,
        "Net Income Common Stockholders": 48736000.0,
        "Net Income": 48736000.0,
        "Net Income Including Noncontrolling Interests": 48736000.0,
        "Net Income Continuous Operations": 48736000.0,
        "Tax Provision": 10996000.0,
        "Pretax Income": 59732000.0,
        "Other Income Expense": -4437000.0,
        "Other Non Operating Income Expenses": -4437000.0,
        "Operating Income": 58865000.0,
        "Operating Expense": 72657000.0,
        "Depreciation Amortization Depletion Income Statement": 1505000.0,
        "Depreciation And Amortization In Income Statement": 1505000.0,
        "Research And Development": 31327000.0,
        "Selling General And Administration": 39825000.0,
        "Selling And Marketing Expense": 20212000.0,
        "General And Administrative Expense": 19613000.0,
        "Other Gand A": 19613000.0,
        "Gross Profit": 131522000.0,
        "Cost Of Revenue": 106733000.0,
        "Total Revenue": 238255000.0,
        "Operating Revenue": 238255000.0
    }
}