{
    "2023-03-31": {
        "Tax Effect Of Unusual Items": NaN,
        "Tax Rate For Calcs": NaN,
        "Normalized EBITDA": NaN,
        "Total Unusual Items": NaN,
        "Total Unusual Items Excluding Goodwill": NaN,
        "Net Income From Continuing Operation Net Minority Interest": NaN,
        "Reconciled Depreciation": NaN,
        "EBITDA": NaN,
        "EBIT": NaN,
        "Net Interest Income": NaN,
        "Interest Expense": NaN,
        "Interest Income": NaN,
        "Normalized Income": NaN,
        "Net Income From Continuing And Discontinued Operation": NaN,
        "Total Expenses": NaN,
        "Total Operating Income As Reported": NaN,
        "Diluted Average Shares": 163062000.0,
        "Basic Average Shares": 163062000.0,
        "Diluted EPS": -0.034,
        "Basic EPS": -0.034,
        "Diluted NI Availto Com Stockholders": NaN,
        "Net Income Common Stockholders": NaN,
        "Net Income": NaN,
        "Net Income Including Noncontrolling Interests": NaN,
        "Net Income Continuous Operations": NaN,
        "Tax Provision": NaN,
        "Pretax Income": NaN,
        "Other Income Expense": NaN,
        "Special Income Charges": NaN,
        "Gain On Sale Of Ppe": NaN,
        "Other Special Charges": NaN,
        "Gain On Sale Of Security": NaN,
        "Net Non Operating Interest Income Expense": NaN,
        "Total Other Finance Cost": NaN,
        "Interest Expense Non Operating": NaN,
        "Interest Income Non Operating": NaN,
        "Operating Income": NaN,
        "Operating Expense": NaN,
        "Other Operating Expenses": NaN,
        "Depreciation Amortization Depletion Income Statement": NaN,
        "Depreciation And Amortization In Income Statement": NaN,
        "Amortization": NaN,
        "Amortization Of Intangibles Income Statement": NaN,
        "Depreciation Income Statement": NaN,
        "Selling General And Administration": NaN,
        "Selling And Marketing Expense": 6060000.0,
        "General And Administrative Expense": NaN,
        "Other Gand A": 6060000.0,
        "Salaries And Wages": NaN,
        "Total Revenue": NaN,
        "Operating Revenue": NaN
    },
    "2022-12-31": {
        "Tax Effect Of Unusual Items": NaN,
        "Tax Rate For Calcs": NaN,
        "Normalized EBITDA": NaN,
        "Total Unusual Items": NaN,
        "Total Unusual Items Excluding Goodwill": NaN,
        "Net Income From Continuing Operation Net Minority Interest": NaN,
        "Reconciled Depreciation": NaN,
        "EBITDA": NaN,
        "EBIT": NaN,
        "Net Interest Income": NaN,
        "Interest Expense": NaN,
        "Interest Income": NaN,
        "Normalized Income": NaN,
        "Net Income From Continuing And Discontinued Operation": NaN,
        "Total Expenses": NaN,
        "Total Operating Income As Reported": NaN,
        "Diluted Average Shares": NaN,
        "Basic Average Shares": NaN,
        "Diluted EPS": NaN,
        "Basic EPS": NaN,
        "Diluted NI Availto Com Stockholders": NaN,
        "Net Income Common Stockholders": NaN,
        "Net Income": NaN,
        "Net Income Including Noncontrolling Interests": NaN,
        "Net Income Continuous Operations": NaN,
        "Tax Provision": NaN,
        "Pretax Income": NaN,
        "Other Income Expense": NaN,
        "Special Income Charges": NaN,
        "Gain On Sale Of Ppe": NaN,
        "Other Special Charges": NaN,
        "Gain On Sale Of Security": 22611000.0,
        "Net Non Operating Interest Income Expense": NaN,
        "Total Other Finance Cost": 188000.0,
        "Interest Expense Non Operating": NaN,
        "Interest Income Non Operating": NaN,
        "Operating Income": NaN,
        "Operating Expense": NaN,
        "Other Operating Expenses": 37397000.0,
        "Depreciation Amortization Depletion Income Statement": 48580000.0,
        "Depreciation And Amortization In Income Statement": 48580000.0,
        "Amortization": 44971000.0,
        "Amortization Of Intangibles Income Statement": 44971000.0,
        "Depreciation Income Statement": 3609000.0,
        "Selling General And Administration": 81663000.0,
        "Selling And Marketing Expense": 4353000.0,
        "General And Administrative Expense": 77310000.0,
        "Other Gand A": NaN,
        "Salaries And Wages": 77310000.0,
        "Total Revenue": NaN,
        "Operating Revenue": NaN
    },
    "2022-09-30": {
        "Tax Effect Of Unusual Items": -1383647.657841,
        "Tax Rate For Calcs": 0.228513,
        "Normalized EBITDA": 23580000.0,
        "Total Unusual Items": -6055000.0,
        "Total Unusual Items Excluding Goodwill": -6055000.0,
        "Net Income From Continuing Operation Net Minority Interest": -26516000.0,
        "Reconciled Depreciation": 43617000.0,
        "EBITDA": 17525000.0,
        "EBIT": -26092000.0,
        "Net Interest Income": -8325000.0,
        "Interest Expense": 8278000.0,
        "Interest Income": 130000.0,
        "Normalized Income": -21844647.657841,
        "Net Income From Continuing And Discontinued Operation": -26516000.0,
        "Total Expenses": 163644000.0,
        "Total Operating Income As Reported": -3382000.0,
        "Diluted Average Shares": 163062000.0,
        "Basic Average Shares": 163062000.0,
        "Diluted EPS": -0.1626,
        "Basic EPS": -0.1626,
        "Diluted NI Availto Com Stockholders": -26516000.0,
        "Net Income Common Stockholders": -26516000.0,
        "Net Income": -26516000.0,
        "Net Income Including Noncontrolling Interests": -26516000.0,
        "Net Income Continuous Operations": -26516000.0,
        "Tax Provision": -7854000.0,
        "Pretax Income": -34370000.0,
        "Other Income Expense": -6055000.0,
        "Special Income Charges": 16608000.0,
        "Gain On Sale Of Ppe": 16608000.0,
        "Gain On Sale Of Security": -22663000.0,
        "Net Non Operating Interest Income Expense": -8325000.0,
        "Total Other Finance Cost": 177000.0,
        "Interest Expense Non Operating": 8278000.0,
        "Interest Income Non Operating": 130000.0,
        "Operating Income": -19990000.0,
        "Operating Expense": 163644000.0,
        "Other Operating Expenses": 37771000.0,
        "Depreciation Amortization Depletion Income Statement": 43617000.0,
        "Depreciation And Amortization In Income Statement": 43617000.0,
        "Amortization": 40139000.0,
        "Amortization Of Intangibles Income Statement": 40139000.0,
        "Depreciation Income Statement": 3478000.0,
        "Selling General And Administration": 82256000.0,
        "General And Administrative Expense": 82256000.0,
        "Other Gand A": NaN,
        "Salaries And Wages": 82256000.0,
        "Total Revenue": 143654000.0,
        "Operating Revenue": 143654000.0
    },
    "2022-06-30": {
        "Tax Effect Of Unusual Items": 926907.772224,
        "Tax Rate For Calcs": 0.228528,
        "Normalized EBITDA": -8076000.0,
        "Total Unusual Items": 4056000.0,
        "Total Unusual Items Excluding Goodwill": 4056000.0,
        "Net Income From Continuing Operation Net Minority Interest": -70842000.0,
        "Reconciled Depreciation": 41754000.0,
        "EBITDA": -4020000.0,
        "EBIT": -45774000.0,
        "Net Interest Income": -31005000.0,
        "Interest Expense": 46053000.0,
        "Interest Income": 15048000.0,
        "Normalized Income": -73971092.227776,
        "Net Income From Continuing And Discontinued Operation": -70842000.0,
        "Total Expenses": 183330000.0,
        "Total Operating Income As Reported": -60822000.0,
        "Diluted Average Shares": 163004000.0,
        "Basic Average Shares": 163004000.0,
        "Diluted EPS": -0.4346,
        "Basic EPS": -0.4346,
        "Diluted NI Availto Com Stockholders": -70842000.0,
        "Net Income Common Stockholders": -70842000.0,
        "Net Income": -70842000.0,
        "Net Income Including Noncontrolling Interests": -70842000.0,
        "Net Income Continuous Operations": -70842000.0,
        "Tax Provision": -20985000.0,
        "Pretax Income": -91827000.0,
        "Other Income Expense": 4056000.0,
        "Special Income Charges": 4056000.0,
        "Gain On Sale Of Ppe": 4056000.0,
        "Other Special Charges": 14700000.0,
        "Gain On Sale Of Security": -22956000.0,
        "Net Non Operating Interest Income Expense": -31005000.0,
        "Total Other Finance Cost": 185000.0,
        "Interest Expense Non Operating": 46053000.0,
        "Interest Income Non Operating": 15048000.0,
        "Operating Income": -64878000.0,
        "Operating Expense": 183330000.0,
        "Other Operating Expenses": 12187000.0,
        "Depreciation Amortization Depletion Income Statement": 41754000.0,
        "Depreciation And Amortization In Income Statement": 41754000.0,
        "Amortization": 38231000.0,
        "Amortization Of Intangibles Income Statement": 38231000.0,
        "Depreciation Income Statement": 3523000.0,
        "Selling General And Administration": 114639000.0,
        "General And Administrative Expense": 114639000.0,
        "Other Gand A": NaN,
        "Salaries And Wages": 96117000.0,
        "Total Revenue": 118452000.0,
        "Operating Revenue": 118452000.0
    },
    "2022-03-31": {
        "Diluted EPS": -0.23,
        "Total Revenue": 205,
        "Gross Profit": 205,
        "Operating Income": -29,
        "EBIT": 4,
        "Net Income": -37
    },
    "2021-12-31": {
        "Diluted EPS": -0.01,
        "Total Revenue": 250,
        "Gross Profit": 250,
        "Operating Income": 7,
        "EBIT": 63,
        "Net Income": -2
    },
    "2021-09-30": {
        "Diluted EPS": -0.13,
        "Total Revenue": 174,
        "Gross Profit": 174,
        "Operating Income": -14,
        "EBIT": 40,
        "Net Income": -21
    },
    "2021-06-30": {
        "Diluted EPS": -0.89,
        "Total Revenue": 133,
        "Gross Profit": 133,
        "Operating Income": -49,
        "EBIT": -17,
        "Net Income": -144
    },
    "2021-03-31": {
        "Diluted EPS": -0.15,
        "Total Revenue": 163,
        "Gross Profit": 163,
        "Operating Income": -30,
        "EBIT": 22,
        "Net Income": -25
    },
    "2020-12-31": {
        "Diluted EPS": 0.52,
        "Total Revenue": 228,
        "Gross Profit": 228,
        "Operating Income": 64,
        "EBIT": 113,
        "Net Income": 84
    },
    "2020-09-30": {
        "Diluted EPS": -0.24,
        "Total Revenue": 141,
        "Gross Profit": 141,
        "Operating Income": -35,
        "EBIT": 11,
        "Net Income": -39
    },
    "2020-06-30": {
        "Diluted EPS": -0.28,
        "Total Revenue": 99,
        "Gross Profit": 99,
        "Operating Income": -50,
        "EBIT": -31,
        "Net Income": -47
    },
    "2020-03-31": {
        "Diluted EPS": -0.18,
        "Total Revenue": 158,
        "Gross Profit": 158,
        "Operating Income": -4,
        "EBIT": 41,
        "Net Income": -29
    },
    "2019-12-31": {
        "Diluted EPS": 0.27,
        "Total Revenue": 217,
        "Gross Profit": 217,
        "Operating Income": 47,
        "EBIT": 109,
        "Net Income": 45
    },
    "2019-09-30": {
        "Diluted EPS": 0.01,
        "Total Revenue": 167,
        "Gross Profit": 167,
        "Operating Income": 14,
        "EBIT": 43,
        "Net Income": 1
    },
    "2019-06-30": {
        "Diluted EPS": -0.17,
        "Total Revenue": 169,
        "Gross Profit": 169,
        "Operating Income": -40,
        "EBIT": -31,
        "Net Income": -29
    },
    "2019-03-31": {
        "Diluted EPS": 0.06,
        "Total Revenue": 198,
        "Gross Profit": 198,
        "Operating Income": 19,
        "EBIT": 63,
        "Net Income": 10
    },
    "2018-12-31": {
        "Diluted EPS": 0.21,
        "Total Revenue": 268,
        "Gross Profit": 268,
        "Operating Income": 68,
        "EBIT": 114,
        "Net Income": 34
    },
    "2018-09-30": {
        "Diluted EPS": 0.05,
        "Total Revenue": 176,
        "Gross Profit": 176,
        "Operating Income": 18,
        "EBIT": 68,
        "Net Income": 9
    },
    "2018-06-30": {
        "Diluted EPS": -0.14,
        "Total Revenue": 201,
        "Gross Profit": 201,
        "Operating Income": 5,
        "EBIT": 128,
        "Net Income": -22
    },
    "2018-03-31": {
        "Diluted EPS": 0.0,
        "Total Revenue": 191,
        "Gross Profit": 191,
        "Operating Income": -3,
        "EBIT": -30,
        "Net Income": 0
    },
    "2017-12-31": {
        "Diluted EPS": -0.24,
        "Total Revenue": 218,
        "Gross Profit": 218,
        "Operating Income": 38,
        "EBIT": 68,
        "Net Income": -39
    },
    "2017-09-30": {
        "Diluted EPS": 0.06,
        "Total Revenue": 185,
        "Gross Profit": 185,
        "Operating Income": 20,
        "EBIT": 71,
        "Net Income": 10
    },
    "2017-06-30": {
        "Diluted EPS": 0.19,
        "Total Revenue": 225,
        "Gross Profit": 225,
        "Operating Income": 53,
        "EBIT": 92,
        "Net Income": 31
    },
    "2017-03-31": {
        "Diluted EPS": -0.03,
        "Total Revenue": 158,
        "Gross Profit": 158,
        "Operating Income": -5,
        "EBIT": 37,
        "Net Income": -5
    },
    "2016-12-31": {
        "Diluted EPS": 0.13,
        "Total Revenue": 196,
        "Gross Profit": 196,
        "Operating Income": 47,
        "EBIT": 90,
        "Net Income": 22
    },
    "2016-09-30": {
        "Diluted EPS": 0.01,
        "Total Revenue": 158,
        "Gross Profit": 158,
        "Operating Income": 8,
        "EBIT": 41,
        "Net Income": 2
    },
    "2016-06-30": {
        "Diluted EPS": -0.01,
        "Total Revenue": 196,
        "Gross Profit": 196,
        "Operating Income": -6,
        "EBIT": 44,
        "Net Income": -1
    },
    "2016-03-31": {
        "Diluted EPS": 0.12,
        "Total Revenue": 177,
        "Gross Profit": 177,
        "Operating Income": 33,
        "EBIT": 60,
        "Net Income": 20
    },
    "2015-12-31": {
        "Diluted EPS": 0.17,
        "Total Revenue": 203,
        "Gross Profit": 203,
        "Operating Income": 49,
        "EBIT": 96,
        "Net Income": 28
    },
    "2015-09-30": {
        "Diluted EPS": 0.05,
        "Total Revenue": 192,
        "Gross Profit": 192,
        "Operating Income": 26,
        "EBIT": 64,
        "Net Income": 8
    },
    "2015-06-30": {
        "Diluted EPS": -0.07,
        "Total Revenue": 162,
        "Gross Profit": 162,
        "Operating Income": 3,
        "EBIT": 139,
        "Net Income": -11
    },
    "2015-03-31": {
        "Diluted EPS": -0.03,
        "Total Revenue": 149,
        "Gross Profit": 149,
        "Operating Income": 37,
        "EBIT": 37,
        "Net Income": -5
    },
    "2014-12-31": {
        "Diluted EPS": 0.0,
        "Total Revenue": 161,
        "Gross Profit": 161,
        "Operating Income": 14,
        "EBIT": 14,
        "Net Income": 0
    },
    "2014-09-30": {
        "Diluted EPS": 0.09,
        "Total Revenue": 141,
        "Gross Profit": 141,
        "Operating Income": -14,
        "EBIT": -14,
        "Net Income": 14
    },
    "2014-06-30": {
        "Diluted EPS": -0.06,
        "Total Revenue": 155,
        "Gross Profit": 155,
        "Operating Income": -17,
        "EBIT": -14,
        "Net Income": -9
    },
    "2014-03-31": {
        "Diluted EPS": 0.11,
        "Total Revenue": 194,
        "Gross Profit": 194,
        "Operating Income": 43,
        "EBIT": 53,
        "Net Income": 18
    },
    "2013-12-31": {
        "Diluted EPS": 0.19,
        "Total Revenue": 202,
        "Gross Profit": 202,
        "Operating Income": 60,
        "EBIT": 38,
        "Net Income": 31
    },
    "2013-09-30": {
        "Diluted EPS": 0.0,
        "Total Revenue": 157,
        "Gross Profit": 157,
        "Operating Income": 17,
        "EBIT": 39,
        "Net Income": 0
    },
    "2013-06-30": {
        "Diluted EPS": 1.04,
        "Total Revenue": 136,
        "Gross Profit": 136,
        "Operating Income": 8,
        "EBIT": 66,
        "Net Income": 169
    },
    "2013-03-31": {
        "Diluted EPS": 0.03,
        "Total Revenue": 143,
        "Gross Profit": 143,
        "Operating Income": 20,
        "EBIT": 33,
        "Net Income": 6
    },
    "2012-12-31": {
        "Diluted EPS": 0.15,
        "Total Revenue": 171,
        "Gross Profit": 171,
        "Operating Income": 53,
        "EBIT": 56,
        "Net Income": 25
    },
    "2012-09-30": {
        "Diluted EPS": 0.21,
        "Total Revenue": 121,
        "Gross Profit": 121,
        "Operating Income": 3,
        "EBIT": 6,
        "Net Income": 32
    },
    "2012-06-30": {
        "Diluted EPS": -0.16,
        "Total Revenue": 121,
        "Gross Profit": 121,
        "Operating Income": 121,
        "EBIT": 121,
        "Net Income": -24
    },
    "2012-03-31": {
        "Diluted EPS": 0.01,
        "Total Revenue": 111,
        "Gross Profit": 111,
        "Operating Income": 111,
        "EBIT": 111,
        "Net Income": 2
    },
    "2011-12-31": {
        "Diluted EPS": 0.43,
        "Total Revenue": 163,
        "Gross Profit": 163,
        "Operating Income": 163,
        "EBIT": 163,
        "Net Income": 67
    },
    "2011-09-30": {
        "Diluted EPS": -0.04,
        "Total Revenue": 92,
        "Gross Profit": 92,
        "Operating Income": 92,
        "EBIT": 92,
        "Net Income": -6
    },
    "2011-06-30": {
        "Diluted EPS": 0.0,
        "Total Revenue": 144,
        "Gross Profit": 144,
        "Operating Income": 144,
        "EBIT": 144,
        "Net Income": -1
    },
    "2023-06-30": {
        "Tax Effect Of Unusual Items": 2388680.0,
        "Tax Rate For Calcs": 0.19,
        "Normalized EBITDA": 46436000.0,
        "Total Unusual Items": 12572000.0,
        "Total Unusual Items Excluding Goodwill": 12572000.0,
        "Net Income From Continuing Operation Net Minority Interest": -2921000.0,
        "Reconciled Depreciation": 47946000.0,
        "EBITDA": 59008000.0,
        "EBIT": 11062000.0,
        "Net Interest Income": -12626000.0,
        "Interest Expense": 12842000.0,
        "Interest Income": 408000.0,
        "Normalized Income": -13104320.0,
        "Net Income From Continuing And Discontinued Operation": -2921000.0,
        "Total Expenses": 169057000.0,
        "Total Operating Income As Reported": -260000.0,
        "Diluted Average Shares": 163062000.0,
        "Basic Average Shares": 163062000.0,
        "Diluted EPS": -0.0179,
        "Basic EPS": -0.0179,
        "Diluted NI Availto Com Stockholders": -2921000.0,
        "Net Income Common Stockholders": -2921000.0,
        "Net Income": -2921000.0,
        "Net Income Including Noncontrolling Interests": -2921000.0,
        "Net Income Continuous Operations": -2921000.0,
        "Tax Provision": 1141000.0,
        "Pretax Income": -1780000.0,
        "Other Income Expense": 12572000.0,
        "Special Income Charges": 4455000.0,
        "Gain On Sale Of Ppe": 4455000.0,
        "Other Special Charges": NaN,
        "Gain On Sale Of Security": 8117000.0,
        "Net Non Operating Interest Income Expense": -12626000.0,
        "Total Other Finance Cost": 192000.0,
        "Interest Expense Non Operating": 12842000.0,
        "Interest Income Non Operating": 408000.0,
        "Operating Income": -1726000.0,
        "Operating Expense": 169057000.0,
        "Other Operating Expenses": 10034000.0,
        "Depreciation Amortization Depletion Income Statement": 47946000.0,
        "Depreciation And Amortization In Income Statement": 47946000.0,
        "Amortization": 44652000.0,
        "Amortization Of Intangibles Income Statement": 44652000.0,
        "Depreciation Income Statement": 3294000.0,
        "Selling General And Administration": 111077000.0,
        "Selling And Marketing Expense": 4958000.0,
        "General And Administrative Expense": 106119000.0,
        "Other Gand A": 23916000.0,
        "Salaries And Wages": 86782000.0,
        "Total Revenue": 167331000.0,
        "Operating Revenue": 167331000.0
    },
    "2023-09-30": {
        "Tax Effect Of Unusual Items": 1541987.745397,
        "Tax Rate For Calcs": 0.214821,
        "Normalized EBITDA": 23447000.0,
        "Total Unusual Items": 7178000.0,
        "Total Unusual Items Excluding Goodwill": 7178000.0,
        "Net Income From Continuing Operation Net Minority Interest": -25757000.0,
        "Reconciled Depreciation": 50947000.0,
        "EBITDA": 30625000.0,
        "EBIT": -20322000.0,
        "Net Interest Income": -12316000.0,
        "Interest Expense": 12482000.0,
        "Interest Income": 349000.0,
        "Normalized Income": -31393012.254603,
        "Net Income From Continuing And Discontinued Operation": -25757000.0,
        "Total Expenses": 184762000.0,
        "Total Operating Income As Reported": 1815000.0,
        "Diluted Average Shares": 163159000.0,
        "Basic Average Shares": 163159000.0,
        "Diluted EPS": -0.1579,
        "Basic EPS": -0.1579,
        "Diluted NI Availto Com Stockholders": -25757000.0,
        "Net Income Common Stockholders": -25757000.0,
        "Net Income": -25757000.0,
        "Net Income Including Noncontrolling Interests": -25757000.0,
        "Net Income Continuous Operations": -25757000.0,
        "Tax Provision": -7047000.0,
        "Pretax Income": -32804000.0,
        "Other Income Expense": 7178000.0,
        "Special Income Charges": 29481000.0,
        "Gain On Sale Of Ppe": 29481000.0,
        "Other Special Charges": NaN,
        "Gain On Sale Of Security": -22303000.0,
        "Net Non Operating Interest Income Expense": -12316000.0,
        "Total Other Finance Cost": 183000.0,
        "Interest Expense Non Operating": 12482000.0,
        "Interest Income Non Operating": 349000.0,
        "Operating Income": -27666000.0,
        "Operating Expense": 184762000.0,
        "Other Operating Expenses": 43523000.0,
        "Depreciation Amortization Depletion Income Statement": 50947000.0,
        "Depreciation And Amortization In Income Statement": 50947000.0,
        "Amortization": 46845000.0,
        "Amortization Of Intangibles Income Statement": 46845000.0,
        "Depreciation Income Statement": 4102000.0,
        "Selling General And Administration": 90292000.0,
        "Selling And Marketing Expense": NaN,
        "General And Administrative Expense": 90292000.0,
        "Other Gand A": NaN,
        "Salaries And Wages": 90292000.0,
        "Total Revenue": 157096000.0,
        "Operating Revenue": 157096000.0
    },
    "2023-12-31": {
        "Tax Effect Of Unusual Items": 1497052.977699,
        "Tax Rate For Calcs": 0.251479,
        "Normalized EBITDA": 90991000.0,
        "Total Unusual Items": 5953000.0,
        "Total Unusual Items Excluding Goodwill": 5953000.0,
        "Net Income From Continuing Operation Net Minority Interest": 20374000.0,
        "Reconciled Depreciation": 54648000.0,
        "EBITDA": 96944000.0,
        "EBIT": 42296000.0,
        "Net Interest Income": -15424000.0,
        "Interest Expense": 15077000.0,
        "Interest Income": 223000.0,
        "Normalized Income": 15918052.977699,
        "Net Income From Continuing And Discontinued Operation": 20374000.0,
        "Total Expenses": 189066000.0,
        "Total Operating Income As Reported": 27494000.0,
        "Diluted Average Shares": 163723000.0,
        "Basic Average Shares": 163159000.0,
        "Diluted EPS": 0.1244,
        "Basic EPS": 0.1249,
        "Diluted NI Availto Com Stockholders": 20374000.0,
        "Net Income Common Stockholders": 20374000.0,
        "Net Income": 20374000.0,
        "Net Income Including Noncontrolling Interests": 20374000.0,
        "Net Income Continuous Operations": 20374000.0,
        "Tax Provision": 6845000.0,
        "Pretax Income": 27219000.0,
        "Other Income Expense": 5953000.0,
        "Special Income Charges": -9196000.0,
        "Gain On Sale Of Ppe": 399000.0,
        "Other Special Charges": 9595000.0,
        "Gain On Sale Of Security": 15149000.0,
        "Net Non Operating Interest Income Expense": -15424000.0,
        "Total Other Finance Cost": 570000.0,
        "Interest Expense Non Operating": 15077000.0,
        "Interest Income Non Operating": 223000.0,
        "Operating Income": 36690000.0,
        "Operating Expense": 189066000.0,
        "Other Operating Expenses": 33142000.0,
        "Depreciation Amortization Depletion Income Statement": 54648000.0,
        "Depreciation And Amortization In Income Statement": 54648000.0,
        "Amortization": 50495000.0,
        "Amortization Of Intangibles Income Statement": 50495000.0,
        "Depreciation Income Statement": 4153000.0,
        "Selling General And Administration": 101276000.0,
        "Selling And Marketing Expense": 6186000.0,
        "General And Administrative Expense": 95090000.0,
        "Other Gand A": NaN,
        "Salaries And Wages": 95090000.0,
        "Total Revenue": 225756000.0,
        "Operating Revenue": 225756000.0
    },
    "2024-03-31": {
        "Tax Effect Of Unusual Items": -4785487.250057,
        "Tax Rate For Calcs": 0.14442,
        "Normalized EBITDA": 13613000.0,
        "Total Unusual Items": -33136000.0,
        "Total Unusual Items Excluding Goodwill": -33136000.0,
        "Net Income From Continuing Operation Net Minority Interest": -71500000.0,
        "Reconciled Depreciation": 50406000.0,
        "EBITDA": -19523000.0,
        "EBIT": -69929000.0,
        "Net Interest Income": -13734000.0,
        "Interest Expense": 13640000.0,
        "Interest Income": 280000.0,
        "Normalized Income": -43149487.250057,
        "Net Income From Continuing And Discontinued Operation": -71500000.0,
        "Total Expenses": 173392000.0,
        "Total Operating Income As Reported": -66249000.0,
        "Diluted Average Shares": 165823000.0,
        "Basic Average Shares": 165823000.0,
        "Diluted EPS": -0.4312,
        "Basic EPS": -0.4312,
        "Diluted NI Availto Com Stockholders": -71500000.0,
        "Net Income Common Stockholders": -71500000.0,
        "Net Income": -71500000.0,
        "Net Income Including Noncontrolling Interests": -71500000.0,
        "Net Income Continuous Operations": -71500000.0,
        "Tax Provision": -12069000.0,
        "Pretax Income": -83569000.0,
        "Other Income Expense": -33136000.0,
        "Special Income Charges": -29550000.0,
        "Gain On Sale Of Ppe": 790000.0,
        "Other Special Charges": 30340000.0,
        "Gain On Sale Of Security": -3586000.0,
        "Net Non Operating Interest Income Expense": -13734000.0,
        "Total Other Finance Cost": 374000.0,
        "Interest Expense Non Operating": 13640000.0,
        "Interest Income Non Operating": 280000.0,
        "Operating Income": -36699000.0,
        "Operating Expense": 173392000.0,
        "Other Operating Expenses": 26574000.0,
        "Depreciation Amortization Depletion Income Statement": 50406000.0,
        "Depreciation And Amortization In Income Statement": 50406000.0,
        "Amortization": 46262000.0,
        "Amortization Of Intangibles Income Statement": 46262000.0,
        "Depreciation Income Statement": 4144000.0,
        "Selling General And Administration": 96412000.0,
        "Selling And Marketing Expense": 5244000.0,
        "General And Administrative Expense": 91168000.0,
        "Other Gand A": NaN,
        "Salaries And Wages": 91168000.0,
        "Total Revenue": 136693000.0,
        "Operating Revenue": 136693000.0
    },
    "2024-06-30": {
        "Tax Effect Of Unusual Items": -140723.358191,
        "Tax Rate For Calcs": 0.127351,
        "Normalized EBITDA": 21803000.0,
        "Total Unusual Items": -1105000.0,
        "Total Unusual Items Excluding Goodwill": -1105000.0,
        "Net Income From Continuing Operation Net Minority Interest": -36276000.0,
        "Reconciled Depreciation": 50648000.0,
        "EBITDA": 20698000.0,
        "EBIT": -29950000.0,
        "Net Interest Income": -11184000.0,
        "Interest Expense": 11620000.0,
        "Interest Income": 860000.0,
        "Normalized Income": -35311723.358191,
        "Net Income From Continuing And Discontinued Operation": -36276000.0,
        "Total Expenses": 171491000.0,
        "Total Operating Income As Reported": -32413000.0,
        "Diluted Average Shares": NaN,
        "Basic Average Shares": NaN,
        "Diluted EPS": NaN,
        "Basic EPS": NaN,
        "Diluted NI Availto Com Stockholders": -36276000.0,
        "Net Income Common Stockholders": -36276000.0,
        "Net Income": -36276000.0,
        "Net Income Including Noncontrolling Interests": -36276000.0,
        "Net Income Continuous Operations": -36276000.0,
        "Tax Provision": -5294000.0,
        "Pretax Income": -41570000.0,
        "Other Income Expense": -1105000.0,
        "Special Income Charges": -1091000.0,
        "Gain On Sale Of Ppe": 6752000.0,
        "Other Special Charges": 7843000.0,
        "Gain On Sale Of Security": -14000.0,
        "Net Non Operating Interest Income Expense": -11184000.0,
        "Total Other Finance Cost": 424000.0,
        "Interest Expense Non Operating": 11620000.0,
        "Interest Income Non Operating": 860000.0,
        "Operating Income": -29281000.0,
        "Operating Expense": 171491000.0,
        "Other Operating Expenses": 12046000.0,
        "Depreciation Amortization Depletion Income Statement": 50648000.0,
        "Depreciation And Amortization In Income Statement": 50648000.0,
        "Amortization": 46521000.0,
        "Amortization Of Intangibles Income Statement": 46521000.0,
        "Depreciation Income Statement": 4127000.0,
        "Selling General And Administration": 108797000.0,
        "Selling And Marketing Expense": 3781000.0,
        "General And Administrative Expense": 105016000.0,
        "Other Gand A": NaN,
        "Salaries And Wages": 88169000.0,
        "Total Revenue": 142210000.0,
        "Operating Revenue": 142210000.0
    }
}