{
    "2023-03-31": {
        "Tax Effect Of Unusual Items": 0.0,
        "Tax Rate For Calcs": 0.0,
        "Normalized EBITDA": -504000.0,
        "Total Unusual Items": 725000.0,
        "Total Unusual Items Excluding Goodwill": 725000.0,
        "Net Income From Continuing Operation Net Minority Interest": -2475000.0,
        "Reconciled Depreciation": 4369000.0,
        "Reconciled Cost Of Revenue": 2292000.0,
        "EBITDA": 221000.0,
        "EBIT": -4148000.0,
        "Normalized Income": -3200000.0,
        "Net Income From Continuing And Discontinued Operation": -2475000.0,
        "Total Expenses": 50564000.0,
        "Total Operating Income As Reported": -4148000.0,
        "Diluted Average Shares": 92323757.0,
        "Basic Average Shares": 92323757.0,
        "Diluted EPS": -0.03,
        "Basic EPS": -0.03,
        "Diluted NI Availto Com Stockholders": -2475000.0,
        "Average Dilution Earnings": NaN,
        "Net Income Common Stockholders": -2475000.0,
        "Net Income": -2475000.0,
        "Minority Interests": 1494000.0,
        "Net Income Including Noncontrolling Interests": -3969000.0,
        "Net Income Continuous Operations": -3969000.0,
        "Tax Provision": 0.0,
        "Pretax Income": -3969000.0,
        "Other Income Expense": 179000.0,
        "Other Non Operating Income Expenses": -546000.0,
        "Gain On Sale Of Security": 725000.0,
        "Operating Income": -4148000.0,
        "Operating Expense": 47070000.0,
        "Depreciation Amortization Depletion Income Statement": 3167000.0,
        "Depreciation And Amortization In Income Statement": 3167000.0,
        "Research And Development": 10934000.0,
        "Selling General And Administration": 32969000.0,
        "Selling And Marketing Expense": 12060000.0,
        "General And Administrative Expense": 20909000.0,
        "Other Gand A": 20909000.0,
        "Gross Profit": 42922000.0,
        "Cost Of Revenue": 3494000.0,
        "Total Revenue": 46416000.0,
        "Operating Revenue": 46416000.0
    },
    "2022-12-31": {
        "Tax Effect Of Unusual Items": NaN,
        "Tax Rate For Calcs": NaN,
        "Normalized EBITDA": NaN,
        "Total Unusual Items": NaN,
        "Total Unusual Items Excluding Goodwill": NaN,
        "Net Income From Continuing Operation Net Minority Interest": NaN,
        "Reconciled Depreciation": NaN,
        "Reconciled Cost Of Revenue": NaN,
        "EBITDA": NaN,
        "EBIT": NaN,
        "Normalized Income": NaN,
        "Net Income From Continuing And Discontinued Operation": NaN,
        "Total Expenses": NaN,
        "Total Operating Income As Reported": NaN,
        "Diluted Average Shares": 91421796.0,
        "Basic Average Shares": 91421796.0,
        "Diluted EPS": -1.19,
        "Basic EPS": -1.19,
        "Diluted NI Availto Com Stockholders": NaN,
        "Average Dilution Earnings": 0.0,
        "Net Income Common Stockholders": NaN,
        "Net Income": NaN,
        "Minority Interests": NaN,
        "Net Income Including Noncontrolling Interests": NaN,
        "Net Income Continuous Operations": NaN,
        "Tax Provision": NaN,
        "Pretax Income": NaN,
        "Other Income Expense": NaN,
        "Other Non Operating Income Expenses": NaN,
        "Gain On Sale Of Security": NaN,
        "Operating Income": NaN,
        "Operating Expense": NaN,
        "Depreciation Amortization Depletion Income Statement": NaN,
        "Depreciation And Amortization In Income Statement": NaN,
        "Research And Development": NaN,
        "Selling General And Administration": NaN,
        "Selling And Marketing Expense": NaN,
        "General And Administrative Expense": NaN,
        "Other Gand A": NaN,
        "Gross Profit": NaN,
        "Cost Of Revenue": NaN,
        "Total Revenue": NaN,
        "Operating Revenue": NaN
    },
    "2022-09-30": {
        "Tax Effect Of Unusual Items": NaN,
        "Tax Rate For Calcs": NaN,
        "Normalized EBITDA": NaN,
        "Total Unusual Items": NaN,
        "Total Unusual Items Excluding Goodwill": NaN,
        "Net Income From Continuing Operation Net Minority Interest": NaN,
        "Reconciled Depreciation": NaN,
        "Reconciled Cost Of Revenue": NaN,
        "EBITDA": NaN,
        "EBIT": NaN,
        "Normalized Income": NaN,
        "Net Income From Continuing And Discontinued Operation": NaN,
        "Total Expenses": NaN,
        "Total Operating Income As Reported": NaN,
        "Diluted Average Shares": NaN,
        "Basic Average Shares": NaN,
        "Diluted EPS": NaN,
        "Basic EPS": NaN,
        "Diluted NI Availto Com Stockholders": NaN,
        "Average Dilution Earnings": 0.0,
        "Net Income Common Stockholders": NaN,
        "Net Income": NaN,
        "Minority Interests": NaN,
        "Net Income Including Noncontrolling Interests": NaN,
        "Net Income Continuous Operations": NaN,
        "Tax Provision": NaN,
        "Pretax Income": NaN,
        "Other Income Expense": NaN,
        "Other Non Operating Income Expenses": NaN,
        "Gain On Sale Of Security": NaN,
        "Operating Income": NaN,
        "Operating Expense": NaN,
        "Depreciation Amortization Depletion Income Statement": NaN,
        "Depreciation And Amortization In Income Statement": NaN,
        "Research And Development": NaN,
        "Selling General And Administration": NaN,
        "Selling And Marketing Expense": NaN,
        "General And Administrative Expense": NaN,
        "Other Gand A": NaN,
        "Gross Profit": NaN,
        "Cost Of Revenue": NaN,
        "Total Revenue": NaN,
        "Operating Revenue": NaN
    },
    "2022-06-30": {
        "Tax Effect Of Unusual Items": 12893600.0,
        "Tax Rate For Calcs": 0.4,
        "Normalized EBITDA": -42794000.0,
        "Total Unusual Items": 32234000.0,
        "Total Unusual Items Excluding Goodwill": 32234000.0,
        "Net Income From Continuing Operation Net Minority Interest": 11692000.0,
        "Reconciled Depreciation": 2458000.0,
        "Reconciled Cost Of Revenue": 3858000.0,
        "EBITDA": -10560000.0,
        "EBIT": -13018000.0,
        "Normalized Income": -7648400.0,
        "Net Income From Continuing And Discontinued Operation": 11692000.0,
        "Total Expenses": 71312000.0,
        "Total Operating Income As Reported": -13018000.0,
        "Diluted Average Shares": 87230850.0,
        "Basic Average Shares": 86425352.0,
        "Diluted EPS": 0.13,
        "Basic EPS": 0.14,
        "Diluted NI Availto Com Stockholders": 11692000.0,
        "Average Dilution Earnings": 0.0,
        "Net Income Common Stockholders": 11692000.0,
        "Net Income": 11692000.0,
        "Minority Interests": -8156000.0,
        "Net Income Including Noncontrolling Interests": 19848000.0,
        "Net Income Continuous Operations": 19848000.0,
        "Tax Provision": -1310000.0,
        "Pretax Income": 18538000.0,
        "Other Income Expense": 31556000.0,
        "Other Non Operating Income Expenses": -678000.0,
        "Gain On Sale Of Security": 32234000.0,
        "Operating Income": -13018000.0,
        "Operating Expense": 67454000.0,
        "Depreciation Amortization Depletion Income Statement": 2458000.0,
        "Depreciation And Amortization In Income Statement": 2458000.0,
        "Research And Development": 13263000.0,
        "Selling General And Administration": 51733000.0,
        "Selling And Marketing Expense": 22123000.0,
        "General And Administrative Expense": 29610000.0,
        "Other Gand A": 29610000.0,
        "Gross Profit": 54436000.0,
        "Cost Of Revenue": 3858000.0,
        "Total Revenue": 58294000.0,
        "Operating Revenue": 58294000.0
    },
    "2022-03-31": {
        "Diluted EPS": -0.19,
        "Total Revenue": 57,
        "Gross Profit": 54,
        "Operating Income": -14,
        "EBIT": -10,
        "Net Income": -14
    },
    "2021-12-31": {
        "Diluted EPS": -0.03,
        "Total Revenue": 54,
        "Gross Profit": 52,
        "Operating Income": -5,
        "EBIT": -3,
        "Net Income": 28
    },
    "2021-09-30": {
        "Diluted EPS": 0.02,
        "Total Revenue": 51,
        "Gross Profit": 49,
        "Operating Income": 4,
        "EBIT": 5,
        "Net Income": 21
    },
    "2021-06-30": {
        "Diluted EPS": -0.17,
        "Total Revenue": 47,
        "Gross Profit": 45,
        "Operating Income": -15,
        "EBIT": -14,
        "Net Income": 4
    },
    "2021-03-31": {
        "Diluted EPS": 0.0,
        "Total Revenue": 41,
        "Gross Profit": 39,
        "Operating Income": 8,
        "EBIT": 9,
        "Net Income": 8
    },
    "2020-12-31": {
        "Diluted EPS": 0.0,
        "Total Revenue": 77,
        "Gross Profit": 73,
        "Operating Income": 16,
        "EBIT": 17,
        "Net Income": 14
    },
    "2020-09-30": {
        "Diluted EPS": 0.0,
        "Total Revenue": 47,
        "Gross Profit": 44,
        "Operating Income": 16,
        "EBIT": 17,
        "Net Income": 16
    },
    "2020-06-30": {
        "Diluted EPS": 0.0,
        "Total Revenue": 39,
        "Gross Profit": 37,
        "Operating Income": 10,
        "EBIT": 10,
        "Net Income": 9
    },
    "2020-03-31": {
        "Diluted EPS": -0.02,
        "Total Revenue": NaN,
        "Gross Profit": 0,
        "Operating Income": 0,
        "EBIT": 0,
        "Net Income": 0
    },
    "2019-12-31": {
        "Diluted EPS": 0.0,
        "Total Revenue": NaN,
        "Gross Profit": NaN,
        "Operating Income": NaN,
        "EBIT": NaN,
        "Net Income": NaN
    },
    "2019-09-30": {
        "Diluted EPS": -0.01,
        "Total Revenue": NaN,
        "Gross Profit": 0,
        "Operating Income": 0,
        "EBIT": 0,
        "Net Income": 0
    },
    "2019-06-30": {
        "Diluted EPS": 0.0,
        "Total Revenue": NaN,
        "Gross Profit": NaN,
        "Operating Income": NaN,
        "EBIT": NaN,
        "Net Income": NaN
    },
    "2023-06-30": {
        "Tax Effect Of Unusual Items": 0.0,
        "Tax Rate For Calcs": 0.0,
        "Normalized EBITDA": 7683000.0,
        "Total Unusual Items": -1045000.0,
        "Total Unusual Items Excluding Goodwill": -1045000.0,
        "Net Income From Continuing Operation Net Minority Interest": 1226000.0,
        "Reconciled Depreciation": 1653000.0,
        "Reconciled Cost Of Revenue": 4441000.0,
        "EBITDA": 6638000.0,
        "EBIT": 3783000.0,
        "Normalized Income": 2271000.0,
        "Net Income From Continuing And Discontinued Operation": 1226000.0,
        "Total Expenses": 47069000.0,
        "Total Operating Income As Reported": 3783000.0,
        "Diluted Average Shares": 93622582.0,
        "Basic Average Shares": 92851349.0,
        "Diluted EPS": 0.01,
        "Basic EPS": 0.01,
        "Diluted NI Availto Com Stockholders": 1226000.0,
        "Average Dilution Earnings": NaN,
        "Net Income Common Stockholders": 1226000.0,
        "Net Income": 1226000.0,
        "Minority Interests": -757000.0,
        "Net Income Including Noncontrolling Interests": 1983000.0,
        "Net Income Continuous Operations": 1983000.0,
        "Tax Provision": 0.0,
        "Pretax Income": 1983000.0,
        "Other Income Expense": -1800000.0,
        "Other Non Operating Income Expenses": -755000.0,
        "Gain On Sale Of Security": -1045000.0,
        "Operating Income": 3783000.0,
        "Operating Expense": 43830000.0,
        "Depreciation Amortization Depletion Income Statement": 2855000.0,
        "Depreciation And Amortization In Income Statement": 2855000.0,
        "Research And Development": 9200000.0,
        "Selling General And Administration": 31775000.0,
        "Selling And Marketing Expense": 12567000.0,
        "General And Administrative Expense": 19208000.0,
        "Other Gand A": 19208000.0,
        "Gross Profit": 47613000.0,
        "Cost Of Revenue": 3239000.0,
        "Total Revenue": 50852000.0,
        "Operating Revenue": 50852000.0
    },
    "2023-09-30": {
        "Tax Effect Of Unusual Items": 0.0,
        "Tax Rate For Calcs": 0.0,
        "Normalized EBITDA": 6689000.0,
        "Total Unusual Items": -460000.0,
        "Total Unusual Items Excluding Goodwill": -460000.0,
        "Net Income From Continuing Operation Net Minority Interest": -1538000.0,
        "Reconciled Depreciation": 11777000.0,
        "Reconciled Cost Of Revenue": 3015000.0,
        "EBITDA": 6229000.0,
        "EBIT": -5548000.0,
        "Normalized Income": -1078000.0,
        "Net Income From Continuing And Discontinued Operation": -1538000.0,
        "Total Expenses": 53273000.0,
        "Total Operating Income As Reported": -5548000.0,
        "Diluted Average Shares": 93651871.0,
        "Basic Average Shares": 93651871.0,
        "Diluted EPS": -0.02,
        "Basic EPS": -0.02,
        "Diluted NI Availto Com Stockholders": -1538000.0,
        "Average Dilution Earnings": NaN,
        "Net Income Common Stockholders": -1538000.0,
        "Net Income": -1538000.0,
        "Minority Interests": 974000.0,
        "Net Income Including Noncontrolling Interests": -2512000.0,
        "Net Income Continuous Operations": -2512000.0,
        "Tax Provision": 0.0,
        "Pretax Income": -2512000.0,
        "Other Income Expense": 3036000.0,
        "Other Non Operating Income Expenses": 3496000.0,
        "Gain On Sale Of Security": -460000.0,
        "Operating Income": -5548000.0,
        "Operating Expense": 50258000.0,
        "Depreciation Amortization Depletion Income Statement": 11777000.0,
        "Depreciation And Amortization In Income Statement": 11777000.0,
        "Research And Development": 7748000.0,
        "Selling General And Administration": 30733000.0,
        "Selling And Marketing Expense": 11544000.0,
        "General And Administrative Expense": 19189000.0,
        "Other Gand A": 19189000.0,
        "Gross Profit": 44710000.0,
        "Cost Of Revenue": 3015000.0,
        "Total Revenue": 47725000.0,
        "Operating Revenue": 47725000.0
    },
    "2024-03-31": {
        "Tax Effect Of Unusual Items": -3887.195122,
        "Tax Rate For Calcs": 0.004573,
        "Normalized EBITDA": 8736000.0,
        "Total Unusual Items": -850000.0,
        "Total Unusual Items Excluding Goodwill": -850000.0,
        "Net Income From Continuing Operation Net Minority Interest": 1240000.0,
        "Reconciled Depreciation": 4125000.0,
        "Reconciled Cost Of Revenue": 1114000.0,
        "EBITDA": 7886000.0,
        "EBIT": 3761000.0,
        "Normalized Income": 2086112.804878,
        "Net Income From Continuing And Discontinued Operation": 1240000.0,
        "Total Expenses": 40628000.0,
        "Total Operating Income As Reported": 3761000.0,
        "Diluted Average Shares": 96023352.0,
        "Basic Average Shares": 94704164.0,
        "Diluted EPS": 0.01,
        "Basic EPS": 0.01,
        "Diluted NI Availto Com Stockholders": 1240000.0,
        "Average Dilution Earnings": NaN,
        "Net Income Common Stockholders": 1240000.0,
        "Net Income": 1240000.0,
        "Minority Interests": -719000.0,
        "Net Income Including Noncontrolling Interests": 1959000.0,
        "Net Income Continuous Operations": 1959000.0,
        "Tax Provision": 9000.0,
        "Pretax Income": 1968000.0,
        "Other Income Expense": -1793000.0,
        "Other Non Operating Income Expenses": -943000.0,
        "Gain On Sale Of Security": -850000.0,
        "Operating Income": 3761000.0,
        "Operating Expense": 38326000.0,
        "Depreciation Amortization Depletion Income Statement": 2937000.0,
        "Depreciation And Amortization In Income Statement": 2937000.0,
        "Research And Development": 9229000.0,
        "Selling General And Administration": 26160000.0,
        "Selling And Marketing Expense": 9634000.0,
        "General And Administrative Expense": 16526000.0,
        "Other Gand A": 16526000.0,
        "Gross Profit": 42087000.0,
        "Cost Of Revenue": 2302000.0,
        "Total Revenue": 44389000.0,
        "Operating Revenue": 44389000.0
    },
    "2023-12-31": {
        "Tax Effect Of Unusual Items": -4644780.0,
        "Tax Rate For Calcs": 0.21,
        "Normalized EBITDA": 33241000.0,
        "Total Unusual Items": -22118000.0,
        "Total Unusual Items Excluding Goodwill": -22118000.0,
        "Net Income From Continuing Operation Net Minority Interest": -7111000.0,
        "Reconciled Depreciation": -736000.0,
        "Reconciled Cost Of Revenue": 2779000.0,
        "EBITDA": 11123000.0,
        "EBIT": 11859000.0,
        "Normalized Income": 10362220.0,
        "Net Income From Continuing And Discontinued Operation": -7111000.0,
        "Total Expenses": 29550000.0,
        "Total Operating Income As Reported": -12544000.0,
        "Diluted Average Shares": NaN,
        "Basic Average Shares": NaN,
        "Diluted EPS": NaN,
        "Basic EPS": NaN,
        "Diluted NI Availto Com Stockholders": -7111000.0,
        "Average Dilution Earnings": NaN,
        "Net Income Common Stockholders": -7111000.0,
        "Net Income": -7111000.0,
        "Minority Interests": 4118000.0,
        "Net Income Including Noncontrolling Interests": -11229000.0,
        "Net Income Continuous Operations": -11229000.0,
        "Tax Provision": 93000.0,
        "Pretax Income": -11136000.0,
        "Other Income Expense": -22995000.0,
        "Other Non Operating Income Expenses": -877000.0,
        "Gain On Sale Of Security": 2285000.0,
        "Operating Income": 11859000.0,
        "Operating Expense": 26771000.0,
        "Depreciation Amortization Depletion Income Statement": -5666000.0,
        "Depreciation And Amortization In Income Statement": -5666000.0,
        "Research And Development": 8119000.0,
        "Selling General And Administration": 24318000.0,
        "Selling And Marketing Expense": 10902000.0,
        "General And Administrative Expense": 13416000.0,
        "Other Gand A": 13416000.0,
        "Gross Profit": 38630000.0,
        "Cost Of Revenue": 2779000.0,
        "Total Revenue": 41409000.0,
        "Operating Revenue": 41409000.0
    }
}