{
    "2023-03-31": {
        "Tax Effect Of Unusual Items": 0.0,
        "Tax Rate For Calcs": 0.187023,
        "Normalized EBITDA": 64100000.0,
        "Total Unusual Items": -700000.0,
        "Total Unusual Items Excluding Goodwill": -700000.0,
        "Net Income From Continuing Operation Net Minority Interest": 21300000.0,
        "Reconciled Depreciation": 26100000.0,
        "Reconciled Cost Of Revenue": 280200000.0,
        "EBIT": 38000000.0,
        "Net Interest Income": -11100000.0,
        "Interest Expense": 11900000.0,
        "Interest Income": 800000.0,
        "Normalized Income": 21300000.0,
        "Net Income From Continuing And Discontinued Operation": 21300000.0,
        "Total Expenses": 527000000.0,
        "Total Operating Income As Reported": 38000000.0,
        "Diluted Average Shares": 54400000.0,
        "Basic Average Shares": 52600000.0,
        "Diluted EPS": 0.39,
        "Basic EPS": 0.4,
        "Diluted NI Availto Com Stockholders": 21300000.0,
        "Net Income Common Stockholders": 21300000.0,
        "Net Income": 21300000.0,
        "Net Income Including Noncontrolling Interests": 21300000.0,
        "Net Income Continuous Operations": 21300000.0,
        "Tax Provision": 4900000.0,
        "Pretax Income": 26200000.0,
        "Other Income Expense": -11800000.0,
        "Other Non Operating Income Expenses": -11800000.0,
        "Gain On Sale Of Security": -700000.0,
        "Net Non Operating Interest Income Expense": -11100000.0,
        "Interest Expense Non Operating": 11900000.0,
        "Interest Income Non Operating": 800000.0,
        "Operating Income": 38000000.0,
        "Operating Expense": 246800000.0,
        "Research And Development": 50500000.0,
        "Selling General And Administration": 196300000.0,
        "Gross Profit": 284800000.0,
        "Cost Of Revenue": 280200000.0,
        "Total Revenue": 565000000.0,
        "Operating Revenue": 565000000.0
    },
    "2022-12-31": {
        "Tax Effect Of Unusual Items": -1859964.093357,
        "Tax Rate For Calcs": 0.265709,
        "Normalized EBITDA": 153600000.0,
        "Total Unusual Items": -7000000.0,
        "Total Unusual Items Excluding Goodwill": -7000000.0,
        "Net Income From Continuing Operation Net Minority Interest": 40900000.0,
        "Reconciled Depreciation": 79500000.0,
        "Reconciled Cost Of Revenue": 303600000.0,
        "EBIT": 67100000.0,
        "Net Interest Income": -10600000.0,
        "Interest Expense": 11400000.0,
        "Interest Income": 800000.0,
        "Normalized Income": 46040035.906643,
        "Net Income From Continuing And Discontinued Operation": 40900000.0,
        "Total Expenses": 543700000.0,
        "Total Operating Income As Reported": 73300000.0,
        "Diluted Average Shares": 54000000.0,
        "Basic Average Shares": 52400000.0,
        "Diluted EPS": 0.75,
        "Basic EPS": 0.78,
        "Diluted NI Availto Com Stockholders": 40900000.0,
        "Net Income Common Stockholders": 40900000.0,
        "Net Income": 40900000.0,
        "Net Income Including Noncontrolling Interests": 40900000.0,
        "Net Income Continuous Operations": 40900000.0,
        "Tax Provision": 14800000.0,
        "Pretax Income": 55700000.0,
        "Other Income Expense": -7000000.0,
        "Other Non Operating Income Expenses": NaN,
        "Gain On Sale Of Security": -7000000.0,
        "Net Non Operating Interest Income Expense": -10600000.0,
        "Interest Expense Non Operating": 11400000.0,
        "Interest Income Non Operating": 800000.0,
        "Operating Income": 73300000.0,
        "Operating Expense": 240100000.0,
        "Research And Development": 54300000.0,
        "Selling General And Administration": 185800000.0,
        "Gross Profit": 313400000.0,
        "Cost Of Revenue": 303600000.0,
        "Total Revenue": 617000000.0,
        "Operating Revenue": 617000000.0
    },
    "2022-09-30": {
        "Tax Effect Of Unusual Items": 0.0,
        "Tax Rate For Calcs": 0.271154,
        "Normalized EBITDA": 54800000.0,
        "Total Unusual Items": 6400000.0,
        "Total Unusual Items Excluding Goodwill": 6400000.0,
        "Net Income From Continuing Operation Net Minority Interest": 37900000.0,
        "Reconciled Depreciation": -23300000.0,
        "Reconciled Cost Of Revenue": 266800000.0,
        "EBIT": 54800000.0,
        "Net Interest Income": -9200000.0,
        "Interest Expense": 9700000.0,
        "Interest Income": 500000.0,
        "Normalized Income": 37900000.0,
        "Net Income From Continuing And Discontinued Operation": 37900000.0,
        "Total Expenses": 494500000.0,
        "Total Operating Income As Reported": 54800000.0,
        "Diluted Average Shares": 54100000.0,
        "Basic Average Shares": 52500000.0,
        "Diluted EPS": 0.7,
        "Basic EPS": 0.72,
        "Diluted NI Availto Com Stockholders": 37900000.0,
        "Net Income Common Stockholders": 37900000.0,
        "Net Income": 37900000.0,
        "Net Income Including Noncontrolling Interests": 37900000.0,
        "Net Income Continuous Operations": 37900000.0,
        "Tax Provision": 14100000.0,
        "Pretax Income": 52000000.0,
        "Other Income Expense": -2800000.0,
        "Other Non Operating Income Expenses": -2800000.0,
        "Gain On Sale Of Security": 6400000.0,
        "Net Non Operating Interest Income Expense": -9200000.0,
        "Interest Expense Non Operating": 9700000.0,
        "Interest Income Non Operating": 500000.0,
        "Operating Income": 54800000.0,
        "Operating Expense": 227700000.0,
        "Research And Development": 53100000.0,
        "Selling General And Administration": 174600000.0,
        "Gross Profit": 282500000.0,
        "Cost Of Revenue": 266800000.0,
        "Total Revenue": 549300000.0,
        "Operating Revenue": 549300000.0
    },
    "2022-06-30": {
        "Tax Effect Of Unusual Items": 0.0,
        "Tax Rate For Calcs": 0.319549,
        "Normalized EBITDA": 22100000.0,
        "Total Unusual Items": 8800000.0,
        "Total Unusual Items Excluding Goodwill": 8800000.0,
        "Net Income From Continuing Operation Net Minority Interest": 18100000.0,
        "Reconciled Depreciation": 70766000.0,
        "Reconciled Cost Of Revenue": 307100000.0,
        "EBIT": 22100000.0,
        "Net Interest Income": -4300000.0,
        "Interest Expense": 4500000.0,
        "Interest Income": 200000.0,
        "Normalized Income": 18100000.0,
        "Net Income From Continuing And Discontinued Operation": 18100000.0,
        "Total Expenses": 543200000.0,
        "Total Operating Income As Reported": 22100000.0,
        "Diluted Average Shares": 55300000.0,
        "Basic Average Shares": 53900000.0,
        "Diluted EPS": 0.33,
        "Basic EPS": 0.34,
        "Diluted NI Availto Com Stockholders": 18100000.0,
        "Net Income Common Stockholders": 18100000.0,
        "Net Income": 18100000.0,
        "Net Income Including Noncontrolling Interests": 18100000.0,
        "Net Income Continuous Operations": 18100000.0,
        "Tax Provision": 8500000.0,
        "Pretax Income": 26600000.0,
        "Other Income Expense": 4500000.0,
        "Other Non Operating Income Expenses": 4500000.0,
        "Gain On Sale Of Security": 8800000.0,
        "Net Non Operating Interest Income Expense": -4300000.0,
        "Interest Expense Non Operating": 4500000.0,
        "Interest Income Non Operating": 200000.0,
        "Operating Income": 22100000.0,
        "Operating Expense": 236100000.0,
        "Research And Development": 47800000.0,
        "Selling General And Administration": 188300000.0,
        "Gross Profit": 258200000.0,
        "Cost Of Revenue": 307100000.0,
        "Total Revenue": 565300000.0,
        "Operating Revenue": 565300000.0
    },
    "2022-03-31": {
        "Diluted EPS": 0.81,
        "Total Revenue": 304,
        "Gross Profit": 205,
        "Operating Income": 60,
        "EBIT": 69,
        "Net Income": 47
    },
    "2021-12-31": {
        "Diluted EPS": 1.18,
        "Total Revenue": 328,
        "Gross Profit": 215,
        "Operating Income": 77,
        "EBIT": 87,
        "Net Income": 68
    },
    "2021-09-30": {
        "Diluted EPS": 1.0,
        "Total Revenue": 307,
        "Gross Profit": 204,
        "Operating Income": 68,
        "EBIT": 77,
        "Net Income": 58
    },
    "2021-06-30": {
        "Diluted EPS": 0.88,
        "Total Revenue": 305,
        "Gross Profit": 193,
        "Operating Income": 65,
        "EBIT": 74,
        "Net Income": 50
    },
    "2021-03-31": {
        "Diluted EPS": 0.92,
        "Total Revenue": 299,
        "Gross Profit": 197,
        "Operating Income": 66,
        "EBIT": 74,
        "Net Income": 53
    },
    "2020-12-31": {
        "Diluted EPS": 1.21,
        "Total Revenue": 295,
        "Gross Profit": 187,
        "Operating Income": 65,
        "EBIT": 73,
        "Net Income": 71
    },
    "2020-09-30": {
        "Diluted EPS": 0.85,
        "Total Revenue": 278,
        "Gross Profit": 179,
        "Operating Income": 60,
        "EBIT": 67,
        "Net Income": 49
    },
    "2020-06-30": {
        "Diluted EPS": 0.96,
        "Total Revenue": 301,
        "Gross Profit": 192,
        "Operating Income": 62,
        "EBIT": 69,
        "Net Income": 56
    },
    "2020-03-31": {
        "Diluted EPS": 1.12,
        "Total Revenue": 270,
        "Gross Profit": 186,
        "Operating Income": 69,
        "EBIT": 75,
        "Net Income": 64
    },
    "2019-12-31": {
        "Diluted EPS": 0.92,
        "Total Revenue": 248,
        "Gross Profit": 167,
        "Operating Income": 62,
        "EBIT": 67,
        "Net Income": 53
    },
    "2019-09-30": {
        "Diluted EPS": 0.86,
        "Total Revenue": 229,
        "Gross Profit": 156,
        "Operating Income": 52,
        "EBIT": 58,
        "Net Income": 49
    },
    "2019-06-30": {
        "Diluted EPS": 0.79,
        "Total Revenue": 230,
        "Gross Profit": 154,
        "Operating Income": 52,
        "EBIT": 58,
        "Net Income": 45
    },
    "2019-03-31": {
        "Diluted EPS": 0.87,
        "Total Revenue": 232,
        "Gross Profit": 152,
        "Operating Income": 56,
        "EBIT": 61,
        "Net Income": 49
    },
    "2018-12-31": {
        "Diluted EPS": 0.82,
        "Total Revenue": 223,
        "Gross Profit": 148,
        "Operating Income": 54,
        "EBIT": 59,
        "Net Income": 47
    },
    "2018-09-30": {
        "Diluted EPS": 1.02,
        "Total Revenue": 211,
        "Gross Profit": 141,
        "Operating Income": 49,
        "EBIT": 54,
        "Net Income": 57
    },
    "2018-06-30": {
        "Diluted EPS": 0.79,
        "Total Revenue": 212,
        "Gross Profit": 142,
        "Operating Income": 52,
        "EBIT": 57,
        "Net Income": 44
    },
    "2018-03-31": {
        "Diluted EPS": 0.82,
        "Total Revenue": 213,
        "Gross Profit": 144,
        "Operating Income": 54,
        "EBIT": 59,
        "Net Income": 46
    },
    "2017-12-31": {
        "Diluted EPS": -0.14,
        "Total Revenue": 208,
        "Gross Profit": 139,
        "Operating Income": 45,
        "EBIT": 50,
        "Net Income": -8
    },
    "2017-09-30": {
        "Diluted EPS": 0.64,
        "Total Revenue": 193,
        "Gross Profit": 124,
        "Operating Income": 43,
        "EBIT": 48,
        "Net Income": 36
    },
    "2017-06-30": {
        "Diluted EPS": 0.8,
        "Total Revenue": 192,
        "Gross Profit": 127,
        "Operating Income": 44,
        "EBIT": 49,
        "Net Income": 45
    },
    "2017-03-31": {
        "Diluted EPS": 0.93,
        "Total Revenue": 197,
        "Gross Profit": 132,
        "Operating Income": 52,
        "EBIT": 57,
        "Net Income": 52
    },
    "2016-12-31": {
        "Diluted EPS": 4.23,
        "Total Revenue": 201,
        "Gross Profit": 139,
        "Operating Income": 326,
        "EBIT": 330,
        "Net Income": 226
    },
    "2016-09-30": {
        "Diluted EPS": 0.52,
        "Total Revenue": 168,
        "Gross Profit": 110,
        "Operating Income": 37,
        "EBIT": 41,
        "Net Income": 28
    },
    "2016-06-30": {
        "Diluted EPS": 0.57,
        "Total Revenue": 173,
        "Gross Profit": 115,
        "Operating Income": 36,
        "EBIT": 41,
        "Net Income": 30
    },
    "2016-03-31": {
        "Diluted EPS": 0.53,
        "Total Revenue": 171,
        "Gross Profit": 114,
        "Operating Income": 37,
        "EBIT": 41,
        "Net Income": 28
    },
    "2015-12-31": {
        "Diluted EPS": 0.45,
        "Total Revenue": 167,
        "Gross Profit": 102,
        "Operating Income": 37,
        "EBIT": 41,
        "Net Income": 24
    },
    "2015-09-30": {
        "Diluted EPS": 0.36,
        "Total Revenue": 153,
        "Gross Profit": 102,
        "Operating Income": 28,
        "EBIT": 32,
        "Net Income": 19
    },
    "2015-06-30": {
        "Diluted EPS": 0.36,
        "Total Revenue": 156,
        "Gross Profit": 103,
        "Operating Income": 28,
        "EBIT": 32,
        "Net Income": 19
    },
    "2015-03-31": {
        "Diluted EPS": 0.38,
        "Total Revenue": 155,
        "Gross Profit": 103,
        "Operating Income": 27,
        "EBIT": 31,
        "Net Income": 21
    },
    "2014-12-31": {
        "Diluted EPS": 0.4,
        "Total Revenue": 162,
        "Gross Profit": 109,
        "Operating Income": 33,
        "EBIT": 36,
        "Net Income": 21
    },
    "2014-09-30": {
        "Diluted EPS": 0.27,
        "Total Revenue": 144,
        "Gross Profit": 96,
        "Operating Income": 22,
        "EBIT": 26,
        "Net Income": 15
    },
    "2014-06-30": {
        "Diluted EPS": 0.24,
        "Total Revenue": 141,
        "Gross Profit": 93,
        "Operating Income": 18,
        "EBIT": 21,
        "Net Income": 14
    },
    "2014-03-31": {
        "Diluted EPS": 0.39,
        "Total Revenue": 140,
        "Gross Profit": 92,
        "Operating Income": 30,
        "EBIT": 33,
        "Net Income": 23
    },
    "2013-12-31": {
        "Diluted EPS": 0.17,
        "Total Revenue": 142,
        "Gross Profit": 91,
        "Operating Income": 13,
        "EBIT": 16,
        "Net Income": 9
    },
    "2013-09-30": {
        "Diluted EPS": 0.27,
        "Total Revenue": 131,
        "Gross Profit": 87,
        "Operating Income": 21,
        "EBIT": 24,
        "Net Income": 16
    },
    "2013-06-30": {
        "Diluted EPS": 0.3,
        "Total Revenue": 137,
        "Gross Profit": 91,
        "Operating Income": 23,
        "EBIT": 26,
        "Net Income": 17
    },
    "2013-03-31": {
        "Diluted EPS": 0.28,
        "Total Revenue": 136,
        "Gross Profit": 90,
        "Operating Income": 23,
        "EBIT": 26,
        "Net Income": 16
    },
    "2012-12-31": {
        "Diluted EPS": 0.26,
        "Total Revenue": 132,
        "Gross Profit": 87,
        "Operating Income": 22,
        "EBIT": 25,
        "Net Income": 15
    },
    "2012-09-30": {
        "Diluted EPS": 0.24,
        "Total Revenue": 119,
        "Gross Profit": 78,
        "Operating Income": 18,
        "EBIT": 20,
        "Net Income": 14
    },
    "2012-06-30": {
        "Diluted EPS": 0.3,
        "Total Revenue": 123,
        "Gross Profit": 81,
        "Operating Income": 23,
        "EBIT": 25,
        "Net Income": 18
    },
    "2012-03-31": {
        "Diluted EPS": 0.27,
        "Total Revenue": 119,
        "Gross Profit": 79,
        "Operating Income": 22,
        "EBIT": 24,
        "Net Income": 16
    },
    "2011-12-31": {
        "Diluted EPS": 0.23,
        "Total Revenue": 112,
        "Gross Profit": 74,
        "Operating Income": 20,
        "EBIT": 22,
        "Net Income": 14
    },
    "2011-09-30": {
        "Diluted EPS": 0.24,
        "Total Revenue": 104,
        "Gross Profit": 68,
        "Operating Income": 19,
        "EBIT": 21,
        "Net Income": 15
    },
    "2011-06-30": {
        "Diluted EPS": 0.28,
        "Total Revenue": 110,
        "Gross Profit": 75,
        "Operating Income": 22,
        "EBIT": 24,
        "Net Income": 17
    },
    "2011-03-31": {
        "Diluted EPS": 0.3,
        "Total Revenue": 113,
        "Gross Profit": 77,
        "Operating Income": 25,
        "EBIT": 27,
        "Net Income": 18
    },
    "2010-12-31": {
        "Diluted EPS": 0.26,
        "Total Revenue": 106,
        "Gross Profit": 74,
        "Operating Income": 22,
        "EBIT": 23,
        "Net Income": 16
    },
    "2010-09-30": {
        "Diluted EPS": 0.27,
        "Total Revenue": 101,
        "Gross Profit": 72,
        "Operating Income": 23,
        "EBIT": 24,
        "Net Income": 16
    },
    "2010-06-30": {
        "Diluted EPS": 0.24,
        "Total Revenue": 100,
        "Gross Profit": 70,
        "Operating Income": 21,
        "EBIT": 23,
        "Net Income": 14
    },
    "2010-03-31": {
        "Diluted EPS": 0.44,
        "Total Revenue": 99,
        "Gross Profit": 70,
        "Operating Income": 41,
        "EBIT": 42,
        "Net Income": 27
    },
    "2009-12-31": {
        "Diluted EPS": 0.22,
        "Total Revenue": 93,
        "Gross Profit": 66,
        "Operating Income": 21,
        "EBIT": 23,
        "Net Income": 14
    },
    "2009-09-30": {
        "Diluted EPS": 0.22,
        "Total Revenue": 87,
        "Gross Profit": 62,
        "Operating Income": 21,
        "EBIT": 22,
        "Net Income": 13
    },
    "2009-06-30": {
        "Diluted EPS": 0.22,
        "Total Revenue": 84,
        "Gross Profit": 60,
        "Operating Income": 20,
        "EBIT": 22,
        "Net Income": 13
    },
    "2009-03-31": {
        "Diluted EPS": 0.22,
        "Total Revenue": 85,
        "Gross Profit": 61,
        "Operating Income": 20,
        "EBIT": 22,
        "Net Income": 13
    },
    "2023-06-30": {
        "Tax Effect Of Unusual Items": 0.0,
        "Tax Rate For Calcs": 0.366935,
        "Normalized EBITDA": 54500000.0,
        "Total Unusual Items": 6600000.0,
        "Total Unusual Items Excluding Goodwill": 6600000.0,
        "Net Income From Continuing Operation Net Minority Interest": 15700000.0,
        "Reconciled Depreciation": 25200000.0,
        "Reconciled Cost Of Revenue": 234100000.0,
        "EBIT": 29300000.0,
        "Net Interest Income": -11100000.0,
        "Interest Expense": 11800000.0,
        "Interest Income": 700000.0,
        "Normalized Income": 15700000.0,
        "Net Income From Continuing And Discontinued Operation": 15700000.0,
        "Total Expenses": 426000000.0,
        "Total Operating Income As Reported": 29300000.0,
        "Diluted Average Shares": 54400000.0,
        "Basic Average Shares": 52800000.0,
        "Diluted EPS": 0.29,
        "Basic EPS": 0.3,
        "Diluted NI Availto Com Stockholders": 15700000.0,
        "Net Income Common Stockholders": 15700000.0,
        "Net Income": 15700000.0,
        "Net Income Including Noncontrolling Interests": 15700000.0,
        "Net Income Continuous Operations": 15700000.0,
        "Tax Provision": 9100000.0,
        "Pretax Income": 24800000.0,
        "Other Income Expense": -4500000.0,
        "Other Non Operating Income Expenses": -4500000.0,
        "Gain On Sale Of Security": 6600000.0,
        "Net Non Operating Interest Income Expense": -11100000.0,
        "Interest Expense Non Operating": 11800000.0,
        "Interest Income Non Operating": 700000.0,
        "Operating Income": 29300000.0,
        "Operating Expense": 191900000.0,
        "Research And Development": 40200000.0,
        "Selling General And Administration": 151700000.0,
        "Gross Profit": 221200000.0,
        "Cost Of Revenue": 234100000.0,
        "Total Revenue": 455300000.0,
        "Operating Revenue": 455300000.0
    }
}