{
    "2023-03-31": {
        "Tax Effect Of Unusual Items": NaN,
        "Tax Rate For Calcs": NaN,
        "Normalized EBITDA": NaN,
        "Net Income From Continuing Operation Net Minority Interest": NaN,
        "Reconciled Depreciation": NaN,
        "Reconciled Cost Of Revenue": NaN,
        "EBITDA": NaN,
        "EBIT": NaN,
        "Net Interest Income": NaN,
        "Interest Expense": 551000.0,
        "Interest Income": NaN,
        "Normalized Income": NaN,
        "Net Income From Continuing And Discontinued Operation": NaN,
        "Total Expenses": NaN,
        "Total Operating Income As Reported": NaN,
        "Diluted Average Shares": NaN,
        "Basic Average Shares": NaN,
        "Diluted EPS": NaN,
        "Basic EPS": NaN,
        "Diluted NI Availto Com Stockholders": NaN,
        "Net Income Common Stockholders": NaN,
        "Net Income": NaN,
        "Net Income Including Noncontrolling Interests": NaN,
        "Net Income Continuous Operations": NaN,
        "Tax Provision": NaN,
        "Pretax Income": NaN,
        "Other Income Expense": NaN,
        "Other Non Operating Income Expenses": NaN,
        "Net Non Operating Interest Income Expense": NaN,
        "Interest Expense Non Operating": 551000.0,
        "Interest Income Non Operating": NaN,
        "Operating Income": NaN,
        "Operating Expense": NaN,
        "Research And Development": NaN,
        "Selling General And Administration": NaN,
        "Gross Profit": NaN,
        "Cost Of Revenue": NaN,
        "Total Revenue": NaN,
        "Operating Revenue": NaN
    },
    "2022-12-31": {
        "Tax Effect Of Unusual Items": NaN,
        "Tax Rate For Calcs": NaN,
        "Normalized EBITDA": NaN,
        "Net Income From Continuing Operation Net Minority Interest": NaN,
        "Reconciled Depreciation": NaN,
        "Reconciled Cost Of Revenue": NaN,
        "EBITDA": NaN,
        "EBIT": NaN,
        "Net Interest Income": NaN,
        "Interest Expense": 61000.0,
        "Interest Income": NaN,
        "Normalized Income": NaN,
        "Net Income From Continuing And Discontinued Operation": NaN,
        "Total Expenses": NaN,
        "Total Operating Income As Reported": NaN,
        "Diluted Average Shares": 31749993.0,
        "Basic Average Shares": 31749993.0,
        "Diluted EPS": -0.31,
        "Basic EPS": -0.31,
        "Diluted NI Availto Com Stockholders": NaN,
        "Net Income Common Stockholders": NaN,
        "Net Income": NaN,
        "Net Income Including Noncontrolling Interests": NaN,
        "Net Income Continuous Operations": NaN,
        "Tax Provision": NaN,
        "Pretax Income": NaN,
        "Other Income Expense": NaN,
        "Other Non Operating Income Expenses": NaN,
        "Net Non Operating Interest Income Expense": NaN,
        "Interest Expense Non Operating": 61000.0,
        "Interest Income Non Operating": NaN,
        "Operating Income": NaN,
        "Operating Expense": NaN,
        "Research And Development": NaN,
        "Selling General And Administration": NaN,
        "Gross Profit": NaN,
        "Cost Of Revenue": NaN,
        "Total Revenue": NaN,
        "Operating Revenue": NaN
    },
    "2022-09-30": {
        "Tax Effect Of Unusual Items": 0.0,
        "Tax Rate For Calcs": 0.0,
        "Normalized EBITDA": -5767000.0,
        "Net Income From Continuing Operation Net Minority Interest": -6259000.0,
        "Reconciled Depreciation": 459000.0,
        "Reconciled Cost Of Revenue": 6459000.0,
        "EBITDA": -5767000.0,
        "EBIT": -6226000.0,
        "Net Interest Income": -33000.0,
        "Interest Expense": 33000.0,
        "Interest Income": NaN,
        "Normalized Income": -6259000.0,
        "Net Income From Continuing And Discontinued Operation": -6259000.0,
        "Total Expenses": 22951000.0,
        "Total Operating Income As Reported": -7154000.0,
        "Diluted Average Shares": 31606484.0,
        "Basic Average Shares": 31606484.0,
        "Diluted EPS": -0.2,
        "Basic EPS": -0.2,
        "Diluted NI Availto Com Stockholders": -6259000.0,
        "Net Income Common Stockholders": -6259000.0,
        "Net Income": -6259000.0,
        "Net Income Including Noncontrolling Interests": -6259000.0,
        "Net Income Continuous Operations": -6259000.0,
        "Tax Provision": NaN,
        "Pretax Income": -6259000.0,
        "Other Income Expense": 928000.0,
        "Other Non Operating Income Expenses": 928000.0,
        "Net Non Operating Interest Income Expense": -33000.0,
        "Interest Expense Non Operating": 33000.0,
        "Interest Income Non Operating": NaN,
        "Operating Income": -7154000.0,
        "Operating Expense": 16492000.0,
        "Research And Development": 4666000.0,
        "Selling General And Administration": 11826000.0,
        "Gross Profit": 9338000.0,
        "Cost Of Revenue": 6459000.0,
        "Total Revenue": 15797000.0,
        "Operating Revenue": 15797000.0
    },
    "2022-06-30": {
        "Tax Effect Of Unusual Items": 0.0,
        "Tax Rate For Calcs": 0.0,
        "Normalized EBITDA": -7773000.0,
        "Net Income From Continuing Operation Net Minority Interest": -8099000.0,
        "Reconciled Depreciation": 311000.0,
        "Reconciled Cost Of Revenue": 4472000.0,
        "EBITDA": -7773000.0,
        "EBIT": -8084000.0,
        "Net Interest Income": -15000.0,
        "Interest Expense": 15000.0,
        "Interest Income": NaN,
        "Normalized Income": -8099000.0,
        "Net Income From Continuing And Discontinued Operation": -8099000.0,
        "Total Expenses": 19475000.0,
        "Total Operating Income As Reported": -8369000.0,
        "Diluted Average Shares": 31413431.0,
        "Basic Average Shares": 31413431.0,
        "Diluted EPS": -0.26,
        "Basic EPS": -0.26,
        "Diluted NI Availto Com Stockholders": -8099000.0,
        "Net Income Common Stockholders": -8099000.0,
        "Net Income": -8099000.0,
        "Net Income Including Noncontrolling Interests": -8099000.0,
        "Net Income Continuous Operations": -8099000.0,
        "Tax Provision": NaN,
        "Pretax Income": -8099000.0,
        "Other Income Expense": 285000.0,
        "Other Non Operating Income Expenses": 285000.0,
        "Net Non Operating Interest Income Expense": -15000.0,
        "Interest Expense Non Operating": 15000.0,
        "Interest Income Non Operating": NaN,
        "Operating Income": -8369000.0,
        "Operating Expense": 15003000.0,
        "Research And Development": 4293000.0,
        "Selling General And Administration": 10710000.0,
        "Gross Profit": 6634000.0,
        "Cost Of Revenue": 4472000.0,
        "Total Revenue": 11106000.0,
        "Operating Revenue": 11106000.0
    },
    "2022-03-31": {
        "Diluted EPS": -0.3,
        "Total Revenue": 8,
        "Gross Profit": 4,
        "Operating Income": -10,
        "EBIT": -9,
        "Net Income": -9
    },
    "2021-12-31": {
        "Diluted EPS": -0.11,
        "Total Revenue": 16,
        "Gross Profit": 9,
        "Operating Income": -4,
        "EBIT": -3,
        "Net Income": -3
    },
    "2021-09-30": {
        "Diluted EPS": -0.19,
        "Total Revenue": 13,
        "Gross Profit": 7,
        "Operating Income": -5,
        "EBIT": -5,
        "Net Income": -5
    },
    "2021-06-30": {
        "Diluted EPS": -0.27,
        "Total Revenue": 8,
        "Gross Profit": 4,
        "Operating Income": -7,
        "EBIT": -7,
        "Net Income": -7
    },
    "2021-03-31": {
        "Diluted EPS": -0.22,
        "Total Revenue": 6,
        "Gross Profit": 3,
        "Operating Income": -6,
        "EBIT": -6,
        "Net Income": -6
    },
    "2020-12-31": {
        "Diluted EPS": -1.48,
        "Total Revenue": 6,
        "Gross Profit": 3,
        "Operating Income": -4,
        "EBIT": -4,
        "Net Income": -10
    },
    "2020-09-30": {
        "Diluted EPS": -0.35,
        "Total Revenue": 6,
        "Gross Profit": 4,
        "Operating Income": -1,
        "EBIT": -1,
        "Net Income": -2
    },
    "2020-06-30": {
        "Diluted EPS": 0.1,
        "Total Revenue": 11,
        "Gross Profit": 6,
        "Operating Income": 2,
        "EBIT": 2,
        "Net Income": 2
    },
    "2020-03-31": {
        "Diluted EPS": -0.6,
        "Total Revenue": 4,
        "Gross Profit": 2,
        "Operating Income": -3,
        "EBIT": -3,
        "Net Income": -3
    },
    "2019-12-31": {
        "Diluted EPS": 0.0,
        "Total Revenue": NaN,
        "Gross Profit": NaN,
        "Operating Income": NaN,
        "EBIT": NaN,
        "Net Income": NaN
    },
    "2023-06-30": {
        "Tax Effect Of Unusual Items": NaN,
        "Tax Rate For Calcs": NaN,
        "Normalized EBITDA": NaN,
        "Total Unusual Items": NaN,
        "Total Unusual Items Excluding Goodwill": NaN,
        "Net Income From Continuing Operation Net Minority Interest": NaN,
        "Reconciled Depreciation": NaN,
        "Reconciled Cost Of Revenue": NaN,
        "EBITDA": NaN,
        "EBIT": NaN,
        "Net Interest Income": NaN,
        "Interest Expense": 0.0,
        "Interest Income": NaN,
        "Normalized Income": NaN,
        "Net Income From Continuing And Discontinued Operation": NaN,
        "Total Expenses": NaN,
        "Total Operating Income As Reported": NaN,
        "Diluted Average Shares": NaN,
        "Basic Average Shares": NaN,
        "Diluted EPS": NaN,
        "Basic EPS": NaN,
        "Diluted NI Availto Com Stockholders": NaN,
        "Net Income Common Stockholders": NaN,
        "Net Income": NaN,
        "Net Income Including Noncontrolling Interests": NaN,
        "Net Income Continuous Operations": NaN,
        "Tax Provision": NaN,
        "Pretax Income": NaN,
        "Other Income Expense": NaN,
        "Other Non Operating Income Expenses": NaN,
        "Special Income Charges": NaN,
        "Impairment Of Capital Assets": NaN,
        "Restructuring And Mergern Acquisition": NaN,
        "Net Non Operating Interest Income Expense": NaN,
        "Interest Expense Non Operating": 0.0,
        "Interest Income Non Operating": NaN,
        "Operating Income": NaN,
        "Operating Expense": NaN,
        "Research And Development": NaN,
        "Selling General And Administration": NaN,
        "Gross Profit": NaN,
        "Cost Of Revenue": NaN,
        "Total Revenue": NaN,
        "Operating Revenue": NaN
    },
    "2023-09-30": {
        "Tax Effect Of Unusual Items": -1260.167131,
        "Tax Rate For Calcs": 0.012117,
        "Normalized EBITDA": -8141000.0,
        "Total Unusual Items": -104000.0,
        "Total Unusual Items Excluding Goodwill": -104000.0,
        "Net Income From Continuing Operation Net Minority Interest": -7093000.0,
        "Reconciled Depreciation": 740000.0,
        "Reconciled Cost Of Revenue": 6428000.0,
        "EBITDA": -8245000.0,
        "EBIT": -8985000.0,
        "Net Interest Income": 1799000.0,
        "Interest Expense": NaN,
        "Interest Income": 1799000.0,
        "Normalized Income": -6990260.167131,
        "Net Income From Continuing And Discontinued Operation": -7093000.0,
        "Total Expenses": 23282000.0,
        "Total Operating Income As Reported": -9089000.0,
        "Diluted Average Shares": 32345925.0,
        "Basic Average Shares": 32345925.0,
        "Diluted EPS": -0.22,
        "Basic EPS": -0.22,
        "Diluted NI Availto Com Stockholders": -7093000.0,
        "Net Income Common Stockholders": -7093000.0,
        "Net Income": -7093000.0,
        "Net Income Including Noncontrolling Interests": -7093000.0,
        "Net Income Continuous Operations": -7093000.0,
        "Tax Provision": -87000.0,
        "Pretax Income": -7180000.0,
        "Other Income Expense": 6000.0,
        "Other Non Operating Income Expenses": 110000.0,
        "Special Income Charges": -104000.0,
        "Impairment Of Capital Assets": 0.0,
        "Restructuring And Mergern Acquisition": 104000.0,
        "Net Non Operating Interest Income Expense": 1799000.0,
        "Interest Expense Non Operating": NaN,
        "Interest Income Non Operating": 1799000.0,
        "Operating Income": -8985000.0,
        "Operating Expense": 16854000.0,
        "Research And Development": 5537000.0,
        "Selling General And Administration": 11317000.0,
        "Gross Profit": 7869000.0,
        "Cost Of Revenue": 6428000.0,
        "Total Revenue": 14297000.0,
        "Operating Revenue": 14297000.0
    },
    "2023-12-31": {
        "Tax Effect Of Unusual Items": 0.0,
        "Tax Rate For Calcs": 0.000269,
        "Normalized EBITDA": -7026000.0,
        "Total Unusual Items": NaN,
        "Total Unusual Items Excluding Goodwill": NaN,
        "Net Income From Continuing Operation Net Minority Interest": -7429000.0,
        "Reconciled Depreciation": 405000.0,
        "Reconciled Cost Of Revenue": 7076000.0,
        "EBITDA": -7026000.0,
        "EBIT": -7431000.0,
        "Net Interest Income": 2325000.0,
        "Interest Expense": 0.0,
        "Interest Income": 2325000.0,
        "Normalized Income": -7429000.0,
        "Net Income From Continuing And Discontinued Operation": -7429000.0,
        "Total Expenses": 24064000.0,
        "Total Operating Income As Reported": -9713000.0,
        "Diluted Average Shares": 32440312.0,
        "Basic Average Shares": 32440312.0,
        "Diluted EPS": -0.23,
        "Basic EPS": -0.23,
        "Diluted NI Availto Com Stockholders": -7429000.0,
        "Net Income Common Stockholders": -7429000.0,
        "Net Income": -7429000.0,
        "Net Income Including Noncontrolling Interests": -7429000.0,
        "Net Income Continuous Operations": -7429000.0,
        "Tax Provision": -2000.0,
        "Pretax Income": -7431000.0,
        "Other Income Expense": -43000.0,
        "Other Non Operating Income Expenses": -43000.0,
        "Special Income Charges": NaN,
        "Impairment Of Capital Assets": NaN,
        "Restructuring And Mergern Acquisition": NaN,
        "Net Non Operating Interest Income Expense": 2325000.0,
        "Interest Expense Non Operating": 0.0,
        "Interest Income Non Operating": 2325000.0,
        "Operating Income": -9713000.0,
        "Operating Expense": 16988000.0,
        "Research And Development": 5444000.0,
        "Selling General And Administration": 11544000.0,
        "Gross Profit": 7275000.0,
        "Cost Of Revenue": 7076000.0,
        "Total Revenue": 14351000.0,
        "Operating Revenue": 14351000.0
    },
    "2024-03-31": {
        "Tax Effect Of Unusual Items": 0.0,
        "Tax Rate For Calcs": 0.006371,
        "Normalized EBITDA": -9659000.0,
        "Total Unusual Items": NaN,
        "Total Unusual Items Excluding Goodwill": NaN,
        "Net Income From Continuing Operation Net Minority Interest": -10917000.0,
        "Reconciled Depreciation": 1328000.0,
        "Reconciled Cost Of Revenue": 4988000.0,
        "EBITDA": -9659000.0,
        "EBIT": -10987000.0,
        "Net Interest Income": 1729000.0,
        "Interest Expense": 0.0,
        "Interest Income": 1729000.0,
        "Normalized Income": -10917000.0,
        "Net Income From Continuing And Discontinued Operation": -10917000.0,
        "Total Expenses": 22679000.0,
        "Total Operating Income As Reported": -12688000.0,
        "Diluted Average Shares": 32710894.0,
        "Basic Average Shares": 32710894.0,
        "Diluted EPS": -0.33,
        "Basic EPS": -0.33,
        "Diluted NI Availto Com Stockholders": -10917000.0,
        "Net Income Common Stockholders": -10917000.0,
        "Net Income": -10917000.0,
        "Net Income Including Noncontrolling Interests": -10917000.0,
        "Net Income Continuous Operations": -10917000.0,
        "Tax Provision": -70000.0,
        "Pretax Income": -10987000.0,
        "Other Income Expense": -28000.0,
        "Other Non Operating Income Expenses": -28000.0,
        "Special Income Charges": NaN,
        "Impairment Of Capital Assets": NaN,
        "Restructuring And Mergern Acquisition": NaN,
        "Net Non Operating Interest Income Expense": 1729000.0,
        "Interest Expense Non Operating": 0.0,
        "Interest Income Non Operating": 1729000.0,
        "Operating Income": -12688000.0,
        "Operating Expense": 17691000.0,
        "Research And Development": 5790000.0,
        "Selling General And Administration": 11901000.0,
        "Gross Profit": 5003000.0,
        "Cost Of Revenue": 4988000.0,
        "Total Revenue": 9991000.0,
        "Operating Revenue": 9991000.0
    },
    "2024-06-30": {
        "Tax Effect Of Unusual Items": 0.0,
        "Tax Rate For Calcs": 0.005469,
        "Normalized EBITDA": -12113000.0,
        "Total Unusual Items": NaN,
        "Total Unusual Items Excluding Goodwill": NaN,
        "Net Income From Continuing Operation Net Minority Interest": -12548000.0,
        "Reconciled Depreciation": 504000.0,
        "Reconciled Cost Of Revenue": 6629000.0,
        "EBITDA": -12113000.0,
        "EBIT": -12617000.0,
        "Net Interest Income": 1133000.0,
        "Interest Expense": 0.0,
        "Interest Income": 1133000.0,
        "Normalized Income": -12548000.0,
        "Net Income From Continuing And Discontinued Operation": -12548000.0,
        "Total Expenses": 27607000.0,
        "Total Operating Income As Reported": -13560000.0,
        "Diluted Average Shares": 34061933.0,
        "Basic Average Shares": 34061933.0,
        "Diluted EPS": -0.37,
        "Basic EPS": -0.37,
        "Diluted NI Availto Com Stockholders": -12548000.0,
        "Net Income Common Stockholders": -12548000.0,
        "Net Income": -12548000.0,
        "Net Income Including Noncontrolling Interests": -12548000.0,
        "Net Income Continuous Operations": -12548000.0,
        "Tax Provision": -69000.0,
        "Pretax Income": -12617000.0,
        "Other Income Expense": -190000.0,
        "Other Non Operating Income Expenses": -190000.0,
        "Special Income Charges": NaN,
        "Impairment Of Capital Assets": NaN,
        "Restructuring And Mergern Acquisition": NaN,
        "Net Non Operating Interest Income Expense": 1133000.0,
        "Interest Expense Non Operating": 0.0,
        "Interest Income Non Operating": 1133000.0,
        "Operating Income": -13560000.0,
        "Operating Expense": 20978000.0,
        "Research And Development": 6381000.0,
        "Selling General And Administration": 14597000.0,
        "Gross Profit": 7418000.0,
        "Cost Of Revenue": 6629000.0,
        "Total Revenue": 14047000.0,
        "Operating Revenue": 14047000.0
    },
    "2024-09-30": {
        "Tax Effect Of Unusual Items": -45067.729084,
        "Tax Rate For Calcs": 0.002452,
        "Normalized EBITDA": -9572000.0,
        "Total Unusual Items": -18382000.0,
        "Total Unusual Items Excluding Goodwill": -18382000.0,
        "Net Income From Continuing Operation Net Minority Interest": -29295000.0,
        "Reconciled Depreciation": 1413000.0,
        "Reconciled Cost Of Revenue": 8441000.0,
        "EBITDA": -27954000.0,
        "EBIT": -29367000.0,
        "Net Interest Income": 879000.0,
        "Interest Expense": 0.0,
        "Interest Income": 879000.0,
        "Normalized Income": -10958067.729084,
        "Net Income From Continuing And Discontinued Operation": -29295000.0,
        "Total Expenses": 28608000.0,
        "Total Operating Income As Reported": -30217000.0,
        "Diluted Average Shares": 34670638.0,
        "Basic Average Shares": 34670638.0,
        "Diluted EPS": -0.84,
        "Basic EPS": -0.84,
        "Diluted NI Availto Com Stockholders": -29295000.0,
        "Net Income Common Stockholders": -29295000.0,
        "Net Income": -29295000.0,
        "Net Income Including Noncontrolling Interests": -29295000.0,
        "Net Income Continuous Operations": -29295000.0,
        "Tax Provision": -72000.0,
        "Pretax Income": -29367000.0,
        "Other Income Expense": -18411000.0,
        "Other Non Operating Income Expenses": -29000.0,
        "Special Income Charges": -18382000.0,
        "Impairment Of Capital Assets": 30523000.0,
        "Restructuring And Mergern Acquisition": -12141000.0,
        "Net Non Operating Interest Income Expense": 879000.0,
        "Interest Expense Non Operating": 0.0,
        "Interest Income Non Operating": 879000.0,
        "Operating Income": -11835000.0,
        "Operating Expense": 20167000.0,
        "Research And Development": 6788000.0,
        "Selling General And Administration": 13379000.0,
        "Gross Profit": 8332000.0,
        "Cost Of Revenue": 8441000.0,
        "Total Revenue": 16773000.0,
        "Operating Revenue": 16773000.0
    }
}