{
    "2023-06-30": {
        "Tax Effect Of Unusual Items": 0.0,
        "Tax Rate For Calcs": 0.373669,
        "Normalized EBITDA": 113053000.0,
        "Net Income From Continuing Operation Net Minority Interest": 27187000.0,
        "Reconciled Depreciation": 43810000.0,
        "Reconciled Cost Of Revenue": 597358000.0,
        "EBITDA": 113053000.0,
        "EBIT": 69243000.0,
        "Net Interest Income": -26321000.0,
        "Interest Expense": 30642000.0,
        "Interest Income": 4321000.0,
        "Normalized Income": 27187000.0,
        "Net Income From Continuing And Discontinued Operation": 27187000.0,
        "Total Expenses": 1024389000.0,
        "Total Operating Income As Reported": 62775000.0,
        "Diluted NI Availto Com Stockholders": 27187000.0,
        "Net Income Common Stockholders": 27187000.0,
        "Net Income": 27187000.0,
        "Net Income Including Noncontrolling Interests": 27187000.0,
        "Net Income Continuous Operations": 27187000.0,
        "Earnings From Equity Interest Net Of Tax": 3010000.0,
        "Tax Provision": 14424000.0,
        "Pretax Income": 38601000.0,
        "Other Income Expense": 2147000.0,
        "Other Non Operating Income Expenses": 2147000.0,
        "Net Non Operating Interest Income Expense": -26321000.0,
        "Interest Expense Non Operating": 30642000.0,
        "Interest Income Non Operating": 4321000.0,
        "Operating Income": 62775000.0,
        "Operating Expense": 427031000.0,
        "Selling General And Administration": 427031000.0,
        "Selling And Marketing Expense": 90026000.0,
        "General And Administrative Expense": 337005000.0,
        "Other Gand A": 337005000.0,
        "Gross Profit": 489806000.0,
        "Cost Of Revenue": 597358000.0,
        "Total Revenue": 1087164000.0,
        "Operating Revenue": 1087164000.0
    },
    "2023-03-31": {
        "Tax Effect Of Unusual Items": 0.0,
        "Tax Rate For Calcs": 0.195352,
        "Normalized EBITDA": -63884000.0,
        "Net Income From Continuing Operation Net Minority Interest": -106471000.0,
        "Reconciled Depreciation": 43195000.0,
        "Reconciled Cost Of Revenue": 488792000.0,
        "EBITDA": -63884000.0,
        "EBIT": -107079000.0,
        "Net Interest Income": -24609000.0,
        "Interest Expense": 31128000.0,
        "Interest Income": 6519000.0,
        "Normalized Income": -106471000.0,
        "Net Income From Continuing And Discontinued Operation": -106471000.0,
        "Total Expenses": 929616000.0,
        "Total Operating Income As Reported": -115037000.0,
        "Diluted NI Availto Com Stockholders": -106471000.0,
        "Net Income Common Stockholders": -106471000.0,
        "Net Income": -106471000.0,
        "Net Income Including Noncontrolling Interests": -106471000.0,
        "Net Income Continuous Operations": -106471000.0,
        "Earnings From Equity Interest Net Of Tax": 4737000.0,
        "Tax Provision": -26999000.0,
        "Pretax Income": -138207000.0,
        "Other Income Expense": 1439000.0,
        "Other Non Operating Income Expenses": 1439000.0,
        "Net Non Operating Interest Income Expense": -24609000.0,
        "Interest Expense Non Operating": 31128000.0,
        "Interest Income Non Operating": 6519000.0,
        "Operating Income": -115037000.0,
        "Operating Expense": 440824000.0,
        "Selling General And Administration": 440824000.0,
        "Selling And Marketing Expense": 76047000.0,
        "General And Administrative Expense": 364777000.0,
        "Other Gand A": 364777000.0,
        "Gross Profit": 325787000.0,
        "Cost Of Revenue": 488792000.0,
        "Total Revenue": 814579000.0,
        "Operating Revenue": 814579000.0
    },
    "2022-12-31": {
        "Tax Effect Of Unusual Items": 0.0,
        "Tax Rate For Calcs": 0.368286,
        "Normalized EBITDA": 92961000.0,
        "Net Income From Continuing Operation Net Minority Interest": 16137000.0,
        "Reconciled Depreciation": 45425000.0,
        "Reconciled Cost Of Revenue": 799259000.0,
        "EBITDA": 92961000.0,
        "EBIT": 47536000.0,
        "Net Interest Income": -28754000.0,
        "Interest Expense": 33088000.0,
        "Interest Income": 4334000.0,
        "Normalized Income": 16137000.0,
        "Net Income From Continuing And Discontinued Operation": 16137000.0,
        "Total Expenses": 1322924000.0,
        "Total Operating Income As Reported": 78996000.0,
        "Diluted NI Availto Com Stockholders": 16137000.0,
        "Net Income Common Stockholders": 16137000.0,
        "Net Income": 16137000.0,
        "Net Income Including Noncontrolling Interests": 16137000.0,
        "Net Income Continuous Operations": 16137000.0,
        "Earnings From Equity Interest Net Of Tax": 7010000.0,
        "Tax Provision": 5321000.0,
        "Pretax Income": 14448000.0,
        "Other Income Expense": -35794000.0,
        "Other Non Operating Income Expenses": -35794000.0,
        "Net Non Operating Interest Income Expense": -28754000.0,
        "Interest Expense Non Operating": 33088000.0,
        "Interest Income Non Operating": 4334000.0,
        "Operating Income": 78996000.0,
        "Operating Expense": 523665000.0,
        "Selling General And Administration": 523665000.0,
        "Selling And Marketing Expense": 242710000.0,
        "General And Administrative Expense": 280955000.0,
        "Other Gand A": 280955000.0,
        "Gross Profit": 602661000.0,
        "Cost Of Revenue": 799259000.0,
        "Total Revenue": 1401920000.0,
        "Operating Revenue": 1401920000.0
    },
    "2022-09-30": {
        "Tax Effect Of Unusual Items": 0.0,
        "Tax Rate For Calcs": 0.22,
        "Normalized EBITDA": 397600000.0,
        "Net Income From Continuing Operation Net Minority Interest": 289900000.0,
        "Reconciled Depreciation": 46059000.0,
        "Reconciled Cost Of Revenue": 908900000.0,
        "EBITDA": 397600000.0,
        "EBIT": 397600000.0,
        "Net Interest Income": -32000000.0,
        "Interest Expense": 33900000.0,
        "Interest Income": 1900000.0,
        "Normalized Income": 289900000.0,
        "Net Income From Continuing And Discontinued Operation": 289900000.0,
        "Total Expenses": 1364400000.0,
        "Total Operating Income As Reported": 391400000.0,
        "Diluted Average Shares": 360229000.0,
        "Basic Average Shares": 354471000.0,
        "Diluted EPS": 0.8,
        "Basic EPS": 0.82,
        "Diluted NI Availto Com Stockholders": 289900000.0,
        "Net Income Common Stockholders": 289900000.0,
        "Net Income": 289900000.0,
        "Net Income Including Noncontrolling Interests": 289900000.0,
        "Net Income Continuous Operations": 289900000.0,
        "Earnings From Equity Interest Net Of Tax": 6200000.0,
        "Tax Provision": 80000000.0,
        "Pretax Income": 363700000.0,
        "Other Income Expense": 4300000.0,
        "Other Non Operating Income Expenses": 4300000.0,
        "Net Non Operating Interest Income Expense": -32000000.0,
        "Interest Expense Non Operating": 33900000.0,
        "Interest Income Non Operating": 1900000.0,
        "Operating Income": 391400000.0,
        "Operating Expense": 455500000.0,
        "Selling General And Administration": 455500000.0,
        "Selling And Marketing Expense": 127600000.0,
        "General And Administrative Expense": 327900000.0,
        "Other Gand A": 327900000.0,
        "Gross Profit": 846900000.0,
        "Cost Of Revenue": 908900000.0,
        "Total Revenue": 1755800000.0,
        "Operating Revenue": 1755800000.0
    },
    "2022-06-30": {
        "Tax Effect Of Unusual Items": 0.0,
        "Tax Rate For Calcs": 0.305396,
        "Normalized EBITDA": 119900000.0,
        "Net Income From Continuing Operation Net Minority Interest": 66400000.0,
        "Reconciled Depreciation": 45482000.0,
        "Reconciled Cost Of Revenue": 686800000.0,
        "EBITDA": 119900000.0,
        "EBIT": 119900000.0,
        "Net Interest Income": -30800000.0,
        "Interest Expense": 32800000.0,
        "Interest Income": 2000000.0,
        "Normalized Income": 66400000.0,
        "Net Income From Continuing And Discontinued Operation": 66400000.0,
        "Total Expenses": 1110600000.0,
        "Total Operating Income As Reported": 125100000.0,
        "Diluted Average Shares": 359838000.0,
        "Basic Average Shares": 353457000.0,
        "Diluted EPS": 0.18,
        "Basic EPS": 0.19,
        "Diluted NI Availto Com Stockholders": 66400000.0,
        "Net Income Common Stockholders": 66400000.0,
        "Net Income": 66400000.0,
        "Net Income Including Noncontrolling Interests": 66400000.0,
        "Net Income Continuous Operations": 66400000.0,
        "Earnings From Equity Interest Net Of Tax": 5900000.0,
        "Tax Provision": 26600000.0,
        "Pretax Income": 87100000.0,
        "Other Income Expense": -7100000.0,
        "Other Non Operating Income Expenses": -7100000.0,
        "Net Non Operating Interest Income Expense": -30800000.0,
        "Interest Expense Non Operating": 32800000.0,
        "Interest Income Non Operating": 2000000.0,
        "Operating Income": 125100000.0,
        "Operating Expense": 423800000.0,
        "Selling General And Administration": 423800000.0,
        "Selling And Marketing Expense": 90200000.0,
        "General And Administrative Expense": 333600000.0,
        "Other Gand A": 333600000.0,
        "Gross Profit": 548900000.0,
        "Cost Of Revenue": 686800000.0,
        "Total Revenue": 1235700000.0,
        "Operating Revenue": 1235700000.0
    },
    "2022-03-31": {
        "Diluted EPS": 0.06,
        "Total Revenue": NaN,
        "Gross Profit": 483,
        "Operating Income": 80,
        "EBIT": 125,
        "Net Income": 21
    },
    "2021-12-31": {
        "Diluted EPS": 0.63,
        "Total Revenue": NaN,
        "Gross Profit": 884,
        "Operating Income": 257,
        "EBIT": 304,
        "Net Income": 226
    },
    "2021-09-30": {
        "Diluted EPS": 2.24,
        "Total Revenue": NaN,
        "Gross Profit": 843,
        "Operating Income": 389,
        "EBIT": 435,
        "Net Income": 795
    },
    "2021-06-30": {
        "Diluted EPS": -0.02,
        "Total Revenue": NaN,
        "Gross Profit": 488,
        "Operating Income": 49,
        "EBIT": 95,
        "Net Income": -6
    },
    "2021-03-31": {
        "Diluted EPS": -0.32,
        "Total Revenue": 874,
        "Gross Profit": 412,
        "Operating Income": 34,
        "EBIT": 80,
        "Net Income": -112
    },
    "2020-12-31": {
        "Diluted EPS": 0.39,
        "Total Revenue": NaN,
        "Gross Profit": 841,
        "Operating Income": 193,
        "EBIT": 237,
        "Net Income": 134
    },
    "2020-09-30": {
        "Diluted EPS": 0.89,
        "Total Revenue": NaN,
        "Gross Profit": 828,
        "Operating Income": 380,
        "EBIT": 427,
        "Net Income": 311
    },
    "2020-06-30": {
        "Diluted EPS": -0.32,
        "Total Revenue": 732,
        "Gross Profit": 319,
        "Operating Income": -48,
        "EBIT": 0,
        "Net Income": -111
    },
    "2020-03-31": {
        "Diluted EPS": -0.61,
        "Total Revenue": 594,
        "Gross Profit": 255,
        "Operating Income": -150,
        "EBIT": -96,
        "Net Income": -211
    },
    "2019-12-31": {
        "Diluted EPS": -0.01,
        "Total Revenue": NaN,
        "Gross Profit": 710,
        "Operating Income": 65,
        "EBIT": 124,
        "Net Income": -5
    },
    "2019-09-30": {
        "Diluted EPS": 0.2,
        "Total Revenue": NaN,
        "Gross Profit": 686,
        "Operating Income": 150,
        "EBIT": 213,
        "Net Income": 71
    },
    "2019-06-30": {
        "Diluted EPS": -0.31,
        "Total Revenue": 860,
        "Gross Profit": 341,
        "Operating Income": -51,
        "EBIT": 10,
        "Net Income": -108
    },
    "2019-03-31": {
        "Diluted EPS": -0.51,
        "Total Revenue": 689,
        "Gross Profit": 240,
        "Operating Income": -127,
        "EBIT": -65,
        "Net Income": -176
    },
    "2018-12-31": {
        "Diluted EPS": 0.03,
        "Total Revenue": NaN,
        "Gross Profit": 714,
        "Operating Income": 110,
        "EBIT": 172,
        "Net Income": 13
    },
    "2018-09-30": {
        "Diluted EPS": 0.02,
        "Total Revenue": NaN,
        "Gross Profit": 613,
        "Operating Income": 122,
        "EBIT": 194,
        "Net Income": 6
    },
    "2018-06-30": {
        "Diluted EPS": -0.7,
        "Total Revenue": 841,
        "Gross Profit": 253,
        "Operating Income": -189,
        "EBIT": -121,
        "Net Income": -241
    },
    "2018-03-31": {
        "Diluted EPS": -0.9,
        "Total Revenue": 708,
        "Gross Profit": 219,
        "Operating Income": -277,
        "EBIT": -208,
        "Net Income": -311
    },
    "2017-12-31": {
        "Diluted EPS": -0.83,
        "Total Revenue": NaN,
        "Gross Profit": 499,
        "Operating Income": -247,
        "EBIT": -169,
        "Net Income": -282
    },
    "2017-09-30": {
        "Diluted EPS": -1.75,
        "Total Revenue": NaN,
        "Gross Profit": 647,
        "Operating Income": 86,
        "EBIT": 153,
        "Net Income": -603
    },
    "2017-06-30": {
        "Diluted EPS": -0.16,
        "Total Revenue": 974,
        "Gross Profit": 400,
        "Operating Income": -49,
        "EBIT": 15,
        "Net Income": -56
    },
    "2017-03-31": {
        "Diluted EPS": -0.33,
        "Total Revenue": 736,
        "Gross Profit": 279,
        "Operating Income": -126,
        "EBIT": -61,
        "Net Income": -113
    },
    "2016-12-31": {
        "Diluted EPS": 0.5,
        "Total Revenue": NaN,
        "Gross Profit": 854,
        "Operating Income": 263,
        "EBIT": 328,
        "Net Income": 169
    },
    "2016-09-30": {
        "Diluted EPS": 0.68,
        "Total Revenue": NaN,
        "Gross Profit": 871,
        "Operating Income": 317,
        "EBIT": 383,
        "Net Income": 236
    },
    "2016-06-30": {
        "Diluted EPS": -0.06,
        "Total Revenue": 957,
        "Gross Profit": 434,
        "Operating Income": -12,
        "EBIT": 54,
        "Net Income": -19
    },
    "2016-03-31": {
        "Diluted EPS": -0.21,
        "Total Revenue": 869,
        "Gross Profit": 389,
        "Operating Income": -49,
        "EBIT": 17,
        "Net Income": -73
    },
    "2015-12-31": {
        "Diluted EPS": 0.62,
        "Total Revenue": NaN,
        "Gross Profit": NaN,
        "Operating Income": 294,
        "EBIT": 362,
        "Net Income": 215
    },
    "2015-09-30": {
        "Diluted EPS": 0.66,
        "Total Revenue": NaN,
        "Gross Profit": 880,
        "Operating Income": 301,
        "EBIT": 367,
        "Net Income": 224
    },
    "2015-06-30": {
        "Diluted EPS": -0.03,
        "Total Revenue": 988,
        "Gross Profit": 473,
        "Operating Income": 1,
        "EBIT": 67,
        "Net Income": -11
    },
    "2015-03-31": {
        "Diluted EPS": -0.17,
        "Total Revenue": 923,
        "Gross Profit": 450,
        "Operating Income": -54,
        "EBIT": 10,
        "Net Income": -58
    },
    "2014-12-31": {
        "Diluted EPS": 0.43,
        "Total Revenue": NaN,
        "Gross Profit": NaN,
        "Operating Income": 237,
        "EBIT": 309,
        "Net Income": 153
    },
    "2014-09-30": {
        "Diluted EPS": 0.97,
        "Total Revenue": NaN,
        "Gross Profit": NaN,
        "Operating Income": 409,
        "EBIT": 477,
        "Net Income": 329
    },
    "2014-06-30": {
        "Diluted EPS": 0.08,
        "Total Revenue": NaN,
        "Gross Profit": 493,
        "Operating Income": 1,
        "EBIT": 59,
        "Net Income": 28
    },
    "2014-03-31": {
        "Diluted EPS": -0.03,
        "Total Revenue": 946,
        "Gross Profit": 482,
        "Operating Income": 6,
        "EBIT": 58,
        "Net Income": -11
    },
    "2013-12-31": {
        "Diluted EPS": 1.05,
        "Total Revenue": NaN,
        "Gross Profit": NaN,
        "Operating Income": 479,
        "EBIT": 531,
        "Net Income": 365
    },
    "2013-09-30": {
        "Diluted EPS": 1.21,
        "Total Revenue": NaN,
        "Gross Profit": NaN,
        "Operating Income": 528,
        "EBIT": 578,
        "Net Income": 419
    },
    "2013-06-30": {
        "Diluted EPS": 0.21,
        "Total Revenue": NaN,
        "Gross Profit": 600,
        "Operating Income": 95,
        "EBIT": 144,
        "Net Income": 73
    },
    "2013-03-31": {
        "Diluted EPS": 0.11,
        "Total Revenue": 996,
        "Gross Profit": 540,
        "Operating Income": 66,
        "EBIT": 112,
        "Net Income": 38
    },
    "2012-12-31": {
        "Diluted EPS": 0.88,
        "Total Revenue": NaN,
        "Gross Profit": NaN,
        "Operating Income": 373,
        "EBIT": 421,
        "Net Income": 303
    },
    "2012-09-30": {
        "Diluted EPS": 1.04,
        "Total Revenue": NaN,
        "Gross Profit": NaN,
        "Operating Income": 487,
        "EBIT": 531,
        "Net Income": 363
    },
    "2012-06-30": {
        "Diluted EPS": 0.28,
        "Total Revenue": NaN,
        "Gross Profit": 595,
        "Operating Income": 131,
        "EBIT": 174,
        "Net Income": 95
    },
    "2012-03-31": {
        "Diluted EPS": 0.02,
        "Total Revenue": 928,
        "Gross Profit": 473,
        "Operating Income": 29,
        "EBIT": 69,
        "Net Income": 8
    },
    "2011-12-31": {
        "Diluted EPS": 1.04,
        "Total Revenue": NaN,
        "Gross Profit": NaN,
        "Operating Income": 498,
        "EBIT": 537,
        "Net Income": 366
    },
    "2011-09-30": {
        "Diluted EPS": 0.86,
        "Total Revenue": NaN,
        "Gross Profit": 956,
        "Operating Income": 398,
        "EBIT": 440,
        "Net Income": 298
    },
    "2011-06-30": {
        "Diluted EPS": 0.23,
        "Total Revenue": NaN,
        "Gross Profit": 556,
        "Operating Income": 109,
        "EBIT": 149,
        "Net Income": 79
    },
    "2011-03-31": {
        "Diluted EPS": 0.05,
        "Total Revenue": 952,
        "Gross Profit": 473,
        "Operating Income": 37,
        "EBIT": 76,
        "Net Income": 16
    },
    "2010-12-31": {
        "Diluted EPS": 0.88,
        "Total Revenue": NaN,
        "Gross Profit": NaN,
        "Operating Income": 429,
        "EBIT": 470,
        "Net Income": 321
    },
    "2010-09-30": {
        "Diluted EPS": 0.77,
        "Total Revenue": NaN,
        "Gross Profit": 938,
        "Operating Income": 359,
        "EBIT": 401,
        "Net Income": 280
    },
    "2010-06-30": {
        "Diluted EPS": 0.14,
        "Total Revenue": NaN,
        "Gross Profit": 490,
        "Operating Income": 69,
        "EBIT": 111,
        "Net Income": 51
    },
    "2010-03-31": {
        "Diluted EPS": 0.07,
        "Total Revenue": 880,
        "Gross Profit": 432,
        "Operating Income": 45,
        "EBIT": 86,
        "Net Income": 25
    },
    "2009-12-31": {
        "Diluted EPS": 0.9,
        "Total Revenue": NaN,
        "Gross Profit": NaN,
        "Operating Income": 417,
        "EBIT": 461,
        "Net Income": 325
    },
    "2009-09-30": {
        "Diluted EPS": 0.63,
        "Total Revenue": NaN,
        "Gross Profit": 919,
        "Operating Income": 336,
        "EBIT": 377,
        "Net Income": 227
    },
    "2009-06-30": {
        "Diluted EPS": 0.06,
        "Total Revenue": 898,
        "Gross Profit": 406,
        "Operating Income": 33,
        "EBIT": 74,
        "Net Income": 21
    },
    "2009-03-31": {
        "Diluted EPS": -0.14,
        "Total Revenue": 786,
        "Gross Profit": 346,
        "Operating Income": -55,
        "EBIT": -11,
        "Net Income": -51
    },
    "2023-09-30": {
        "Tax Effect Of Unusual Items": 0.0,
        "Tax Rate For Calcs": 0.21,
        "Normalized EBITDA": 526425000.0,
        "Net Income From Continuing Operation Net Minority Interest": 146319000.0,
        "Reconciled Depreciation": 45607000.0,
        "Reconciled Cost Of Revenue": 940854000.0,
        "EBITDA": 526425000.0,
        "EBIT": 480818000.0,
        "Net Interest Income": -26147000.0,
        "Interest Expense": 30716000.0,
        "Interest Income": 4569000.0,
        "Normalized Income": 146319000.0,
        "Net Income From Continuing And Discontinued Operation": 146319000.0,
        "Total Expenses": 1444930000.0,
        "Total Operating Income As Reported": 473858000.0,
        "Diluted NI Availto Com Stockholders": 146319000.0,
        "Net Income Common Stockholders": 146319000.0,
        "Net Income": 146319000.0,
        "Net Income Including Noncontrolling Interests": 146319000.0,
        "Net Income Continuous Operations": 146319000.0,
        "Earnings From Equity Interest Net Of Tax": 5559000.0,
        "Tax Provision": 309342000.0,
        "Pretax Income": 450102000.0,
        "Other Income Expense": 2391000.0,
        "Other Non Operating Income Expenses": 2391000.0,
        "Net Non Operating Interest Income Expense": -26147000.0,
        "Interest Expense Non Operating": 30716000.0,
        "Interest Income Non Operating": 4569000.0,
        "Operating Income": 473858000.0,
        "Operating Expense": 504076000.0,
        "Selling General And Administration": 504076000.0,
        "Selling And Marketing Expense": 124265000.0,
        "General And Administrative Expense": 379811000.0,
        "Other Gand A": 379811000.0,
        "Gross Profit": 977934000.0,
        "Cost Of Revenue": 940854000.0,
        "Total Revenue": 1918788000.0,
        "Operating Revenue": 1918788000.0
    }
}