{
    "2023-03-31": {
        "Tax Effect Of Unusual Items": NaN,
        "Tax Rate For Calcs": NaN,
        "Normalized EBITDA": NaN,
        "Total Unusual Items": NaN,
        "Total Unusual Items Excluding Goodwill": NaN,
        "Net Income From Continuing Operation Net Minority Interest": NaN,
        "Reconciled Depreciation": NaN,
        "Reconciled Cost Of Revenue": NaN,
        "EBITDA": NaN,
        "EBIT": NaN,
        "Net Interest Income": NaN,
        "Interest Expense": NaN,
        "Normalized Income": NaN,
        "Net Income From Continuing And Discontinued Operation": NaN,
        "Total Expenses": NaN,
        "Total Operating Income As Reported": NaN,
        "Diluted Average Shares": NaN,
        "Basic Average Shares": NaN,
        "Diluted EPS": NaN,
        "Basic EPS": NaN,
        "Diluted NI Availto Com Stockholders": NaN,
        "Net Income Common Stockholders": NaN,
        "Otherunder Preferred Stock Dividend": NaN,
        "Net Income": NaN,
        "Net Income Including Noncontrolling Interests": NaN,
        "Net Income Discontinuous Operations": NaN,
        "Net Income Continuous Operations": NaN,
        "Earnings From Equity Interest Net Of Tax": 100000.0,
        "Tax Provision": NaN,
        "Pretax Income": NaN,
        "Other Income Expense": NaN,
        "Other Non Operating Income Expenses": NaN,
        "Special Income Charges": NaN,
        "Write Off": 0.0,
        "Impairment Of Capital Assets": NaN,
        "Restructuring And Mergern Acquisition": NaN,
        "Net Non Operating Interest Income Expense": NaN,
        "Interest Expense Non Operating": NaN,
        "Operating Income": NaN,
        "Operating Expense": NaN,
        "Research And Development": NaN,
        "Selling General And Administration": NaN,
        "Selling And Marketing Expense": NaN,
        "General And Administrative Expense": NaN,
        "Other Gand A": NaN,
        "Gross Profit": NaN,
        "Cost Of Revenue": NaN,
        "Total Revenue": NaN,
        "Operating Revenue": NaN
    },
    "2022-12-31": {
        "Tax Effect Of Unusual Items": NaN,
        "Tax Rate For Calcs": NaN,
        "Normalized EBITDA": NaN,
        "Total Unusual Items": NaN,
        "Total Unusual Items Excluding Goodwill": NaN,
        "Net Income From Continuing Operation Net Minority Interest": NaN,
        "Reconciled Depreciation": NaN,
        "Reconciled Cost Of Revenue": NaN,
        "EBITDA": NaN,
        "EBIT": NaN,
        "Net Interest Income": NaN,
        "Interest Expense": NaN,
        "Normalized Income": NaN,
        "Net Income From Continuing And Discontinued Operation": NaN,
        "Total Expenses": NaN,
        "Total Operating Income As Reported": NaN,
        "Diluted Average Shares": NaN,
        "Basic Average Shares": NaN,
        "Diluted EPS": NaN,
        "Basic EPS": NaN,
        "Diluted NI Availto Com Stockholders": NaN,
        "Net Income Common Stockholders": NaN,
        "Otherunder Preferred Stock Dividend": NaN,
        "Net Income": NaN,
        "Net Income Including Noncontrolling Interests": NaN,
        "Net Income Discontinuous Operations": NaN,
        "Net Income Continuous Operations": NaN,
        "Earnings From Equity Interest Net Of Tax": 100000.0,
        "Tax Provision": NaN,
        "Pretax Income": NaN,
        "Other Income Expense": NaN,
        "Other Non Operating Income Expenses": NaN,
        "Special Income Charges": NaN,
        "Write Off": NaN,
        "Impairment Of Capital Assets": NaN,
        "Restructuring And Mergern Acquisition": NaN,
        "Net Non Operating Interest Income Expense": NaN,
        "Interest Expense Non Operating": NaN,
        "Operating Income": NaN,
        "Operating Expense": NaN,
        "Research And Development": NaN,
        "Selling General And Administration": NaN,
        "Selling And Marketing Expense": NaN,
        "General And Administrative Expense": NaN,
        "Other Gand A": NaN,
        "Gross Profit": NaN,
        "Cost Of Revenue": NaN,
        "Total Revenue": NaN,
        "Operating Revenue": NaN
    },
    "2022-09-30": {
        "Tax Effect Of Unusual Items": NaN,
        "Tax Rate For Calcs": NaN,
        "Normalized EBITDA": NaN,
        "Total Unusual Items": NaN,
        "Total Unusual Items Excluding Goodwill": NaN,
        "Net Income From Continuing Operation Net Minority Interest": NaN,
        "Reconciled Depreciation": NaN,
        "Reconciled Cost Of Revenue": NaN,
        "EBITDA": NaN,
        "EBIT": NaN,
        "Net Interest Income": NaN,
        "Interest Expense": NaN,
        "Normalized Income": NaN,
        "Net Income From Continuing And Discontinued Operation": NaN,
        "Total Expenses": NaN,
        "Total Operating Income As Reported": NaN,
        "Diluted Average Shares": NaN,
        "Basic Average Shares": NaN,
        "Diluted EPS": NaN,
        "Basic EPS": NaN,
        "Diluted NI Availto Com Stockholders": NaN,
        "Net Income Common Stockholders": NaN,
        "Otherunder Preferred Stock Dividend": NaN,
        "Net Income": NaN,
        "Net Income Including Noncontrolling Interests": NaN,
        "Net Income Discontinuous Operations": 11500000.0,
        "Net Income Continuous Operations": NaN,
        "Earnings From Equity Interest Net Of Tax": 1300000.0,
        "Tax Provision": NaN,
        "Pretax Income": NaN,
        "Other Income Expense": NaN,
        "Other Non Operating Income Expenses": NaN,
        "Special Income Charges": NaN,
        "Write Off": 800000.0,
        "Impairment Of Capital Assets": 0.0,
        "Restructuring And Mergern Acquisition": NaN,
        "Net Non Operating Interest Income Expense": NaN,
        "Interest Expense Non Operating": NaN,
        "Operating Income": NaN,
        "Operating Expense": NaN,
        "Research And Development": NaN,
        "Selling General And Administration": NaN,
        "Selling And Marketing Expense": NaN,
        "General And Administrative Expense": NaN,
        "Other Gand A": NaN,
        "Gross Profit": NaN,
        "Cost Of Revenue": NaN,
        "Total Revenue": NaN,
        "Operating Revenue": NaN
    },
    "2022-06-30": {
        "Tax Effect Of Unusual Items": -751200.0,
        "Tax Rate For Calcs": 0.313,
        "Normalized EBITDA": 63300000.0,
        "Total Unusual Items": -2400000.0,
        "Total Unusual Items Excluding Goodwill": -2400000.0,
        "Net Income From Continuing Operation Net Minority Interest": 11800000.0,
        "Reconciled Depreciation": 25800000.0,
        "Reconciled Cost Of Revenue": 326800000.0,
        "EBITDA": 60900000.0,
        "EBIT": 35100000.0,
        "Net Interest Income": -20400000.0,
        "Interest Expense": 20400000.0,
        "Normalized Income": 13448800.0,
        "Net Income From Continuing And Discontinued Operation": 11800000.0,
        "Total Expenses": 396200000.0,
        "Total Operating Income As Reported": 27800000.0,
        "Diluted Average Shares": 31409800.0,
        "Basic Average Shares": 31260100.0,
        "Diluted EPS": 0.36,
        "Basic EPS": 0.36,
        "Diluted NI Availto Com Stockholders": 11500000.0,
        "Net Income Common Stockholders": 11500000.0,
        "Otherunder Preferred Stock Dividend": 300000.0,
        "Net Income": 11800000.0,
        "Net Income Including Noncontrolling Interests": 11800000.0,
        "Net Income Continuous Operations": 11800000.0,
        "Earnings From Equity Interest Net Of Tax": 1700000.0,
        "Tax Provision": 4600000.0,
        "Pretax Income": 14700000.0,
        "Other Income Expense": 4900000.0,
        "Other Non Operating Income Expenses": 7300000.0,
        "Special Income Charges": -2400000.0,
        "Write Off": 0.0,
        "Restructuring And Mergern Acquisition": 2400000.0,
        "Net Non Operating Interest Income Expense": -20400000.0,
        "Interest Expense Non Operating": 20400000.0,
        "Operating Income": 30200000.0,
        "Operating Expense": 69400000.0,
        "Research And Development": 5400000.0,
        "Selling General And Administration": 64000000.0,
        "Selling And Marketing Expense": 15000000.0,
        "General And Administrative Expense": 49000000.0,
        "Other Gand A": 49000000.0,
        "Gross Profit": 99600000.0,
        "Cost Of Revenue": 326800000.0,
        "Total Revenue": 426400000.0,
        "Operating Revenue": 426400000.0
    },
    "2022-03-31": {
        "Diluted EPS": 0.05,
        "Total Revenue": 407,
        "Gross Profit": 93,
        "Operating Income": 11,
        "EBIT": 36,
        "Net Income": 1
    },
    "2021-12-31": {
        "Diluted EPS": 1.68,
        "Total Revenue": 390,
        "Gross Profit": 76,
        "Operating Income": 11,
        "EBIT": 33,
        "Net Income": 52
    },
    "2021-09-30": {
        "Diluted EPS": 0.38,
        "Total Revenue": 384,
        "Gross Profit": 85,
        "Operating Income": 23,
        "EBIT": 48,
        "Net Income": 12
    },
    "2021-06-30": {
        "Diluted EPS": 0.06,
        "Total Revenue": 378,
        "Gross Profit": 88,
        "Operating Income": 16,
        "EBIT": 44,
        "Net Income": 2
    },
    "2021-03-31": {
        "Diluted EPS": 0.68,
        "Total Revenue": 288,
        "Gross Profit": 81,
        "Operating Income": 34,
        "EBIT": 50,
        "Net Income": 22
    },
    "2020-12-31": {
        "Diluted EPS": 0.48,
        "Total Revenue": 279,
        "Gross Profit": 80,
        "Operating Income": 23,
        "EBIT": 43,
        "Net Income": 15
    },
    "2020-09-30": {
        "Diluted EPS": 0.78,
        "Total Revenue": 279,
        "Gross Profit": 80,
        "Operating Income": 37,
        "EBIT": 57,
        "Net Income": 24
    },
    "2020-06-30": {
        "Diluted EPS": 0.68,
        "Total Revenue": 254,
        "Gross Profit": 74,
        "Operating Income": 34,
        "EBIT": 52,
        "Net Income": 22
    },
    "2020-03-31": {
        "Diluted EPS": 0.72,
        "Total Revenue": 262,
        "Gross Profit": 74,
        "Operating Income": 34,
        "EBIT": 49,
        "Net Income": 22
    },
    "2019-12-31": {
        "Diluted EPS": 0.64,
        "Total Revenue": 239,
        "Gross Profit": 71,
        "Operating Income": 25,
        "EBIT": 39,
        "Net Income": 20
    },
    "2019-09-30": {
        "Diluted EPS": 0.9,
        "Total Revenue": 256,
        "Gross Profit": 72,
        "Operating Income": 35,
        "EBIT": 49,
        "Net Income": 28
    },
    "2019-06-30": {
        "Diluted EPS": 0.66,
        "Total Revenue": 270,
        "Gross Profit": 79,
        "Operating Income": 44,
        "EBIT": 59,
        "Net Income": 20
    },
    "2019-03-31": {
        "Diluted EPS": 0.56,
        "Total Revenue": 258,
        "Gross Profit": 68,
        "Operating Income": 30,
        "EBIT": 45,
        "Net Income": 17
    },
    "2018-12-31": {
        "Diluted EPS": 0.23,
        "Total Revenue": 249,
        "Gross Profit": 64,
        "Operating Income": 27,
        "EBIT": 42,
        "Net Income": 7
    },
    "2018-09-30": {
        "Diluted EPS": 1.33,
        "Total Revenue": 260,
        "Gross Profit": 65,
        "Operating Income": 31,
        "EBIT": 47,
        "Net Income": 41
    },
    "2018-06-30": {
        "Diluted EPS": 0.83,
        "Total Revenue": 270,
        "Gross Profit": 77,
        "Operating Income": 42,
        "EBIT": 58,
        "Net Income": 26
    },
    "2018-03-31": {
        "Diluted EPS": 0.67,
        "Total Revenue": 262,
        "Gross Profit": 72,
        "Operating Income": 35,
        "EBIT": 51,
        "Net Income": 20
    },
    "2017-12-31": {
        "Diluted EPS": -0.89,
        "Total Revenue": 236,
        "Gross Profit": 67,
        "Operating Income": 21,
        "EBIT": 34,
        "Net Income": -27
    },
    "2017-09-30": {
        "Diluted EPS": 0.84,
        "Total Revenue": 258,
        "Gross Profit": 76,
        "Operating Income": 39,
        "EBIT": 54,
        "Net Income": 26
    },
    "2017-06-30": {
        "Diluted EPS": 0.72,
        "Total Revenue": 255,
        "Gross Profit": 77,
        "Operating Income": 40,
        "EBIT": 56,
        "Net Income": 22
    },
    "2017-03-31": {
        "Diluted EPS": 0.45,
        "Total Revenue": 233,
        "Gross Profit": 63,
        "Operating Income": 28,
        "EBIT": 44,
        "Net Income": 14
    },
    "2016-12-31": {
        "Diluted EPS": 0.55,
        "Total Revenue": 199,
        "Gross Profit": 64,
        "Operating Income": 10,
        "EBIT": 21,
        "Net Income": 17
    },
    "2016-09-30": {
        "Diluted EPS": 0.61,
        "Total Revenue": 209,
        "Gross Profit": 63,
        "Operating Income": 31,
        "EBIT": 42,
        "Net Income": 19
    },
    "2016-06-30": {
        "Diluted EPS": 0.85,
        "Total Revenue": 217,
        "Gross Profit": 67,
        "Operating Income": 38,
        "EBIT": 49,
        "Net Income": 26
    },
    "2016-03-31": {
        "Diluted EPS": 0.69,
        "Total Revenue": 215,
        "Gross Profit": 64,
        "Operating Income": 32,
        "EBIT": 42,
        "Net Income": 21
    },
    "2015-12-31": {
        "Diluted EPS": 0.72,
        "Total Revenue": 210,
        "Gross Profit": 66,
        "Operating Income": 25,
        "EBIT": 37,
        "Net Income": 22
    },
    "2015-09-30": {
        "Diluted EPS": 0.85,
        "Total Revenue": 184,
        "Gross Profit": 52,
        "Operating Income": 32,
        "EBIT": 41,
        "Net Income": 26
    },
    "2015-06-30": {
        "Diluted EPS": 0.76,
        "Total Revenue": 182,
        "Gross Profit": 55,
        "Operating Income": 24,
        "EBIT": 34,
        "Net Income": 23
    },
    "2015-03-31": {
        "Diluted EPS": 0.61,
        "Total Revenue": 188,
        "Gross Profit": 51,
        "Operating Income": 23,
        "EBIT": 32,
        "Net Income": 19
    },
    "2014-12-31": {
        "Diluted EPS": 0.61,
        "Total Revenue": 182,
        "Gross Profit": 49,
        "Operating Income": 17,
        "EBIT": 28,
        "Net Income": 19
    },
    "2014-09-30": {
        "Diluted EPS": 0.76,
        "Total Revenue": 204,
        "Gross Profit": 53,
        "Operating Income": 25,
        "EBIT": 37,
        "Net Income": 23
    },
    "2014-06-30": {
        "Diluted EPS": 0.81,
        "Total Revenue": 204,
        "Gross Profit": 59,
        "Operating Income": 31,
        "EBIT": 41,
        "Net Income": 25
    },
    "2014-03-31": {
        "Diluted EPS": 0.75,
        "Total Revenue": 205,
        "Gross Profit": 58,
        "Operating Income": 33,
        "EBIT": 46,
        "Net Income": 23
    },
    "2013-12-31": {
        "Diluted EPS": -0.3,
        "Total Revenue": 197,
        "Gross Profit": 62,
        "Operating Income": -1,
        "EBIT": 10,
        "Net Income": -10
    },
    "2013-09-30": {
        "Diluted EPS": 0.92,
        "Total Revenue": 185,
        "Gross Profit": 63,
        "Operating Income": 42,
        "EBIT": 51,
        "Net Income": 29
    },
    "2013-06-30": {
        "Diluted EPS": 0.84,
        "Total Revenue": 197,
        "Gross Profit": 65,
        "Operating Income": 42,
        "EBIT": 52,
        "Net Income": 26
    },
    "2013-03-31": {
        "Diluted EPS": 0.96,
        "Total Revenue": 195,
        "Gross Profit": 63,
        "Operating Income": 42,
        "EBIT": 50,
        "Net Income": 30
    },
    "2012-12-31": {
        "Diluted EPS": 0.53,
        "Total Revenue": 195,
        "Gross Profit": 65,
        "Operating Income": 40,
        "EBIT": 49,
        "Net Income": 17
    },
    "2012-09-30": {
        "Diluted EPS": 0.87,
        "Total Revenue": 196,
        "Gross Profit": 66,
        "Operating Income": 49,
        "EBIT": 59,
        "Net Income": 27
    },
    "2012-06-30": {
        "Diluted EPS": 0.66,
        "Total Revenue": 193,
        "Gross Profit": 64,
        "Operating Income": 38,
        "EBIT": 47,
        "Net Income": 21
    },
    "2012-03-31": {
        "Diluted EPS": 0.45,
        "Total Revenue": 195,
        "Gross Profit": 64,
        "Operating Income": 25,
        "EBIT": 35,
        "Net Income": 14
    },
    "2011-12-31": {
        "Diluted EPS": 1.42,
        "Total Revenue": 190,
        "Gross Profit": 84,
        "Operating Income": 56,
        "EBIT": 65,
        "Net Income": 48
    },
    "2011-09-30": {
        "Diluted EPS": 0.29,
        "Total Revenue": 211,
        "Gross Profit": 56,
        "Operating Income": 11,
        "EBIT": 22,
        "Net Income": 9
    },
    "2011-06-30": {
        "Diluted EPS": 0.57,
        "Total Revenue": 206,
        "Gross Profit": 55,
        "Operating Income": 32,
        "EBIT": 40,
        "Net Income": 20
    },
    "2011-03-31": {
        "Diluted EPS": 0.46,
        "Total Revenue": 181,
        "Gross Profit": 47,
        "Operating Income": 26,
        "EBIT": 35,
        "Net Income": 16
    },
    "2010-12-31": {
        "Diluted EPS": 0.37,
        "Total Revenue": 170,
        "Gross Profit": 47,
        "Operating Income": 24,
        "EBIT": 33,
        "Net Income": 12
    },
    "2010-09-30": {
        "Diluted EPS": 0.49,
        "Total Revenue": 182,
        "Gross Profit": 50,
        "Operating Income": 31,
        "EBIT": 38,
        "Net Income": 18
    },
    "2010-06-30": {
        "Diluted EPS": 0.39,
        "Total Revenue": 183,
        "Gross Profit": 45,
        "Operating Income": 25,
        "EBIT": 33,
        "Net Income": 15
    },
    "2010-03-31": {
        "Diluted EPS": 0.51,
        "Total Revenue": 193,
        "Gross Profit": 54,
        "Operating Income": 31,
        "EBIT": 39,
        "Net Income": 19
    },
    "2009-12-31": {
        "Diluted EPS": 0.31,
        "Total Revenue": 170,
        "Gross Profit": 47,
        "Operating Income": 35,
        "EBIT": 46,
        "Net Income": 10
    },
    "2009-09-30": {
        "Diluted EPS": 0.14,
        "Total Revenue": 182,
        "Gross Profit": 55,
        "Operating Income": 19,
        "EBIT": 29,
        "Net Income": 5
    },
    "2009-06-30": {
        "Diluted EPS": 0.23,
        "Total Revenue": 183,
        "Gross Profit": 45,
        "Operating Income": 12,
        "EBIT": 22,
        "Net Income": 7
    },
    "2009-03-31": {
        "Diluted EPS": 0.44,
        "Total Revenue": 184,
        "Gross Profit": 42,
        "Operating Income": 23,
        "EBIT": 32,
        "Net Income": 13
    },
    "2023-06-30": {
        "Tax Effect Of Unusual Items": -105000.0,
        "Tax Rate For Calcs": 0.21,
        "Normalized EBITDA": 46300000.0,
        "Total Unusual Items": -500000.0,
        "Total Unusual Items Excluding Goodwill": -500000.0,
        "Net Income From Continuing Operation Net Minority Interest": -14300000.0,
        "Reconciled Depreciation": 38000000.0,
        "Reconciled Cost Of Revenue": 431000000.0,
        "EBITDA": 45800000.0,
        "EBIT": 7800000.0,
        "Net Interest Income": -16400000.0,
        "Interest Expense": 16400000.0,
        "Normalized Income": -13905000.0,
        "Net Income From Continuing And Discontinued Operation": -4500000.0,
        "Total Expenses": 515600000.0,
        "Total Operating Income As Reported": 10400000.0,
        "Diluted Average Shares": 54656400.0,
        "Basic Average Shares": 54656400.0,
        "Diluted EPS": -0.08,
        "Basic EPS": -0.08,
        "Diluted NI Availto Com Stockholders": -4600000.0,
        "Net Income Common Stockholders": -4600000.0,
        "Otherunder Preferred Stock Dividend": 100000.0,
        "Net Income": -4500000.0,
        "Net Income Including Noncontrolling Interests": -4500000.0,
        "Net Income Discontinuous Operations": 9800000.0,
        "Net Income Continuous Operations": -14300000.0,
        "Earnings From Equity Interest Net Of Tax": 100000.0,
        "Tax Provision": 5700000.0,
        "Pretax Income": -8600000.0,
        "Other Income Expense": -3100000.0,
        "Other Non Operating Income Expenses": -2600000.0,
        "Special Income Charges": -500000.0,
        "Write Off": 0.0,
        "Impairment Of Capital Assets": NaN,
        "Restructuring And Mergern Acquisition": 500000.0,
        "Net Non Operating Interest Income Expense": -16400000.0,
        "Interest Expense Non Operating": 16400000.0,
        "Operating Income": 10900000.0,
        "Operating Expense": 84600000.0,
        "Research And Development": 4500000.0,
        "Selling General And Administration": 80100000.0,
        "Selling And Marketing Expense": 19700000.0,
        "General And Administrative Expense": 60400000.0,
        "Other Gand A": 60400000.0,
        "Gross Profit": 95500000.0,
        "Cost Of Revenue": 431000000.0,
        "Total Revenue": 526500000.0,
        "Operating Revenue": 526500000.0
    },
    "2023-09-30": {
        "Tax Effect Of Unusual Items": -87633000.0,
        "Tax Rate For Calcs": 0.21,
        "Normalized EBITDA": 34300000.0,
        "Total Unusual Items": -417300000.0,
        "Total Unusual Items Excluding Goodwill": -417300000.0,
        "Net Income From Continuing Operation Net Minority Interest": -464300000.0,
        "Reconciled Depreciation": 37200000.0,
        "Reconciled Cost Of Revenue": 411500000.0,
        "EBITDA": -383000000.0,
        "EBIT": -420200000.0,
        "Net Interest Income": -16800000.0,
        "Interest Expense": 16800000.0,
        "Normalized Income": -134633000.0,
        "Net Income From Continuing And Discontinued Operation": -455000000.0,
        "Total Expenses": 500800000.0,
        "Total Operating Income As Reported": -419900000.0,
        "Diluted Average Shares": 54659100.0,
        "Basic Average Shares": 54659100.0,
        "Diluted EPS": -8.33,
        "Basic EPS": -8.33,
        "Diluted NI Availto Com Stockholders": -455500000.0,
        "Net Income Common Stockholders": -455500000.0,
        "Otherunder Preferred Stock Dividend": 500000.0,
        "Net Income": -455000000.0,
        "Net Income Including Noncontrolling Interests": -455000000.0,
        "Net Income Discontinuous Operations": 9300000.0,
        "Net Income Continuous Operations": -464300000.0,
        "Earnings From Equity Interest Net Of Tax": NaN,
        "Tax Provision": 27300000.0,
        "Pretax Income": -437000000.0,
        "Other Income Expense": -417600000.0,
        "Other Non Operating Income Expenses": -300000.0,
        "Special Income Charges": -417300000.0,
        "Write Off": 15000000.0,
        "Impairment Of Capital Assets": 401000000.0,
        "Restructuring And Mergern Acquisition": 1300000.0,
        "Net Non Operating Interest Income Expense": -16800000.0,
        "Interest Expense Non Operating": 16800000.0,
        "Operating Income": -2600000.0,
        "Operating Expense": 89300000.0,
        "Research And Development": 5400000.0,
        "Selling General And Administration": 83900000.0,
        "Selling And Marketing Expense": 20500000.0,
        "General And Administrative Expense": 63400000.0,
        "Other Gand A": 63400000.0,
        "Gross Profit": 86700000.0,
        "Cost Of Revenue": 411500000.0,
        "Total Revenue": 498200000.0,
        "Operating Revenue": 498200000.0
    },
    "2023-12-31": {
        "Tax Effect Of Unusual Items": -952380.952381,
        "Tax Rate For Calcs": 0.190476,
        "Normalized EBITDA": 37000000.0,
        "Total Unusual Items": -5000000.0,
        "Total Unusual Items Excluding Goodwill": -5000000.0,
        "Net Income From Continuing Operation Net Minority Interest": -13600000.0,
        "Reconciled Depreciation": 35400000.0,
        "Reconciled Cost Of Revenue": 366400000.0,
        "EBITDA": 32000000.0,
        "EBIT": -3400000.0,
        "Net Interest Income": -13400000.0,
        "Interest Expense": 13400000.0,
        "Normalized Income": -9552380.952381,
        "Net Income From Continuing And Discontinued Operation": 157700000.0,
        "Total Expenses": 449500000.0,
        "Total Operating Income As Reported": -2200000.0,
        "Diluted Average Shares": 54499800.0,
        "Basic Average Shares": 54230400.0,
        "Diluted EPS": 2.89,
        "Basic EPS": 2.91,
        "Diluted NI Availto Com Stockholders": 157700000.0,
        "Net Income Common Stockholders": 157700000.0,
        "Otherunder Preferred Stock Dividend": 0.0,
        "Net Income": 157700000.0,
        "Net Income Including Noncontrolling Interests": 157700000.0,
        "Net Income Discontinuous Operations": 171300000.0,
        "Net Income Continuous Operations": -13600000.0,
        "Earnings From Equity Interest Net Of Tax": NaN,
        "Tax Provision": -3200000.0,
        "Pretax Income": -16800000.0,
        "Other Income Expense": -6200000.0,
        "Other Non Operating Income Expenses": -1200000.0,
        "Special Income Charges": -5000000.0,
        "Write Off": NaN,
        "Impairment Of Capital Assets": 0.0,
        "Restructuring And Mergern Acquisition": 20000000.0,
        "Net Non Operating Interest Income Expense": -13400000.0,
        "Interest Expense Non Operating": 13400000.0,
        "Operating Income": 2800000.0,
        "Operating Expense": 83100000.0,
        "Research And Development": 4600000.0,
        "Selling General And Administration": 78500000.0,
        "Selling And Marketing Expense": 18300000.0,
        "General And Administrative Expense": 60200000.0,
        "Other Gand A": 60200000.0,
        "Gross Profit": 85900000.0,
        "Cost Of Revenue": 366400000.0,
        "Total Revenue": 452300000.0,
        "Operating Revenue": 452300000.0
    },
    "2024-03-31": {
        "Tax Effect Of Unusual Items": -1137600.0,
        "Tax Rate For Calcs": 0.079,
        "Normalized EBITDA": 38600000.0,
        "Total Unusual Items": -14400000.0,
        "Total Unusual Items Excluding Goodwill": -14400000.0,
        "Net Income From Continuing Operation Net Minority Interest": -28000000.0,
        "Reconciled Depreciation": 36300000.0,
        "Reconciled Cost Of Revenue": 416200000.0,
        "EBITDA": 24200000.0,
        "EBIT": -12100000.0,
        "Net Interest Income": -18300000.0,
        "Interest Expense": 18300000.0,
        "Normalized Income": -14737600.0,
        "Net Income From Continuing And Discontinued Operation": -28000000.0,
        "Total Expenses": 499600000.0,
        "Total Operating Income As Reported": -13800000.0,
        "Diluted Average Shares": 54267900.0,
        "Basic Average Shares": 54267900.0,
        "Diluted EPS": -0.52,
        "Basic EPS": -0.52,
        "Diluted NI Availto Com Stockholders": -28000000.0,
        "Net Income Common Stockholders": -28000000.0,
        "Otherunder Preferred Stock Dividend": 0.0,
        "Net Income": -28000000.0,
        "Net Income Including Noncontrolling Interests": -28000000.0,
        "Net Income Discontinuous Operations": 0.0,
        "Net Income Continuous Operations": -28000000.0,
        "Earnings From Equity Interest Net Of Tax": NaN,
        "Tax Provision": -2400000.0,
        "Pretax Income": -30400000.0,
        "Other Income Expense": -12700000.0,
        "Other Non Operating Income Expenses": 1700000.0,
        "Special Income Charges": -14400000.0,
        "Write Off": NaN,
        "Impairment Of Capital Assets": NaN,
        "Restructuring And Mergern Acquisition": 14400000.0,
        "Net Non Operating Interest Income Expense": -18300000.0,
        "Interest Expense Non Operating": 18300000.0,
        "Operating Income": 600000.0,
        "Operating Expense": 83400000.0,
        "Research And Development": 6000000.0,
        "Selling General And Administration": 77400000.0,
        "Selling And Marketing Expense": 18500000.0,
        "General And Administrative Expense": 58900000.0,
        "Other Gand A": 58900000.0,
        "Gross Profit": 84000000.0,
        "Cost Of Revenue": 416200000.0,
        "Total Revenue": 500200000.0,
        "Operating Revenue": 500200000.0
    },
    "2024-06-30": {
        "Tax Effect Of Unusual Items": -2478000.0,
        "Tax Rate For Calcs": 0.21,
        "Normalized EBITDA": 57600000.0,
        "Total Unusual Items": -11800000.0,
        "Total Unusual Items Excluding Goodwill": -11800000.0,
        "Net Income From Continuing Operation Net Minority Interest": -1400000.0,
        "Reconciled Depreciation": 36400000.0,
        "Reconciled Cost Of Revenue": 414900000.0,
        "EBITDA": 45800000.0,
        "EBIT": 9400000.0,
        "Net Interest Income": -18400000.0,
        "Interest Expense": 18400000.0,
        "Normalized Income": 7922000.0,
        "Net Income From Continuing And Discontinued Operation": -1400000.0,
        "Total Expenses": 501500000.0,
        "Total Operating Income As Reported": 10500000.0,
        "Diluted Average Shares": 54321800.0,
        "Basic Average Shares": 54321800.0,
        "Diluted EPS": -0.03,
        "Basic EPS": -0.03,
        "Diluted NI Availto Com Stockholders": -1500000.0,
        "Net Income Common Stockholders": -1500000.0,
        "Otherunder Preferred Stock Dividend": 100000.0,
        "Net Income": -1400000.0,
        "Net Income Including Noncontrolling Interests": -1400000.0,
        "Net Income Discontinuous Operations": 0.0,
        "Net Income Continuous Operations": -1400000.0,
        "Earnings From Equity Interest Net Of Tax": NaN,
        "Tax Provision": -7600000.0,
        "Pretax Income": -9000000.0,
        "Other Income Expense": -12900000.0,
        "Other Non Operating Income Expenses": -1100000.0,
        "Special Income Charges": -11800000.0,
        "Write Off": 7200000.0,
        "Impairment Of Capital Assets": NaN,
        "Restructuring And Mergern Acquisition": 4600000.0,
        "Net Non Operating Interest Income Expense": -18400000.0,
        "Interest Expense Non Operating": 18400000.0,
        "Operating Income": 22300000.0,
        "Operating Expense": 86600000.0,
        "Research And Development": 5800000.0,
        "Selling General And Administration": 80800000.0,
        "Selling And Marketing Expense": 18000000.0,
        "General And Administrative Expense": 62800000.0,
        "Other Gand A": 62800000.0,
        "Gross Profit": 108900000.0,
        "Cost Of Revenue": 414900000.0,
        "Total Revenue": 523800000.0,
        "Operating Revenue": 523800000.0
    }
}