{
    "2023-06-30": {
        "Tax Effect Of Unusual Items": NaN,
        "Tax Rate For Calcs": NaN,
        "Normalized EBITDA": NaN,
        "Net Income From Continuing Operation Net Minority Interest": NaN,
        "Reconciled Depreciation": NaN,
        "Reconciled Cost Of Revenue": NaN,
        "EBITDA": NaN,
        "EBIT": NaN,
        "Net Interest Income": NaN,
        "Interest Expense": NaN,
        "Normalized Income": NaN,
        "Net Income From Continuing And Discontinued Operation": NaN,
        "Total Expenses": NaN,
        "Total Operating Income As Reported": NaN,
        "Diluted Average Shares": 31244000.0,
        "Basic Average Shares": 30467662.0,
        "Diluted EPS": 0.28,
        "Basic EPS": 0.286796,
        "Diluted NI Availto Com Stockholders": NaN,
        "Net Income Common Stockholders": NaN,
        "Net Income": NaN,
        "Minority Interests": NaN,
        "Net Income Including Noncontrolling Interests": NaN,
        "Net Income Continuous Operations": NaN,
        "Tax Provision": NaN,
        "Pretax Income": NaN,
        "Other Income Expense": NaN,
        "Other Non Operating Income Expenses": NaN,
        "Net Non Operating Interest Income Expense": NaN,
        "Interest Expense Non Operating": NaN,
        "Operating Income": NaN,
        "Operating Expense": NaN,
        "Depreciation Amortization Depletion Income Statement": NaN,
        "Depreciation And Amortization In Income Statement": NaN,
        "Amortization": NaN,
        "Amortization Of Intangibles Income Statement": NaN,
        "Selling General And Administration": NaN,
        "Selling And Marketing Expense": NaN,
        "General And Administrative Expense": NaN,
        "Other Gand A": NaN,
        "Gross Profit": NaN,
        "Cost Of Revenue": NaN,
        "Total Revenue": NaN,
        "Operating Revenue": NaN
    },
    "2023-03-31": {
        "Tax Effect Of Unusual Items": NaN,
        "Tax Rate For Calcs": NaN,
        "Normalized EBITDA": NaN,
        "Net Income From Continuing Operation Net Minority Interest": NaN,
        "Reconciled Depreciation": NaN,
        "Reconciled Cost Of Revenue": NaN,
        "EBITDA": NaN,
        "EBIT": NaN,
        "Net Interest Income": NaN,
        "Interest Expense": NaN,
        "Normalized Income": NaN,
        "Net Income From Continuing And Discontinued Operation": NaN,
        "Total Expenses": NaN,
        "Total Operating Income As Reported": NaN,
        "Diluted Average Shares": 31179000.0,
        "Basic Average Shares": 30458168.0,
        "Diluted EPS": 0.29,
        "Basic EPS": 0.299657,
        "Diluted NI Availto Com Stockholders": NaN,
        "Net Income Common Stockholders": NaN,
        "Net Income": NaN,
        "Minority Interests": NaN,
        "Net Income Including Noncontrolling Interests": NaN,
        "Net Income Continuous Operations": NaN,
        "Tax Provision": NaN,
        "Pretax Income": NaN,
        "Other Income Expense": NaN,
        "Other Non Operating Income Expenses": NaN,
        "Net Non Operating Interest Income Expense": NaN,
        "Interest Expense Non Operating": NaN,
        "Operating Income": NaN,
        "Operating Expense": NaN,
        "Depreciation Amortization Depletion Income Statement": NaN,
        "Depreciation And Amortization In Income Statement": NaN,
        "Amortization": NaN,
        "Amortization Of Intangibles Income Statement": NaN,
        "Selling General And Administration": NaN,
        "Selling And Marketing Expense": NaN,
        "General And Administrative Expense": NaN,
        "Other Gand A": NaN,
        "Gross Profit": NaN,
        "Cost Of Revenue": NaN,
        "Total Revenue": NaN,
        "Operating Revenue": NaN
    },
    "2022-12-31": {
        "Tax Effect Of Unusual Items": 0.0,
        "Tax Rate For Calcs": 0.264569,
        "Normalized EBITDA": 38903000.0,
        "Net Income From Continuing Operation Net Minority Interest": 3703000.0,
        "Reconciled Depreciation": 23729000.0,
        "Reconciled Cost Of Revenue": 296923000.0,
        "EBITDA": 38903000.0,
        "EBIT": 15174000.0,
        "Net Interest Income": -10215000.0,
        "Interest Expense": 10215000.0,
        "Normalized Income": 3703000.0,
        "Net Income From Continuing And Discontinued Operation": 3703000.0,
        "Total Expenses": 432012000.0,
        "Total Operating Income As Reported": 17228000.0,
        "Diluted Average Shares": 30953000.0,
        "Basic Average Shares": 30712000.0,
        "Diluted EPS": 0.12,
        "Basic EPS": 0.12,
        "Diluted NI Availto Com Stockholders": 3703000.0,
        "Net Income Common Stockholders": 3703000.0,
        "Net Income": 3703000.0,
        "Minority Interests": 56000.0,
        "Net Income Including Noncontrolling Interests": 3647000.0,
        "Net Income Continuous Operations": 3647000.0,
        "Tax Provision": 1312000.0,
        "Pretax Income": 4959000.0,
        "Other Income Expense": -2054000.0,
        "Other Non Operating Income Expenses": -2054000.0,
        "Net Non Operating Interest Income Expense": -10215000.0,
        "Interest Expense Non Operating": 10215000.0,
        "Operating Income": 17228000.0,
        "Operating Expense": 121702000.0,
        "Depreciation Amortization Depletion Income Statement": 10342000.0,
        "Depreciation And Amortization In Income Statement": 10342000.0,
        "Amortization": 10342000.0,
        "Amortization Of Intangibles Income Statement": 10342000.0,
        "Selling General And Administration": 111360000.0,
        "Selling And Marketing Expense": 33439000.0,
        "General And Administrative Expense": 77921000.0,
        "Other Gand A": 77921000.0,
        "Gross Profit": 138930000.0,
        "Cost Of Revenue": 310310000.0,
        "Total Revenue": 449240000.0,
        "Operating Revenue": 449240000.0
    },
    "2022-09-30": {
        "Tax Effect Of Unusual Items": NaN,
        "Tax Rate For Calcs": NaN,
        "Normalized EBITDA": NaN,
        "Total Unusual Items": -82153000.0,
        "Total Unusual Items Excluding Goodwill": -82153000.0,
        "Net Income From Continuing Operation Net Minority Interest": NaN,
        "Reconciled Depreciation": NaN,
        "Reconciled Cost Of Revenue": NaN,
        "EBITDA": NaN,
        "EBIT": NaN,
        "Net Interest Income": NaN,
        "Interest Expense": NaN,
        "Normalized Income": NaN,
        "Net Income From Continuing And Discontinued Operation": NaN,
        "Total Expenses": NaN,
        "Total Operating Income As Reported": NaN,
        "Diluted Average Shares": NaN,
        "Basic Average Shares": NaN,
        "Diluted EPS": NaN,
        "Basic EPS": NaN,
        "Diluted NI Availto Com Stockholders": NaN,
        "Net Income Common Stockholders": NaN,
        "Net Income": NaN,
        "Minority Interests": NaN,
        "Net Income Including Noncontrolling Interests": NaN,
        "Net Income Continuous Operations": NaN,
        "Tax Provision": NaN,
        "Pretax Income": NaN,
        "Other Income Expense": NaN,
        "Other Non Operating Income Expenses": NaN,
        "Gain On Sale Of Security": 301000.0,
        "Net Non Operating Interest Income Expense": NaN,
        "Interest Expense Non Operating": NaN,
        "Operating Income": NaN,
        "Operating Expense": NaN,
        "Depreciation Amortization Depletion Income Statement": NaN,
        "Depreciation And Amortization In Income Statement": NaN,
        "Amortization": NaN,
        "Amortization Of Intangibles Income Statement": NaN,
        "Selling General And Administration": NaN,
        "Selling And Marketing Expense": NaN,
        "General And Administrative Expense": NaN,
        "Other Gand A": NaN,
        "Gross Profit": NaN,
        "Cost Of Revenue": NaN,
        "Total Revenue": NaN,
        "Operating Revenue": NaN
    },
    "2022-06-30": {
        "Tax Effect Of Unusual Items": 15673.052363,
        "Tax Rate For Calcs": 0.265645,
        "Normalized EBITDA": 33453000.0,
        "Total Unusual Items": 59000.0,
        "Total Unusual Items Excluding Goodwill": 59000.0,
        "Net Income From Continuing Operation Net Minority Interest": 2893000.0,
        "Reconciled Depreciation": 22938000.0,
        "Reconciled Cost Of Revenue": 289720000.0,
        "EBITDA": 33512000.0,
        "EBIT": 10574000.0,
        "Net Interest Income": -6659000.0,
        "Interest Expense": 6659000.0,
        "Normalized Income": 2849673.052363,
        "Net Income From Continuing And Discontinued Operation": 2893000.0,
        "Total Expenses": 410756000.0,
        "Total Operating Income As Reported": 10963000.0,
        "Diluted Average Shares": 31552000.0,
        "Basic Average Shares": 31244000.0,
        "Diluted EPS": 0.09,
        "Basic EPS": 0.09,
        "Diluted NI Availto Com Stockholders": 2893000.0,
        "Net Income Common Stockholders": 2893000.0,
        "Net Income": 2893000.0,
        "Minority Interests": 18000.0,
        "Net Income Including Noncontrolling Interests": 2875000.0,
        "Net Income Continuous Operations": 2875000.0,
        "Tax Provision": 1040000.0,
        "Pretax Income": 3915000.0,
        "Other Income Expense": -389000.0,
        "Other Non Operating Income Expenses": -448000.0,
        "Special Income Charges": NaN,
        "Impairment Of Capital Assets": NaN,
        "Gain On Sale Of Security": 59000.0,
        "Net Non Operating Interest Income Expense": -6659000.0,
        "Total Other Finance Cost": NaN,
        "Interest Expense Non Operating": 6659000.0,
        "Operating Income": 10963000.0,
        "Operating Expense": 109902000.0,
        "Depreciation Amortization Depletion Income Statement": 11804000.0,
        "Depreciation And Amortization In Income Statement": 11804000.0,
        "Amortization": 11804000.0,
        "Amortization Of Intangibles Income Statement": 11804000.0,
        "Selling General And Administration": 98098000.0,
        "Selling And Marketing Expense": 32157000.0,
        "General And Administrative Expense": 65941000.0,
        "Other Gand A": 65941000.0,
        "Gross Profit": 120865000.0,
        "Cost Of Revenue": 300854000.0,
        "Total Revenue": 421719000.0,
        "Operating Revenue": 421719000.0
    },
    "2022-03-31": {
        "Diluted EPS": -0.06,
        "Total Revenue": 445,
        "Gross Profit": 125,
        "Operating Income": 7,
        "EBIT": 31,
        "Net Income": -2
    },
    "2021-12-31": {
        "Diluted EPS": -0.62,
        "Total Revenue": 439,
        "Gross Profit": 132,
        "Operating Income": 11,
        "EBIT": 44,
        "Net Income": -20
    },
    "2021-09-30": {
        "Diluted EPS": -0.11,
        "Total Revenue": 439,
        "Gross Profit": 138,
        "Operating Income": 7,
        "EBIT": 43,
        "Net Income": -4
    },
    "2021-06-30": {
        "Diluted EPS": 0.1,
        "Total Revenue": 428,
        "Gross Profit": 137,
        "Operating Income": 9,
        "EBIT": 45,
        "Net Income": 3
    },
    "2021-03-31": {
        "Diluted EPS": 0.16,
        "Total Revenue": 417,
        "Gross Profit": 141,
        "Operating Income": 15,
        "EBIT": 50,
        "Net Income": 5
    },
    "2020-12-31": {
        "Diluted EPS": -0.06,
        "Total Revenue": 387,
        "Gross Profit": 125,
        "Operating Income": 10,
        "EBIT": 38,
        "Net Income": -2
    },
    "2020-09-30": {
        "Diluted EPS": 0.25,
        "Total Revenue": 399,
        "Gross Profit": 136,
        "Operating Income": 21,
        "EBIT": 51,
        "Net Income": 7
    },
    "2020-06-30": {
        "Diluted EPS": 0.07,
        "Total Revenue": 359,
        "Gross Profit": 121,
        "Operating Income": 5,
        "EBIT": 35,
        "Net Income": 2
    },
    "2020-03-31": {
        "Diluted EPS": -2.77,
        "Total Revenue": 375,
        "Gross Profit": 125,
        "Operating Income": -85,
        "EBIT": -56,
        "Net Income": -86
    },
    "2019-12-31": {
        "Diluted EPS": -0.34,
        "Total Revenue": 365,
        "Gross Profit": 116,
        "Operating Income": -5,
        "EBIT": 24,
        "Net Income": -10
    },
    "2019-09-30": {
        "Diluted EPS": -2.25,
        "Total Revenue": 392,
        "Gross Profit": 143,
        "Operating Income": -60,
        "EBIT": -30,
        "Net Income": -71
    },
    "2019-06-30": {
        "Diluted EPS": 0.46,
        "Total Revenue": 379,
        "Gross Profit": 137,
        "Operating Income": 30,
        "EBIT": 50,
        "Net Income": 15
    },
    "2019-03-31": {
        "Diluted EPS": 0.48,
        "Total Revenue": 391,
        "Gross Profit": 136,
        "Operating Income": 24,
        "EBIT": 45,
        "Net Income": 15
    },
    "2018-12-31": {
        "Diluted EPS": 0.1,
        "Total Revenue": 374,
        "Gross Profit": 126,
        "Operating Income": 16,
        "EBIT": 35,
        "Net Income": 3
    },
    "2018-09-30": {
        "Diluted EPS": 0.93,
        "Total Revenue": 407,
        "Gross Profit": 150,
        "Operating Income": 49,
        "EBIT": 69,
        "Net Income": 30
    },
    "2018-06-30": {
        "Diluted EPS": 0.77,
        "Total Revenue": 412,
        "Gross Profit": 153,
        "Operating Income": 39,
        "EBIT": 59,
        "Net Income": 24
    },
    "2018-03-31": {
        "Diluted EPS": 0.57,
        "Total Revenue": 414,
        "Gross Profit": 151,
        "Operating Income": 31,
        "EBIT": 51,
        "Net Income": 18
    },
    "2017-12-31": {
        "Diluted EPS": 1.1,
        "Total Revenue": 369,
        "Gross Profit": 131,
        "Operating Income": 19,
        "EBIT": 37,
        "Net Income": 35
    },
    "2017-09-30": {
        "Diluted EPS": 0.59,
        "Total Revenue": 396,
        "Gross Profit": 158,
        "Operating Income": 39,
        "EBIT": 56,
        "Net Income": 20
    },
    "2017-06-30": {
        "Diluted EPS": 0.91,
        "Total Revenue": 390,
        "Gross Profit": 144,
        "Operating Income": 37,
        "EBIT": 55,
        "Net Income": 29
    },
    "2017-03-31": {
        "Diluted EPS": 0.46,
        "Total Revenue": 381,
        "Gross Profit": 138,
        "Operating Income": 27,
        "EBIT": 44,
        "Net Income": 15
    },
    "2016-12-31": {
        "Diluted EPS": 0.32,
        "Total Revenue": 349,
        "Gross Profit": 127,
        "Operating Income": 19,
        "EBIT": 34,
        "Net Income": 10
    },
    "2016-09-30": {
        "Diluted EPS": 0.73,
        "Total Revenue": 377,
        "Gross Profit": 147,
        "Operating Income": 40,
        "EBIT": 56,
        "Net Income": 24
    },
    "2016-06-30": {
        "Diluted EPS": 0.73,
        "Total Revenue": 382,
        "Gross Profit": 145,
        "Operating Income": 41,
        "EBIT": 58,
        "Net Income": 24
    },
    "2016-03-31": {
        "Diluted EPS": 0.43,
        "Total Revenue": 367,
        "Gross Profit": 138,
        "Operating Income": 26,
        "EBIT": 43,
        "Net Income": 14
    },
    "2015-12-31": {
        "Diluted EPS": 0.14,
        "Total Revenue": 354,
        "Gross Profit": 127,
        "Operating Income": 12,
        "EBIT": 28,
        "Net Income": 5
    },
    "2015-09-30": {
        "Diluted EPS": 0.51,
        "Total Revenue": 368,
        "Gross Profit": 142,
        "Operating Income": 33,
        "EBIT": 48,
        "Net Income": 17
    },
    "2015-06-30": {
        "Diluted EPS": 0.7,
        "Total Revenue": 365,
        "Gross Profit": 135,
        "Operating Income": 27,
        "EBIT": 43,
        "Net Income": 23
    },
    "2015-03-31": {
        "Diluted EPS": 0.27,
        "Total Revenue": 349,
        "Gross Profit": 128,
        "Operating Income": 19,
        "EBIT": 36,
        "Net Income": 9
    },
    "2014-12-31": {
        "Diluted EPS": 0.43,
        "Total Revenue": 344,
        "Gross Profit": 125,
        "Operating Income": 26,
        "EBIT": 41,
        "Net Income": 14
    },
    "2014-09-30": {
        "Diluted EPS": 0.1,
        "Total Revenue": 350,
        "Gross Profit": 117,
        "Operating Income": 14,
        "EBIT": 29,
        "Net Income": 4
    },
    "2014-06-30": {
        "Diluted EPS": 0.69,
        "Total Revenue": 280,
        "Gross Profit": 104,
        "Operating Income": 32,
        "EBIT": 41,
        "Net Income": 19
    },
    "2014-03-31": {
        "Diluted EPS": 0.41,
        "Total Revenue": 247,
        "Gross Profit": 90,
        "Operating Income": 21,
        "EBIT": 30,
        "Net Income": 11
    },
    "2013-12-31": {
        "Diluted EPS": 0.29,
        "Total Revenue": 230,
        "Gross Profit": 81,
        "Operating Income": 15,
        "EBIT": 24,
        "Net Income": 8
    },
    "2013-09-30": {
        "Diluted EPS": 0.49,
        "Total Revenue": 253,
        "Gross Profit": 90,
        "Operating Income": 22,
        "EBIT": 34,
        "Net Income": 14
    },
    "2013-06-30": {
        "Diluted EPS": 0.65,
        "Total Revenue": 251,
        "Gross Profit": 91,
        "Operating Income": 31,
        "EBIT": 40,
        "Net Income": 18
    },
    "2013-03-31": {
        "Diluted EPS": 0.51,
        "Total Revenue": 256,
        "Gross Profit": 95,
        "Operating Income": 25,
        "EBIT": 34,
        "Net Income": 14
    },
    "2012-12-31": {
        "Diluted EPS": 0.3,
        "Total Revenue": 226,
        "Gross Profit": 80,
        "Operating Income": 16,
        "EBIT": 25,
        "Net Income": 8
    },
    "2012-09-30": {
        "Diluted EPS": 0.43,
        "Total Revenue": 230,
        "Gross Profit": 86,
        "Operating Income": 21,
        "EBIT": 28,
        "Net Income": 12
    },
    "2012-06-30": {
        "Diluted EPS": 0.58,
        "Total Revenue": 227,
        "Gross Profit": 88,
        "Operating Income": 28,
        "EBIT": 35,
        "Net Income": 16
    },
    "2012-03-31": {
        "Diluted EPS": 0.54,
        "Total Revenue": 226,
        "Gross Profit": 85,
        "Operating Income": 25,
        "EBIT": 33,
        "Net Income": 15
    },
    "2011-12-31": {
        "Diluted EPS": 0.4,
        "Total Revenue": 217,
        "Gross Profit": 78,
        "Operating Income": 19,
        "EBIT": 26,
        "Net Income": 11
    },
    "2011-09-30": {
        "Diluted EPS": 0.71,
        "Total Revenue": 240,
        "Gross Profit": 92,
        "Operating Income": 33,
        "EBIT": 40,
        "Net Income": 20
    },
    "2011-06-30": {
        "Diluted EPS": 0.74,
        "Total Revenue": 232,
        "Gross Profit": 92,
        "Operating Income": 35,
        "EBIT": 42,
        "Net Income": 21
    },
    "2011-03-31": {
        "Diluted EPS": 0.56,
        "Total Revenue": 220,
        "Gross Profit": 88,
        "Operating Income": 28,
        "EBIT": 35,
        "Net Income": 16
    },
    "2010-12-31": {
        "Diluted EPS": 0.45,
        "Total Revenue": 207,
        "Gross Profit": 80,
        "Operating Income": 22,
        "EBIT": 29,
        "Net Income": 13
    },
    "2010-09-30": {
        "Diluted EPS": 0.67,
        "Total Revenue": 215,
        "Gross Profit": 87,
        "Operating Income": 33,
        "EBIT": 40,
        "Net Income": 19
    },
    "2010-06-30": {
        "Diluted EPS": 0.68,
        "Total Revenue": 213,
        "Gross Profit": 85,
        "Operating Income": 35,
        "EBIT": 42,
        "Net Income": 20
    },
    "2010-03-31": {
        "Diluted EPS": 0.53,
        "Total Revenue": 201,
        "Gross Profit": 78,
        "Operating Income": 27,
        "EBIT": 33,
        "Net Income": 16
    },
    "2009-12-31": {
        "Diluted EPS": 0.43,
        "Total Revenue": 193,
        "Gross Profit": 73,
        "Operating Income": 22,
        "EBIT": 29,
        "Net Income": 13
    },
    "2009-09-30": {
        "Diluted EPS": 0.51,
        "Total Revenue": 200,
        "Gross Profit": 78,
        "Operating Income": 28,
        "EBIT": 35,
        "Net Income": 16
    },
    "2009-06-30": {
        "Diluted EPS": 0.6,
        "Total Revenue": 192,
        "Gross Profit": 75,
        "Operating Income": 30,
        "EBIT": 37,
        "Net Income": 18
    },
    "2009-03-31": {
        "Diluted EPS": 0.42,
        "Total Revenue": 197,
        "Gross Profit": 73,
        "Operating Income": 23,
        "EBIT": 32,
        "Net Income": 13
    },
    "2023-09-30": {
        "Tax Effect Of Unusual Items": 0.0,
        "Tax Rate For Calcs": 0.21,
        "Normalized EBITDA": 51510000.0,
        "Net Income From Continuing Operation Net Minority Interest": 17723000.0,
        "Reconciled Depreciation": 24717000.0,
        "Reconciled Cost Of Revenue": 315206000.0,
        "EBITDA": 51510000.0,
        "EBIT": 26793000.0,
        "Net Interest Income": -11462000.0,
        "Interest Expense": 11462000.0,
        "Normalized Income": 17723000.0,
        "Net Income From Continuing And Discontinued Operation": 17723000.0,
        "Total Expenses": 453854000.0,
        "Total Operating Income As Reported": 26314000.0,
        "Diluted Average Shares": 31517000.0,
        "Basic Average Shares": 30469214.0,
        "Diluted EPS": 0.56,
        "Basic EPS": 0.581669,
        "Diluted NI Availto Com Stockholders": 17723000.0,
        "Net Income Common Stockholders": 17723000.0,
        "Net Income": 17723000.0,
        "Minority Interests": 30000.0,
        "Net Income Including Noncontrolling Interests": 17693000.0,
        "Net Income Continuous Operations": 17693000.0,
        "Tax Provision": -2362000.0,
        "Pretax Income": 15331000.0,
        "Other Income Expense": 479000.0,
        "Other Non Operating Income Expenses": 479000.0,
        "Net Non Operating Interest Income Expense": -11462000.0,
        "Interest Expense Non Operating": 11462000.0,
        "Operating Income": 26314000.0,
        "Operating Expense": 124500000.0,
        "Depreciation Amortization Depletion Income Statement": 10569000.0,
        "Depreciation And Amortization In Income Statement": 10569000.0,
        "Amortization": 10569000.0,
        "Amortization Of Intangibles Income Statement": 10569000.0,
        "Selling General And Administration": 113931000.0,
        "Selling And Marketing Expense": 35796000.0,
        "General And Administrative Expense": 78135000.0,
        "Other Gand A": 78135000.0,
        "Gross Profit": 150814000.0,
        "Cost Of Revenue": 329354000.0,
        "Total Revenue": 480168000.0,
        "Operating Revenue": 480168000.0
    },
    "2023-12-31": {
        "Tax Effect Of Unusual Items": 0.0,
        "Tax Rate For Calcs": 0.239683,
        "Normalized EBITDA": 32070000.0,
        "Net Income From Continuing Operation Net Minority Interest": -2303000.0,
        "Reconciled Depreciation": 23523000.0,
        "Reconciled Cost Of Revenue": 303905000.0,
        "EBITDA": 32070000.0,
        "EBIT": 8547000.0,
        "Net Interest Income": -11576000.0,
        "Interest Expense": 11576000.0,
        "Normalized Income": -2303000.0,
        "Net Income From Continuing And Discontinued Operation": -2303000.0,
        "Total Expenses": 440559000.0,
        "Total Operating Income As Reported": 9427000.0,
        "Diluted Average Shares": 30915000.0,
        "Basic Average Shares": 30682010.0,
        "Diluted EPS": -0.07506,
        "Basic EPS": -0.07506,
        "Diluted NI Availto Com Stockholders": -2303000.0,
        "Net Income Common Stockholders": -2303000.0,
        "Net Income": -2303000.0,
        "Minority Interests": 0.0,
        "Net Income Including Noncontrolling Interests": -2303000.0,
        "Net Income Continuous Operations": -2303000.0,
        "Tax Provision": -726000.0,
        "Pretax Income": -3029000.0,
        "Other Income Expense": -880000.0,
        "Other Non Operating Income Expenses": -880000.0,
        "Net Non Operating Interest Income Expense": -11576000.0,
        "Interest Expense Non Operating": 11576000.0,
        "Operating Income": 9427000.0,
        "Operating Expense": 122926000.0,
        "Depreciation Amortization Depletion Income Statement": 9795000.0,
        "Depreciation And Amortization In Income Statement": 9795000.0,
        "Amortization": 9795000.0,
        "Amortization Of Intangibles Income Statement": 9795000.0,
        "Selling General And Administration": 113131000.0,
        "Selling And Marketing Expense": 34444000.0,
        "General And Administrative Expense": 78687000.0,
        "Other Gand A": 78687000.0,
        "Gross Profit": 132353000.0,
        "Cost Of Revenue": 317633000.0,
        "Total Revenue": 449986000.0,
        "Operating Revenue": 449986000.0
    },
    "2024-03-31": {
        "Tax Effect Of Unusual Items": 0.0,
        "Tax Rate For Calcs": 0.21,
        "Normalized EBITDA": 43711000.0,
        "Net Income From Continuing Operation Net Minority Interest": 9027000.0,
        "Reconciled Depreciation": 23261000.0,
        "Reconciled Cost Of Revenue": 308739000.0,
        "EBITDA": 43711000.0,
        "EBIT": 20450000.0,
        "Net Interest Income": -12545000.0,
        "Interest Expense": 12545000.0,
        "Normalized Income": 9027000.0,
        "Net Income From Continuing And Discontinued Operation": 9027000.0,
        "Total Expenses": 449895000.0,
        "Total Operating Income As Reported": 21328000.0,
        "Diluted Average Shares": 31219000.0,
        "Basic Average Shares": 30926000.0,
        "Diluted EPS": 0.29,
        "Basic EPS": 0.29,
        "Diluted NI Availto Com Stockholders": 9027000.0,
        "Net Income Common Stockholders": 9027000.0,
        "Net Income": 9027000.0,
        "Minority Interests": 0.0,
        "Net Income Including Noncontrolling Interests": 9027000.0,
        "Net Income Continuous Operations": 9027000.0,
        "Tax Provision": -1122000.0,
        "Pretax Income": 7905000.0,
        "Other Income Expense": -878000.0,
        "Other Non Operating Income Expenses": -878000.0,
        "Net Non Operating Interest Income Expense": -12545000.0,
        "Interest Expense Non Operating": 12545000.0,
        "Operating Income": 21328000.0,
        "Operating Expense": 126854000.0,
        "Depreciation Amortization Depletion Income Statement": 8959000.0,
        "Depreciation And Amortization In Income Statement": 8959000.0,
        "Amortization": 8959000.0,
        "Amortization Of Intangibles Income Statement": 8959000.0,
        "Selling General And Administration": 117895000.0,
        "Selling And Marketing Expense": 36004000.0,
        "General And Administrative Expense": 81891000.0,
        "Other Gand A": 81891000.0,
        "Gross Profit": 148182000.0,
        "Cost Of Revenue": 323041000.0,
        "Total Revenue": 471223000.0,
        "Operating Revenue": 471223000.0
    },
    "2024-06-30": {
        "Tax Effect Of Unusual Items": 0.0,
        "Tax Rate For Calcs": 0.21,
        "Normalized EBITDA": 29385000.0,
        "Net Income From Continuing Operation Net Minority Interest": 1777000.0,
        "Reconciled Depreciation": 23657000.0,
        "Reconciled Cost Of Revenue": 281376000.0,
        "EBITDA": 29385000.0,
        "EBIT": 5728000.0,
        "Net Interest Income": -12780000.0,
        "Interest Expense": 12780000.0,
        "Normalized Income": 1777000.0,
        "Net Income From Continuing And Discontinued Operation": 1777000.0,
        "Total Expenses": 421131000.0,
        "Total Operating Income As Reported": 6702000.0,
        "Diluted Average Shares": 31228000.0,
        "Basic Average Shares": 30892000.0,
        "Diluted EPS": 0.06,
        "Basic EPS": 0.06,
        "Diluted NI Availto Com Stockholders": 1777000.0,
        "Net Income Common Stockholders": 1777000.0,
        "Net Income": 1777000.0,
        "Minority Interests": 0.0,
        "Net Income Including Noncontrolling Interests": 1777000.0,
        "Net Income Continuous Operations": 1777000.0,
        "Tax Provision": -8829000.0,
        "Pretax Income": -7052000.0,
        "Other Income Expense": -974000.0,
        "Other Non Operating Income Expenses": -974000.0,
        "Net Non Operating Interest Income Expense": -12780000.0,
        "Interest Expense Non Operating": 12780000.0,
        "Operating Income": 6702000.0,
        "Operating Expense": 125135000.0,
        "Depreciation Amortization Depletion Income Statement": 9037000.0,
        "Depreciation And Amortization In Income Statement": 9037000.0,
        "Amortization": 9037000.0,
        "Amortization Of Intangibles Income Statement": 9037000.0,
        "Selling General And Administration": 116098000.0,
        "Selling And Marketing Expense": 36012000.0,
        "General And Administrative Expense": 80086000.0,
        "Other Gand A": 80086000.0,
        "Gross Profit": 131837000.0,
        "Cost Of Revenue": 295996000.0,
        "Total Revenue": 427833000.0,
        "Operating Revenue": 427833000.0
    },
    "2024-09-30": {
        "Tax Effect Of Unusual Items": 0.0,
        "Tax Rate For Calcs": 0.21,
        "Normalized EBITDA": -29519000.0,
        "Net Income From Continuing Operation Net Minority Interest": -68161000.0,
        "Reconciled Depreciation": 24329000.0,
        "Reconciled Cost Of Revenue": 314263000.0,
        "EBITDA": -29519000.0,
        "EBIT": -53848000.0,
        "Net Interest Income": -13633000.0,
        "Interest Expense": 13633000.0,
        "Normalized Income": -68161000.0,
        "Net Income From Continuing And Discontinued Operation": -68161000.0,
        "Total Expenses": 479748000.0,
        "Total Operating Income As Reported": -49780000.0,
        "Diluted Average Shares": NaN,
        "Basic Average Shares": NaN,
        "Diluted EPS": NaN,
        "Basic EPS": NaN,
        "Diluted NI Availto Com Stockholders": -68161000.0,
        "Net Income Common Stockholders": -68161000.0,
        "Net Income": -68161000.0,
        "Minority Interests": 0.0,
        "Net Income Including Noncontrolling Interests": -68161000.0,
        "Net Income Continuous Operations": -68161000.0,
        "Tax Provision": 680000.0,
        "Pretax Income": -67481000.0,
        "Other Income Expense": -20795000.0,
        "Other Non Operating Income Expenses": -4068000.0,
        "Net Non Operating Interest Income Expense": -13633000.0,
        "Interest Expense Non Operating": 13633000.0,
        "Operating Income": -33053000.0,
        "Operating Expense": 150388000.0,
        "Depreciation Amortization Depletion Income Statement": 9232000.0,
        "Depreciation And Amortization In Income Statement": 9232000.0,
        "Amortization": 9232000.0,
        "Amortization Of Intangibles Income Statement": 9232000.0,
        "Selling General And Administration": 141156000.0,
        "Selling And Marketing Expense": 35415000.0,
        "General And Administrative Expense": 105741000.0,
        "Other Gand A": 105741000.0,
        "Gross Profit": 117335000.0,
        "Cost Of Revenue": 329360000.0,
        "Total Revenue": 446695000.0,
        "Operating Revenue": 446695000.0
    }
}