{
    "2023-03-31": {
        "Tax Effect Of Unusual Items": 0.0,
        "Tax Rate For Calcs": 0.231,
        "Normalized EBITDA": 124100000.0,
        "Net Income From Continuing Operation Net Minority Interest": 34000000.0,
        "Reconciled Depreciation": 75400000.0,
        "Reconciled Cost Of Revenue": 597500000.0,
        "EBITDA": 124100000.0,
        "EBIT": 48700000.0,
        "Net Interest Income": 3700000.0,
        "Interest Expense": 4500000.0,
        "Interest Income": 8200000.0,
        "Normalized Income": 34000000.0,
        "Net Income From Continuing And Discontinued Operation": 34000000.0,
        "Total Expenses": 664300000.0,
        "Total Operating Income As Reported": 38700000.0,
        "Diluted Average Shares": NaN,
        "Basic Average Shares": NaN,
        "Diluted EPS": NaN,
        "Basic EPS": NaN,
        "Diluted NI Availto Com Stockholders": 34000000.0,
        "Net Income Common Stockholders": 34000000.0,
        "Net Income": 34000000.0,
        "Net Income Including Noncontrolling Interests": 34000000.0,
        "Net Income Continuous Operations": 34000000.0,
        "Tax Provision": 10200000.0,
        "Pretax Income": 44200000.0,
        "Other Income Expense": NaN,
        "Other Non Operating Income Expenses": 1800000.0,
        "Earnings From Equity Interest": -1800000.0,
        "Net Non Operating Interest Income Expense": 3700000.0,
        "Interest Expense Non Operating": 4500000.0,
        "Interest Income Non Operating": 8200000.0,
        "Operating Income": 40500000.0,
        "Operating Expense": 66800000.0,
        "Selling General And Administration": 66800000.0,
        "Gross Profit": 107300000.0,
        "Cost Of Revenue": 597500000.0,
        "Total Revenue": 704800000.0,
        "Operating Revenue": 704800000.0
    },
    "2022-12-31": {
        "Tax Effect Of Unusual Items": NaN,
        "Tax Rate For Calcs": NaN,
        "Normalized EBITDA": NaN,
        "Net Income From Continuing Operation Net Minority Interest": NaN,
        "Reconciled Depreciation": NaN,
        "Reconciled Cost Of Revenue": NaN,
        "EBITDA": NaN,
        "EBIT": NaN,
        "Net Interest Income": NaN,
        "Interest Expense": NaN,
        "Interest Income": NaN,
        "Normalized Income": NaN,
        "Net Income From Continuing And Discontinued Operation": NaN,
        "Total Expenses": NaN,
        "Total Operating Income As Reported": NaN,
        "Diluted Average Shares": NaN,
        "Basic Average Shares": NaN,
        "Diluted EPS": NaN,
        "Basic EPS": NaN,
        "Diluted NI Availto Com Stockholders": NaN,
        "Net Income Common Stockholders": NaN,
        "Net Income": NaN,
        "Net Income Including Noncontrolling Interests": NaN,
        "Net Income Continuous Operations": NaN,
        "Tax Provision": NaN,
        "Pretax Income": NaN,
        "Other Income Expense": 3200000.0,
        "Other Non Operating Income Expenses": NaN,
        "Earnings From Equity Interest": NaN,
        "Net Non Operating Interest Income Expense": NaN,
        "Interest Expense Non Operating": NaN,
        "Interest Income Non Operating": NaN,
        "Operating Income": NaN,
        "Operating Expense": NaN,
        "Selling General And Administration": NaN,
        "Gross Profit": NaN,
        "Cost Of Revenue": NaN,
        "Total Revenue": NaN,
        "Operating Revenue": NaN
    },
    "2022-09-30": {
        "Tax Effect Of Unusual Items": 0.0,
        "Tax Rate For Calcs": 0.203831,
        "Normalized EBITDA": 339100000.0,
        "Net Income From Continuing Operation Net Minority Interest": 266000000.0,
        "Reconciled Depreciation": 73100000.0,
        "Reconciled Cost Of Revenue": 738400000.0,
        "EBITDA": 339100000.0,
        "EBIT": 339100000.0,
        "Net Interest Income": -3700000.0,
        "Interest Expense": 5000000.0,
        "Interest Income": 1300000.0,
        "Normalized Income": 266000000.0,
        "Net Income From Continuing And Discontinued Operation": 266000000.0,
        "Total Expenses": 802900000.0,
        "Total Operating Income As Reported": 335300000.0,
        "Diluted Average Shares": 38600000.0,
        "Basic Average Shares": 38300000.0,
        "Diluted EPS": 6.89,
        "Basic EPS": 6.95,
        "Diluted NI Availto Com Stockholders": 266000000.0,
        "Net Income Common Stockholders": 266000000.0,
        "Net Income": 266000000.0,
        "Net Income Including Noncontrolling Interests": 266000000.0,
        "Net Income Continuous Operations": 266000000.0,
        "Tax Provision": 68100000.0,
        "Pretax Income": 334100000.0,
        "Other Income Expense": 25900000.0,
        "Other Non Operating Income Expenses": 2500000.0,
        "Earnings From Equity Interest": 23400000.0,
        "Net Non Operating Interest Income Expense": -3700000.0,
        "Interest Expense Non Operating": 5000000.0,
        "Interest Income Non Operating": 1300000.0,
        "Operating Income": 311900000.0,
        "Operating Expense": 64500000.0,
        "Selling General And Administration": 64500000.0,
        "Gross Profit": 376400000.0,
        "Cost Of Revenue": 738400000.0,
        "Total Revenue": 1114800000.0,
        "Operating Revenue": 1114800000.0
    },
    "2022-06-30": {
        "Tax Effect Of Unusual Items": 0.0,
        "Tax Rate For Calcs": 0.223695,
        "Normalized EBITDA": 569500000.0,
        "Net Income From Continuing Operation Net Minority Interest": 380700000.0,
        "Reconciled Depreciation": 74600000.0,
        "Reconciled Cost Of Revenue": 728400000.0,
        "EBITDA": 569500000.0,
        "EBIT": 494900000.0,
        "Net Interest Income": -4500000.0,
        "Interest Expense": 4500000.0,
        "Interest Income": NaN,
        "Normalized Income": 380700000.0,
        "Net Income From Continuing And Discontinued Operation": 380700000.0,
        "Total Expenses": 792700000.0,
        "Total Operating Income As Reported": 493100000.0,
        "Diluted Average Shares": 40100000.0,
        "Basic Average Shares": 39900000.0,
        "Diluted EPS": 9.49,
        "Basic EPS": 9.54,
        "Diluted NI Availto Com Stockholders": 380700000.0,
        "Net Income Common Stockholders": 380700000.0,
        "Net Income": 380700000.0,
        "Net Income Including Noncontrolling Interests": 380700000.0,
        "Net Income Continuous Operations": 380700000.0,
        "Tax Provision": 109700000.0,
        "Pretax Income": 490400000.0,
        "Other Income Expense": 26500000.0,
        "Other Non Operating Income Expenses": 1800000.0,
        "Earnings From Equity Interest": 24700000.0,
        "Net Non Operating Interest Income Expense": -4500000.0,
        "Interest Expense Non Operating": 4500000.0,
        "Interest Income Non Operating": NaN,
        "Operating Income": 468400000.0,
        "Operating Expense": 64300000.0,
        "Selling General And Administration": 64300000.0,
        "Gross Profit": 532700000.0,
        "Cost Of Revenue": 728400000.0,
        "Total Revenue": 1261100000.0,
        "Operating Revenue": 1261100000.0
    },
    "2023-06-30": {
        "Tax Effect Of Unusual Items": 0.0,
        "Tax Rate For Calcs": 0.225,
        "Normalized EBITDA": 179600000.0,
        "Net Income From Continuing Operation Net Minority Interest": 80800000.0,
        "Reconciled Depreciation": 72400000.0,
        "Reconciled Cost Of Revenue": 604700000.0,
        "EBITDA": 179600000.0,
        "EBIT": 107200000.0,
        "Net Interest Income": 5800000.0,
        "Interest Expense": 2900000.0,
        "Interest Income": 8700000.0,
        "Normalized Income": 80800000.0,
        "Net Income From Continuing And Discontinued Operation": 80800000.0,
        "Total Expenses": 675300000.0,
        "Total Operating Income As Reported": 96700000.0,
        "Diluted Average Shares": 35700000.0,
        "Basic Average Shares": 35500000.0,
        "Diluted EPS": 2.26,
        "Basic EPS": 2.28,
        "Diluted NI Availto Com Stockholders": 80800000.0,
        "Net Income Common Stockholders": 80800000.0,
        "Net Income": 80800000.0,
        "Net Income Including Noncontrolling Interests": 80800000.0,
        "Net Income Continuous Operations": 80800000.0,
        "Tax Provision": 23500000.0,
        "Pretax Income": 104300000.0,
        "Other Income Expense": 400000.0,
        "Other Non Operating Income Expenses": 1800000.0,
        "Earnings From Equity Interest": -1400000.0,
        "Net Non Operating Interest Income Expense": 5800000.0,
        "Interest Expense Non Operating": 2900000.0,
        "Interest Income Non Operating": 8700000.0,
        "Operating Income": 98100000.0,
        "Operating Expense": 70600000.0,
        "Selling General And Administration": 70600000.0,
        "Gross Profit": 168700000.0,
        "Cost Of Revenue": 604700000.0,
        "Total Revenue": 773400000.0,
        "Operating Revenue": 773400000.0
    },
    "2022-03-31": {
        "Diluted EPS": 8.23,
        "Total Revenue": NaN,
        "Gross Profit": 462,
        "Operating Income": 433,
        "EBIT": 504,
        "Net Income": 339
    },
    "2021-12-31": {
        "Diluted EPS": 9.24,
        "Total Revenue": NaN,
        "Gross Profit": 519,
        "Operating Income": 476,
        "EBIT": 540,
        "Net Income": 395
    },
    "2021-09-30": {
        "Diluted EPS": 6.53,
        "Total Revenue": NaN,
        "Gross Profit": 422,
        "Operating Income": 378,
        "EBIT": 436,
        "Net Income": 283
    },
    "2021-06-30": {
        "Diluted EPS": 3.71,
        "Total Revenue": 875,
        "Gross Profit": 259,
        "Operating Income": 214,
        "EBIT": 273,
        "Net Income": 163
    },
    "2021-03-31": {
        "Diluted EPS": 1.99,
        "Total Revenue": 712,
        "Gross Profit": 167,
        "Operating Income": 120,
        "EBIT": 179,
        "Net Income": 87
    },
    "2020-12-31": {
        "Diluted EPS": 1.96,
        "Total Revenue": 700,
        "Gross Profit": 166,
        "Operating Income": 118,
        "EBIT": 170,
        "Net Income": 86
    },
    "2020-09-30": {
        "Diluted EPS": 1.63,
        "Total Revenue": 645,
        "Gross Profit": 149,
        "Operating Income": 98,
        "EBIT": 145,
        "Net Income": 71
    },
    "2020-06-30": {
        "Diluted EPS": 0.76,
        "Total Revenue": 524,
        "Gross Profit": 98,
        "Operating Income": 51,
        "EBIT": 98,
        "Net Income": 33
    },
    "2020-03-31": {
        "Diluted EPS": 0.09,
        "Total Revenue": 514,
        "Gross Profit": 66,
        "Operating Income": 13,
        "EBIT": 57,
        "Net Income": 4
    },
    "2019-12-31": {
        "Diluted EPS": 0.35,
        "Total Revenue": 541,
        "Gross Profit": 75,
        "Operating Income": 25,
        "EBIT": 61,
        "Net Income": 16
    },
    "2019-09-30": {
        "Diluted EPS": 0.84,
        "Total Revenue": 572,
        "Gross Profit": 100,
        "Operating Income": 55,
        "EBIT": 100,
        "Net Income": 36
    },
    "2019-06-30": {
        "Diluted EPS": 0.43,
        "Total Revenue": 558,
        "Gross Profit": 85,
        "Operating Income": 31,
        "EBIT": 72,
        "Net Income": 18
    },
    "2019-03-31": {
        "Diluted EPS": 0.29,
        "Total Revenue": 532,
        "Gross Profit": 65,
        "Operating Income": 18,
        "EBIT": 58,
        "Net Income": 13
    },
    "2018-12-31": {
        "Diluted EPS": 0.47,
        "Total Revenue": 565,
        "Gross Profit": 81,
        "Operating Income": 31,
        "EBIT": 54,
        "Net Income": 21
    },
    "2018-09-30": {
        "Diluted EPS": 0.97,
        "Total Revenue": 589,
        "Gross Profit": 104,
        "Operating Income": 59,
        "EBIT": 82,
        "Net Income": 42
    },
    "2018-06-30": {
        "Diluted EPS": 0.76,
        "Total Revenue": 557,
        "Gross Profit": 91,
        "Operating Income": 46,
        "EBIT": 70,
        "Net Income": 33
    },
    "2018-03-31": {
        "Diluted EPS": 0.33,
        "Total Revenue": 511,
        "Gross Profit": 72,
        "Operating Income": 29,
        "EBIT": 52,
        "Net Income": 14
    },
    "2017-12-31": {
        "Diluted EPS": 3.85,
        "Total Revenue": 516,
        "Gross Profit": 69,
        "Operating Income": 25,
        "EBIT": 52,
        "Net Income": 166
    },
    "2017-09-30": {
        "Diluted EPS": 0.79,
        "Total Revenue": 544,
        "Gross Profit": 104,
        "Operating Income": 58,
        "EBIT": 83,
        "Net Income": 34
    },
    "2017-06-30": {
        "Diluted EPS": 0.55,
        "Total Revenue": 513,
        "Gross Profit": 90,
        "Operating Income": 47,
        "EBIT": 72,
        "Net Income": 24
    },
    "2017-03-31": {
        "Diluted EPS": 0.16,
        "Total Revenue": 474,
        "Gross Profit": 63,
        "Operating Income": 17,
        "EBIT": 42,
        "Net Income": 7
    },
    "2016-12-31": {
        "Diluted EPS": 0.45,
        "Total Revenue": 519,
        "Gross Profit": 79,
        "Operating Income": 39,
        "EBIT": 65,
        "Net Income": 20
    },
    "2016-09-30": {
        "Diluted EPS": 0.59,
        "Total Revenue": 500,
        "Gross Profit": 90,
        "Operating Income": 47,
        "EBIT": 71,
        "Net Income": 25
    },
    "2016-06-30": {
        "Diluted EPS": 0.42,
        "Total Revenue": 468,
        "Gross Profit": 78,
        "Operating Income": 36,
        "EBIT": 60,
        "Net Income": 18
    },
    "2016-03-31": {
        "Diluted EPS": 0.41,
        "Total Revenue": 454,
        "Gross Profit": 78,
        "Operating Income": 35,
        "EBIT": 58,
        "Net Income": 18
    },
    "2015-12-31": {
        "Diluted EPS": 0.6,
        "Total Revenue": 495,
        "Gross Profit": 92,
        "Operating Income": 46,
        "EBIT": 70,
        "Net Income": 27
    },
    "2015-09-30": {
        "Diluted EPS": 0.94,
        "Total Revenue": 544,
        "Gross Profit": 120,
        "Operating Income": 72,
        "EBIT": 95,
        "Net Income": 42
    },
    "2015-06-30": {
        "Diluted EPS": 0.23,
        "Total Revenue": 448,
        "Gross Profit": 83,
        "Operating Income": 34,
        "EBIT": 53,
        "Net Income": 10
    },
    "2015-03-31": {
        "Diluted EPS": 0.57,
        "Total Revenue": 398,
        "Gross Profit": 80,
        "Operating Income": 45,
        "EBIT": 62,
        "Net Income": 25
    },
    "2014-12-31": {
        "Diluted EPS": 0.63,
        "Total Revenue": 444,
        "Gross Profit": 89,
        "Operating Income": 49,
        "EBIT": 67,
        "Net Income": 28
    },
    "2014-09-30": {
        "Diluted EPS": 0.5,
        "Total Revenue": 442,
        "Gross Profit": 78,
        "Operating Income": 45,
        "EBIT": 62,
        "Net Income": 22
    },
    "2014-06-30": {
        "Diluted EPS": 0.42,
        "Total Revenue": 436,
        "Gross Profit": 70,
        "Operating Income": 36,
        "EBIT": 53,
        "Net Income": 18
    },
    "2014-03-31": {
        "Diluted EPS": 0.08,
        "Total Revenue": 393,
        "Gross Profit": 45,
        "Operating Income": 10,
        "EBIT": 27,
        "Net Income": 3
    },
    "2013-12-31": {
        "Diluted EPS": 0.17,
        "Total Revenue": 411,
        "Gross Profit": 50,
        "Operating Income": 18,
        "EBIT": 36,
        "Net Income": 7
    },
    "2013-09-30": {
        "Diluted EPS": 0.4,
        "Total Revenue": 415,
        "Gross Profit": 61,
        "Operating Income": 27,
        "EBIT": 44,
        "Net Income": 17
    },
    "2013-06-30": {
        "Diluted EPS": 0.47,
        "Total Revenue": 417,
        "Gross Profit": 72,
        "Operating Income": 37,
        "EBIT": 54,
        "Net Income": 20
    },
    "2013-03-31": {
        "Diluted EPS": 0.21,
        "Total Revenue": 395,
        "Gross Profit": 52,
        "Operating Income": 19,
        "EBIT": 36,
        "Net Income": 9
    },
    "2012-12-31": {
        "Diluted EPS": 0.36,
        "Total Revenue": 398,
        "Gross Profit": 56,
        "Operating Income": 24,
        "EBIT": 40,
        "Net Income": 15
    },
    "2012-09-30": {
        "Diluted EPS": 0.45,
        "Total Revenue": 401,
        "Gross Profit": 64,
        "Operating Income": 34,
        "EBIT": 53,
        "Net Income": 19
    },
    "2012-06-30": {
        "Diluted EPS": 0.18,
        "Total Revenue": 394,
        "Gross Profit": 65,
        "Operating Income": 33,
        "EBIT": 51,
        "Net Income": 8
    },
    "2012-03-31": {
        "Diluted EPS": 0.09,
        "Total Revenue": 366,
        "Gross Profit": 36,
        "Operating Income": 6,
        "EBIT": 25,
        "Net Income": 4
    },
    "2011-12-31": {
        "Diluted EPS": 0.04,
        "Total Revenue": 331,
        "Gross Profit": 20,
        "Operating Income": 4,
        "EBIT": 4,
        "Net Income": 2
    },
    "2011-09-30": {
        "Diluted EPS": 0.21,
        "Total Revenue": 381,
        "Gross Profit": 56,
        "Operating Income": 31,
        "EBIT": 31,
        "Net Income": 9
    },
    "2011-06-30": {
        "Diluted EPS": 0.44,
        "Total Revenue": 377,
        "Gross Profit": 54,
        "Operating Income": 29,
        "EBIT": 29,
        "Net Income": 19
    },
    "2011-03-31": {
        "Diluted EPS": 0.12,
        "Total Revenue": 373,
        "Gross Profit": 53,
        "Operating Income": 15,
        "EBIT": 15,
        "Net Income": 5
    },
    "2010-12-31": {
        "Diluted EPS": 0.48,
        "Total Revenue": 193,
        "Gross Profit": 15,
        "Operating Income": 29,
        "EBIT": 29,
        "Net Income": 20
    },
    "2010-09-30": {
        "Diluted EPS": 0.62,
        "Total Revenue": 437,
        "Gross Profit": 83,
        "Operating Income": 43,
        "EBIT": 43,
        "Net Income": 26
    },
    "2010-06-30": {
        "Diluted EPS": 0.7,
        "Total Revenue": 397,
        "Gross Profit": 78,
        "Operating Income": 42,
        "EBIT": 42,
        "Net Income": 29
    },
    "2010-03-31": {
        "Diluted EPS": 0.42,
        "Total Revenue": 343,
        "Gross Profit": 50,
        "Operating Income": 11,
        "EBIT": 11,
        "Net Income": 17
    },
    "2009-12-31": {
        "Diluted EPS": 0.49,
        "Total Revenue": 355,
        "Gross Profit": 43,
        "Operating Income": 6,
        "EBIT": 6,
        "Net Income": 20
    },
    "2009-09-30": {
        "Diluted EPS": 0.21,
        "Total Revenue": 371,
        "Gross Profit": 50,
        "Operating Income": 15,
        "EBIT": 15,
        "Net Income": 9
    },
    "2009-06-30": {
        "Diluted EPS": 0.31,
        "Total Revenue": 351,
        "Gross Profit": 50,
        "Operating Income": 15,
        "EBIT": 15,
        "Net Income": 13
    },
    "2009-03-31": {
        "Diluted EPS": 0.07,
        "Total Revenue": 315,
        "Gross Profit": 45,
        "Operating Income": -1,
        "EBIT": -1,
        "Net Income": 3
    },
    "2023-09-30": {
        "Tax Effect Of Unusual Items": 0.0,
        "Tax Rate For Calcs": 0.144793,
        "Normalized EBITDA": 211100000.0,
        "Net Income From Continuing Operation Net Minority Interest": 119900000.0,
        "Reconciled Depreciation": 68500000.0,
        "Reconciled Cost Of Revenue": 624100000.0,
        "EBITDA": 211100000.0,
        "EBIT": 142600000.0,
        "Net Interest Income": 6900000.0,
        "Interest Expense": 2400000.0,
        "Interest Income": 9300000.0,
        "Normalized Income": 119900000.0,
        "Net Income From Continuing And Discontinued Operation": 119900000.0,
        "Total Expenses": 696700000.0,
        "Total Operating Income As Reported": 132100000.0,
        "Diluted Average Shares": 35300000.0,
        "Basic Average Shares": 35100000.0,
        "Diluted EPS": 3.4,
        "Basic EPS": 3.42,
        "Diluted NI Availto Com Stockholders": 119900000.0,
        "Net Income Common Stockholders": 119900000.0,
        "Net Income": 119900000.0,
        "Net Income Including Noncontrolling Interests": 119900000.0,
        "Net Income Continuous Operations": 119900000.0,
        "Tax Provision": 20300000.0,
        "Pretax Income": 140200000.0,
        "Other Income Expense": 2500000.0,
        "Other Non Operating Income Expenses": 1200000.0,
        "Earnings From Equity Interest": 1300000.0,
        "Net Non Operating Interest Income Expense": 6900000.0,
        "Interest Expense Non Operating": 2400000.0,
        "Interest Income Non Operating": 9300000.0,
        "Operating Income": 130800000.0,
        "Operating Expense": 72600000.0,
        "Selling General And Administration": 72600000.0,
        "Gross Profit": 203400000.0,
        "Cost Of Revenue": 624100000.0,
        "Total Revenue": 827500000.0,
        "Operating Revenue": 827500000.0
    },
    "2023-12-31": {
        "Tax Effect Of Unusual Items": 0.0,
        "Tax Rate For Calcs": 0.259786,
        "Normalized EBITDA": 156800000.0,
        "Net Income From Continuing Operation Net Minority Interest": 62400000.0,
        "Reconciled Depreciation": 70100000.0,
        "Reconciled Cost Of Revenue": 644400000.0,
        "EBITDA": 156800000.0,
        "EBIT": 86700000.0,
        "Net Interest Income": 7400000.0,
        "Interest Expense": 2400000.0,
        "Interest Income": 9800000.0,
        "Normalized Income": 62400000.0,
        "Net Income From Continuing And Discontinued Operation": 62400000.0,
        "Total Expenses": 717700000.0,
        "Total Operating Income As Reported": 75300000.0,
        "Diluted Average Shares": 35100000.0,
        "Basic Average Shares": 34700000.0,
        "Diluted EPS": 1.78,
        "Basic EPS": 1.8,
        "Diluted NI Availto Com Stockholders": 62400000.0,
        "Net Income Common Stockholders": 62400000.0,
        "Net Income": 62400000.0,
        "Net Income Including Noncontrolling Interests": 62400000.0,
        "Net Income Continuous Operations": 62400000.0,
        "Tax Provision": 21900000.0,
        "Pretax Income": 84300000.0,
        "Other Income Expense": 5700000.0,
        "Other Non Operating Income Expenses": 1600000.0,
        "Earnings From Equity Interest": 4100000.0,
        "Net Non Operating Interest Income Expense": 7400000.0,
        "Interest Expense Non Operating": 2400000.0,
        "Interest Income Non Operating": 9800000.0,
        "Operating Income": 71200000.0,
        "Operating Expense": 73300000.0,
        "Selling General And Administration": 73300000.0,
        "Gross Profit": 144500000.0,
        "Cost Of Revenue": 644400000.0,
        "Total Revenue": 788900000.0,
        "Operating Revenue": 788900000.0
    },
    "2024-03-31": {
        "Tax Effect Of Unusual Items": 0.0,
        "Tax Rate For Calcs": 0.203,
        "Normalized EBITDA": 119000000.0,
        "Net Income From Continuing Operation Net Minority Interest": 36100000.0,
        "Reconciled Depreciation": 71500000.0,
        "Reconciled Cost Of Revenue": 612200000.0,
        "EBITDA": 119000000.0,
        "EBIT": 47500000.0,
        "Net Interest Income": 6600000.0,
        "Interest Expense": 2200000.0,
        "Interest Income": 8800000.0,
        "Normalized Income": 36100000.0,
        "Net Income From Continuing And Discontinued Operation": 36100000.0,
        "Total Expenses": 685600000.0,
        "Total Operating Income As Reported": 36900000.0,
        "Diluted Average Shares": 34600000.0,
        "Basic Average Shares": 34400000.0,
        "Diluted EPS": 1.04,
        "Basic EPS": 1.05,
        "Diluted NI Availto Com Stockholders": 36100000.0,
        "Net Income Common Stockholders": 36100000.0,
        "Net Income": 36100000.0,
        "Net Income Including Noncontrolling Interests": 36100000.0,
        "Net Income Continuous Operations": 36100000.0,
        "Tax Provision": 9200000.0,
        "Pretax Income": 45300000.0,
        "Other Income Expense": 2200000.0,
        "Other Non Operating Income Expenses": 1800000.0,
        "Earnings From Equity Interest": 400000.0,
        "Net Non Operating Interest Income Expense": 6600000.0,
        "Interest Expense Non Operating": 2200000.0,
        "Interest Income Non Operating": 8800000.0,
        "Operating Income": 36500000.0,
        "Operating Expense": 73400000.0,
        "Selling General And Administration": 73400000.0,
        "Gross Profit": 109900000.0,
        "Cost Of Revenue": 612200000.0,
        "Total Revenue": 722100000.0,
        "Operating Revenue": 722100000.0
    },
    "2024-06-30": {
        "Tax Effect Of Unusual Items": 0.0,
        "Tax Rate For Calcs": 0.209,
        "Normalized EBITDA": 218200000.0,
        "Net Income From Continuing Operation Net Minority Interest": 113200000.0,
        "Reconciled Depreciation": 73000000.0,
        "Reconciled Cost Of Revenue": 646900000.0,
        "EBITDA": 218200000.0,
        "EBIT": 145200000.0,
        "Net Interest Income": 16700000.0,
        "Interest Expense": 2100000.0,
        "Interest Income": 18800000.0,
        "Normalized Income": 113200000.0,
        "Net Income From Continuing And Discontinued Operation": 113200000.0,
        "Total Expenses": 724000000.0,
        "Total Operating Income As Reported": 124600000.0,
        "Diluted Average Shares": 34200000.0,
        "Basic Average Shares": 33900000.0,
        "Diluted EPS": 3.31,
        "Basic EPS": 3.34,
        "Diluted NI Availto Com Stockholders": 113200000.0,
        "Net Income Common Stockholders": 113200000.0,
        "Net Income": 113200000.0,
        "Net Income Including Noncontrolling Interests": 113200000.0,
        "Net Income Continuous Operations": 113200000.0,
        "Tax Provision": 29900000.0,
        "Pretax Income": 143100000.0,
        "Other Income Expense": 3000000.0,
        "Other Non Operating Income Expenses": 1800000.0,
        "Earnings From Equity Interest": 1200000.0,
        "Net Non Operating Interest Income Expense": 16700000.0,
        "Interest Expense Non Operating": 2100000.0,
        "Interest Income Non Operating": 18800000.0,
        "Operating Income": 123400000.0,
        "Operating Expense": 77100000.0,
        "Selling General And Administration": 77100000.0,
        "Gross Profit": 200500000.0,
        "Cost Of Revenue": 646900000.0,
        "Total Revenue": 847400000.0,
        "Operating Revenue": 847400000.0
    },
    "2024-09-30": {
        "Tax Effect Of Unusual Items": 0.0,
        "Tax Rate For Calcs": 0.212421,
        "Normalized EBITDA": 326900000.0,
        "Net Income From Continuing Operation Net Minority Interest": 199100000.0,
        "Reconciled Depreciation": 72300000.0,
        "Reconciled Cost Of Revenue": 654300000.0,
        "EBITDA": 326900000.0,
        "EBIT": 254600000.0,
        "Net Interest Income": 8600000.0,
        "Interest Expense": 1800000.0,
        "Interest Income": 10400000.0,
        "Normalized Income": 199100000.0,
        "Net Income From Continuing And Discontinued Operation": 199100000.0,
        "Total Expenses": 726600000.0,
        "Total Operating Income As Reported": 242300000.0,
        "Diluted Average Shares": 33800000.0,
        "Basic Average Shares": 33300000.0,
        "Diluted EPS": 5.89,
        "Basic EPS": 5.98,
        "Diluted NI Availto Com Stockholders": 199100000.0,
        "Net Income Common Stockholders": 199100000.0,
        "Net Income": 199100000.0,
        "Net Income Including Noncontrolling Interests": 199100000.0,
        "Net Income Continuous Operations": 199100000.0,
        "Tax Provision": 53700000.0,
        "Pretax Income": 252800000.0,
        "Other Income Expense": 8800000.0,
        "Other Non Operating Income Expenses": 1900000.0,
        "Earnings From Equity Interest": 6900000.0,
        "Net Non Operating Interest Income Expense": 8600000.0,
        "Interest Expense Non Operating": 1800000.0,
        "Interest Income Non Operating": 10400000.0,
        "Operating Income": 235400000.0,
        "Operating Expense": 72300000.0,
        "Selling General And Administration": 72300000.0,
        "Gross Profit": 307700000.0,
        "Cost Of Revenue": 654300000.0,
        "Total Revenue": 962000000.0,
        "Operating Revenue": 962000000.0
    }
}