{
    "2023-03-31": {
        "Tax Effect Of Unusual Items": NaN,
        "Tax Rate For Calcs": NaN,
        "Normalized EBITDA": NaN,
        "Total Unusual Items": NaN,
        "Total Unusual Items Excluding Goodwill": NaN,
        "Net Income From Continuing Operation Net Minority Interest": NaN,
        "Reconciled Depreciation": NaN,
        "Reconciled Cost Of Revenue": NaN,
        "EBITDA": NaN,
        "EBIT": NaN,
        "Net Interest Income": NaN,
        "Interest Expense": NaN,
        "Interest Income": 1804000.0,
        "Normalized Income": NaN,
        "Net Income From Continuing And Discontinued Operation": NaN,
        "Total Expenses": NaN,
        "Total Operating Income As Reported": NaN,
        "Diluted Average Shares": 53070000.0,
        "Basic Average Shares": 41389000.0,
        "Diluted EPS": 0.46,
        "Basic EPS": 0.49,
        "Diluted NI Availto Com Stockholders": NaN,
        "Net Income Common Stockholders": NaN,
        "Net Income": NaN,
        "Minority Interests": NaN,
        "Net Income Including Noncontrolling Interests": NaN,
        "Net Income Continuous Operations": NaN,
        "Earnings From Equity Interest Net Of Tax": NaN,
        "Tax Provision": NaN,
        "Pretax Income": NaN,
        "Other Income Expense": NaN,
        "Other Non Operating Income Expenses": NaN,
        "Special Income Charges": NaN,
        "Other Special Charges": NaN,
        "Restructuring And Mergern Acquisition": NaN,
        "Net Non Operating Interest Income Expense": NaN,
        "Interest Expense Non Operating": NaN,
        "Interest Income Non Operating": 1804000.0,
        "Operating Income": NaN,
        "Operating Expense": NaN,
        "Research And Development": NaN,
        "Selling General And Administration": NaN,
        "Gross Profit": NaN,
        "Cost Of Revenue": NaN,
        "Total Revenue": NaN,
        "Operating Revenue": NaN
    },
    "2022-12-31": {
        "Tax Effect Of Unusual Items": NaN,
        "Tax Rate For Calcs": NaN,
        "Normalized EBITDA": NaN,
        "Total Unusual Items": NaN,
        "Total Unusual Items Excluding Goodwill": NaN,
        "Net Income From Continuing Operation Net Minority Interest": NaN,
        "Reconciled Depreciation": NaN,
        "Reconciled Cost Of Revenue": NaN,
        "EBITDA": NaN,
        "EBIT": NaN,
        "Net Interest Income": NaN,
        "Interest Expense": NaN,
        "Interest Income": NaN,
        "Normalized Income": NaN,
        "Net Income From Continuing And Discontinued Operation": NaN,
        "Total Expenses": NaN,
        "Total Operating Income As Reported": NaN,
        "Diluted Average Shares": 41227000.0,
        "Basic Average Shares": 41227000.0,
        "Diluted EPS": -1.84,
        "Basic EPS": -1.84,
        "Diluted NI Availto Com Stockholders": NaN,
        "Net Income Common Stockholders": NaN,
        "Net Income": NaN,
        "Minority Interests": NaN,
        "Net Income Including Noncontrolling Interests": NaN,
        "Net Income Continuous Operations": NaN,
        "Earnings From Equity Interest Net Of Tax": NaN,
        "Tax Provision": NaN,
        "Pretax Income": NaN,
        "Other Income Expense": NaN,
        "Other Non Operating Income Expenses": NaN,
        "Special Income Charges": NaN,
        "Restructuring And Mergern Acquisition": NaN,
        "Net Non Operating Interest Income Expense": NaN,
        "Interest Expense Non Operating": NaN,
        "Interest Income Non Operating": NaN,
        "Operating Income": NaN,
        "Operating Expense": NaN,
        "Research And Development": NaN,
        "Selling General And Administration": NaN,
        "Gross Profit": NaN,
        "Cost Of Revenue": NaN,
        "Total Revenue": NaN,
        "Operating Revenue": NaN
    },
    "2022-09-30": {
        "Tax Effect Of Unusual Items": -14450.0,
        "Tax Rate For Calcs": 0.17,
        "Normalized EBITDA": -15696000.0,
        "Total Unusual Items": -85000.0,
        "Total Unusual Items Excluding Goodwill": -85000.0,
        "Net Income From Continuing Operation Net Minority Interest": -44691000.0,
        "Reconciled Depreciation": 13895000.0,
        "Reconciled Cost Of Revenue": 291196000.0,
        "EBITDA": -15781000.0,
        "EBIT": -29676000.0,
        "Net Interest Income": -8821000.0,
        "Interest Expense": 8821000.0,
        "Normalized Income": -44620450.0,
        "Net Income From Continuing And Discontinued Operation": -44691000.0,
        "Total Expenses": 332307000.0,
        "Total Operating Income As Reported": -56943000.0,
        "Diluted Average Shares": 40951000.0,
        "Basic Average Shares": 40951000.0,
        "Diluted EPS": -1.09,
        "Basic EPS": -1.09,
        "Diluted NI Availto Com Stockholders": -44691000.0,
        "Net Income Common Stockholders": -44691000.0,
        "Net Income": -44691000.0,
        "Minority Interests": -213000.0,
        "Net Income Including Noncontrolling Interests": -44478000.0,
        "Net Income Continuous Operations": -44478000.0,
        "Earnings From Equity Interest Net Of Tax": -3582000.0,
        "Tax Provision": 2399000.0,
        "Pretax Income": -38497000.0,
        "Other Income Expense": 27182000.0,
        "Other Non Operating Income Expenses": 27267000.0,
        "Special Income Charges": -85000.0,
        "Restructuring And Mergern Acquisition": 85000.0,
        "Net Non Operating Interest Income Expense": -8821000.0,
        "Interest Expense Non Operating": 8821000.0,
        "Operating Income": -56858000.0,
        "Operating Expense": 41111000.0,
        "Research And Development": 11968000.0,
        "Selling General And Administration": 29143000.0,
        "Gross Profit": -15747000.0,
        "Cost Of Revenue": 291196000.0,
        "Total Revenue": 275449000.0,
        "Operating Revenue": 275449000.0
    },
    "2022-06-30": {
        "Tax Effect Of Unusual Items": -706000.0,
        "Tax Rate For Calcs": 0.4,
        "Normalized EBITDA": -59858000.0,
        "Total Unusual Items": -1765000.0,
        "Total Unusual Items Excluding Goodwill": -1765000.0,
        "Net Income From Continuing Operation Net Minority Interest": -87920000.0,
        "Reconciled Depreciation": 15380000.0,
        "Reconciled Cost Of Revenue": 277404000.0,
        "EBITDA": -61623000.0,
        "EBIT": -77003000.0,
        "Net Interest Income": -5684000.0,
        "Interest Expense": 5684000.0,
        "Normalized Income": -86861000.0,
        "Net Income From Continuing And Discontinued Operation": -87920000.0,
        "Total Expenses": 311340000.0,
        "Total Operating Income As Reported": -75025000.0,
        "Diluted Average Shares": 40853000.0,
        "Basic Average Shares": 40853000.0,
        "Diluted EPS": -2.15,
        "Basic EPS": -2.15,
        "Diluted NI Availto Com Stockholders": -87920000.0,
        "Net Income Common Stockholders": -87920000.0,
        "Net Income": -87920000.0,
        "Minority Interests": -155000.0,
        "Net Income Including Noncontrolling Interests": -87765000.0,
        "Net Income Continuous Operations": -87765000.0,
        "Earnings From Equity Interest Net Of Tax": -4141000.0,
        "Tax Provision": 937000.0,
        "Pretax Income": -82687000.0,
        "Other Income Expense": -3743000.0,
        "Other Non Operating Income Expenses": -1978000.0,
        "Special Income Charges": -1765000.0,
        "Restructuring And Mergern Acquisition": 1765000.0,
        "Net Non Operating Interest Income Expense": -5684000.0,
        "Interest Expense Non Operating": 5684000.0,
        "Operating Income": -73260000.0,
        "Operating Expense": 33936000.0,
        "Research And Development": 12416000.0,
        "Selling General And Administration": 21520000.0,
        "Gross Profit": -39324000.0,
        "Cost Of Revenue": 277404000.0,
        "Total Revenue": 238080000.0,
        "Operating Revenue": 238080000.0
    },
    "2022-03-31": {
        "Diluted EPS": -1.45,
        "Total Revenue": 223,
        "Gross Profit": -13,
        "Operating Income": -50,
        "EBIT": -37,
        "Net Income": -59
    },
    "2021-12-31": {
        "Diluted EPS": -2.04,
        "Total Revenue": 221,
        "Gross Profit": -11,
        "Operating Income": -46,
        "EBIT": -34,
        "Net Income": -73
    },
    "2021-09-30": {
        "Diluted EPS": -1.62,
        "Total Revenue": 220,
        "Gross Profit": -17,
        "Operating Income": -49,
        "EBIT": -38,
        "Net Income": -65
    },
    "2021-06-30": {
        "Diluted EPS": -1.99,
        "Total Revenue": 176,
        "Gross Profit": -3,
        "Operating Income": -41,
        "EBIT": -31,
        "Net Income": -77
    },
    "2021-03-31": {
        "Diluted EPS": -1.14,
        "Total Revenue": 165,
        "Gross Profit": 1,
        "Operating Income": -36,
        "EBIT": -27,
        "Net Income": -39
    },
    "2020-12-31": {
        "Diluted EPS": 0.6,
        "Total Revenue": 246,
        "Gross Profit": 7,
        "Operating Income": -25,
        "EBIT": -16,
        "Net Income": 3
    },
    "2020-09-30": {
        "Diluted EPS": -2.74,
        "Total Revenue": 207,
        "Gross Profit": -12,
        "Operating Income": -39,
        "EBIT": -29,
        "Net Income": -68
    },
    "2020-06-30": {
        "Diluted EPS": -2.19,
        "Total Revenue": 165,
        "Gross Profit": -8,
        "Operating Income": -36,
        "EBIT": -22,
        "Net Income": -47
    },
    "2020-03-31": {
        "Diluted EPS": -1.49,
        "Total Revenue": 228,
        "Gross Profit": 3,
        "Operating Income": -30,
        "EBIT": -15,
        "Net Income": -32
    },
    "2019-12-31": {
        "Diluted EPS": 0.0,
        "Total Revenue": NaN,
        "Gross Profit": NaN,
        "Operating Income": NaN,
        "EBIT": NaN,
        "Net Income": NaN
    },
    "2019-09-30": {
        "Diluted EPS": -1.69,
        "Total Revenue": 310,
        "Gross Profit": 4,
        "Operating Income": -29,
        "EBIT": -17,
        "Net Income": -36
    },
    "2019-06-30": {
        "Diluted EPS": 0.0,
        "Total Revenue": 291,
        "Gross Profit": 2,
        "Operating Income": -33,
        "EBIT": -33,
        "Net Income": -44
    },
    "2023-06-30": {
        "Tax Effect Of Unusual Items": NaN,
        "Tax Rate For Calcs": NaN,
        "Normalized EBITDA": NaN,
        "Total Unusual Items": NaN,
        "Total Unusual Items Excluding Goodwill": NaN,
        "Net Income From Continuing Operation Net Minority Interest": NaN,
        "Reconciled Depreciation": NaN,
        "Reconciled Cost Of Revenue": NaN,
        "EBITDA": NaN,
        "EBIT": NaN,
        "Net Interest Income": NaN,
        "Interest Expense": NaN,
        "Interest Income": 2167000.0,
        "Normalized Income": NaN,
        "Net Income From Continuing And Discontinued Operation": NaN,
        "Total Expenses": NaN,
        "Total Operating Income As Reported": NaN,
        "Diluted Average Shares": 451580.0,
        "Basic Average Shares": 451580.0,
        "Diluted EPS": -3.0,
        "Basic EPS": -3.0,
        "Diluted NI Availto Com Stockholders": NaN,
        "Net Income Common Stockholders": NaN,
        "Net Income": NaN,
        "Minority Interests": NaN,
        "Net Income Including Noncontrolling Interests": NaN,
        "Net Income Continuous Operations": NaN,
        "Earnings From Equity Interest Net Of Tax": NaN,
        "Tax Provision": NaN,
        "Pretax Income": NaN,
        "Other Income Expense": NaN,
        "Other Non Operating Income Expenses": NaN,
        "Special Income Charges": NaN,
        "Other Special Charges": NaN,
        "Restructuring And Mergern Acquisition": NaN,
        "Net Non Operating Interest Income Expense": NaN,
        "Interest Expense Non Operating": NaN,
        "Interest Income Non Operating": 2167000.0,
        "Operating Income": NaN,
        "Operating Expense": NaN,
        "Research And Development": NaN,
        "Selling General And Administration": NaN,
        "Gross Profit": NaN,
        "Cost Of Revenue": NaN,
        "Total Revenue": NaN,
        "Operating Revenue": NaN
    },
    "2023-09-30": {
        "Tax Effect Of Unusual Items": -545402.09455,
        "Tax Rate For Calcs": 0.023545,
        "Normalized EBITDA": -60307000.0,
        "Total Unusual Items": -23164000.0,
        "Total Unusual Items Excluding Goodwill": -23164000.0,
        "Net Income From Continuing Operation Net Minority Interest": -108257000.0,
        "Reconciled Depreciation": 14537000.0,
        "Reconciled Cost Of Revenue": 224902000.0,
        "EBITDA": -83471000.0,
        "EBIT": -98008000.0,
        "Net Interest Income": -7734000.0,
        "Interest Expense": 10464000.0,
        "Interest Income": 2730000.0,
        "Normalized Income": -85638402.09455,
        "Net Income From Continuing And Discontinued Operation": -108257000.0,
        "Total Expenses": 268300000.0,
        "Total Operating Income As Reported": -63834000.0,
        "Diluted Average Shares": 489250.0,
        "Basic Average Shares": 489250.0,
        "Diluted EPS": -221.0,
        "Basic EPS": -221.0,
        "Diluted NI Availto Com Stockholders": -108257000.0,
        "Net Income Common Stockholders": -108257000.0,
        "Net Income": -108257000.0,
        "Minority Interests": 118000.0,
        "Net Income Including Noncontrolling Interests": -108375000.0,
        "Net Income Continuous Operations": -108375000.0,
        "Earnings From Equity Interest Net Of Tax": -2457000.0,
        "Tax Provision": -2554000.0,
        "Pretax Income": -108472000.0,
        "Other Income Expense": -60068000.0,
        "Other Non Operating Income Expenses": -36904000.0,
        "Special Income Charges": -23164000.0,
        "Other Special Charges": NaN,
        "Restructuring And Mergern Acquisition": 23164000.0,
        "Net Non Operating Interest Income Expense": -7734000.0,
        "Interest Expense Non Operating": 10464000.0,
        "Interest Income Non Operating": 2730000.0,
        "Operating Income": -40670000.0,
        "Operating Expense": 43398000.0,
        "Research And Development": 11627000.0,
        "Selling General And Administration": 31771000.0,
        "Gross Profit": 2728000.0,
        "Cost Of Revenue": 224902000.0,
        "Total Revenue": 227630000.0,
        "Operating Revenue": 227630000.0
    },
    "2024-03-31": {
        "Tax Effect Of Unusual Items": -518840.0,
        "Tax Rate For Calcs": 0.17,
        "Normalized EBITDA": -55837000.0,
        "Total Unusual Items": -3052000.0,
        "Total Unusual Items Excluding Goodwill": -3052000.0,
        "Net Income From Continuing Operation Net Minority Interest": -80148000.0,
        "Reconciled Depreciation": 10558000.0,
        "Reconciled Cost Of Revenue": 202327000.0,
        "EBITDA": -58889000.0,
        "EBIT": -69447000.0,
        "Net Interest Income": -8741000.0,
        "Interest Expense": 9554000.0,
        "Interest Income": 813000.0,
        "Normalized Income": -77614840.0,
        "Net Income From Continuing And Discontinued Operation": -80148000.0,
        "Total Expenses": 247943000.0,
        "Total Operating Income As Reported": -63539000.0,
        "Diluted Average Shares": 505040.0,
        "Basic Average Shares": 505040.0,
        "Diluted EPS": -159.0,
        "Basic EPS": -159.0,
        "Diluted NI Availto Com Stockholders": -80148000.0,
        "Net Income Common Stockholders": -80148000.0,
        "Net Income": -80148000.0,
        "Minority Interests": 56000.0,
        "Net Income Including Noncontrolling Interests": -80204000.0,
        "Net Income Continuous Operations": -80204000.0,
        "Earnings From Equity Interest Net Of Tax": 0.0,
        "Tax Provision": 1203000.0,
        "Pretax Income": -79001000.0,
        "Other Income Expense": -9773000.0,
        "Other Non Operating Income Expenses": -6721000.0,
        "Special Income Charges": -3052000.0,
        "Other Special Charges": NaN,
        "Restructuring And Mergern Acquisition": 3052000.0,
        "Net Non Operating Interest Income Expense": -8741000.0,
        "Interest Expense Non Operating": 9554000.0,
        "Interest Income Non Operating": 813000.0,
        "Operating Income": -60487000.0,
        "Operating Expense": 45616000.0,
        "Research And Development": 9897000.0,
        "Selling General And Administration": 35719000.0,
        "Gross Profit": -14871000.0,
        "Cost Of Revenue": 202327000.0,
        "Total Revenue": 187456000.0,
        "Operating Revenue": 187456000.0
    },
    "2023-12-31": {
        "Tax Effect Of Unusual Items": -5178405.779599,
        "Tax Rate For Calcs": 0.050698,
        "Normalized EBITDA": -71697000.0,
        "Total Unusual Items": -102143000.0,
        "Total Unusual Items Excluding Goodwill": -102143000.0,
        "Net Income From Continuing Operation Net Minority Interest": -186334000.0,
        "Reconciled Depreciation": 12301000.0,
        "Reconciled Cost Of Revenue": 263236000.0,
        "EBITDA": -173840000.0,
        "EBIT": -186141000.0,
        "Net Interest Income": -714000.0,
        "Interest Expense": 10101000.0,
        "Interest Income": NaN,
        "Normalized Income": -89369405.779599,
        "Net Income From Continuing And Discontinued Operation": -186334000.0,
        "Total Expenses": 302100000.0,
        "Total Operating Income As Reported": -175468000.0,
        "Diluted Average Shares": NaN,
        "Basic Average Shares": NaN,
        "Diluted EPS": NaN,
        "Basic EPS": NaN,
        "Diluted NI Availto Com Stockholders": -186334000.0,
        "Net Income Common Stockholders": -186334000.0,
        "Net Income": -186334000.0,
        "Minority Interests": -41000.0,
        "Net Income Including Noncontrolling Interests": -186293000.0,
        "Net Income Continuous Operations": -186293000.0,
        "Earnings From Equity Interest Net Of Tax": 0.0,
        "Tax Provision": -9949000.0,
        "Pretax Income": -196242000.0,
        "Other Income Expense": -122203000.0,
        "Other Non Operating Income Expenses": -20060000.0,
        "Special Income Charges": -102143000.0,
        "Other Special Charges": NaN,
        "Restructuring And Mergern Acquisition": 102143000.0,
        "Net Non Operating Interest Income Expense": -714000.0,
        "Interest Expense Non Operating": 10101000.0,
        "Interest Income Non Operating": NaN,
        "Operating Income": -73325000.0,
        "Operating Expense": 38864000.0,
        "Research And Development": 9988000.0,
        "Selling General And Administration": 28876000.0,
        "Gross Profit": -34461000.0,
        "Cost Of Revenue": 263236000.0,
        "Total Revenue": 228775000.0,
        "Operating Revenue": 228775000.0
    },
    "2024-06-30": {
        "Tax Effect Of Unusual Items": 17374500.384696,
        "Tax Rate For Calcs": 0.224663,
        "Normalized EBITDA": -41858000.0,
        "Total Unusual Items": 77336000.0,
        "Total Unusual Items Excluding Goodwill": 77336000.0,
        "Net Income From Continuing Operation Net Minority Interest": 11664000.0,
        "Reconciled Depreciation": 10558000.0,
        "Reconciled Cost Of Revenue": 192004000.0,
        "EBITDA": 35478000.0,
        "EBIT": 24920000.0,
        "Net Interest Income": -10109000.0,
        "Interest Expense": 10623000.0,
        "Interest Income": 514000.0,
        "Normalized Income": -48297499.615304,
        "Net Income From Continuing And Discontinued Operation": 11664000.0,
        "Total Expenses": 253744000.0,
        "Total Operating Income As Reported": -69455000.0,
        "Diluted Average Shares": 6684260.0,
        "Basic Average Shares": 511980.0,
        "Diluted EPS": 3.0,
        "Basic EPS": 23.0,
        "Diluted NI Availto Com Stockholders": 11664000.0,
        "Net Income Common Stockholders": 11664000.0,
        "Net Income": 11664000.0,
        "Minority Interests": 579000.0,
        "Net Income Including Noncontrolling Interests": 11085000.0,
        "Net Income Continuous Operations": 11085000.0,
        "Earnings From Equity Interest Net Of Tax": 0.0,
        "Tax Provision": 3212000.0,
        "Pretax Income": 14297000.0,
        "Other Income Expense": 93931000.0,
        "Other Non Operating Income Expenses": 16595000.0,
        "Special Income Charges": 77336000.0,
        "Other Special Charges": -77266000.0,
        "Restructuring And Mergern Acquisition": -70000.0,
        "Net Non Operating Interest Income Expense": -10109000.0,
        "Interest Expense Non Operating": 10623000.0,
        "Interest Income Non Operating": 514000.0,
        "Operating Income": -69525000.0,
        "Operating Expense": 61740000.0,
        "Research And Development": 9425000.0,
        "Selling General And Administration": 52315000.0,
        "Gross Profit": -7785000.0,
        "Cost Of Revenue": 192004000.0,
        "Total Revenue": 184219000.0,
        "Operating Revenue": 184219000.0
    },
    "2024-09-30": {
        "Tax Effect Of Unusual Items": -18013200.0,
        "Tax Rate For Calcs": 0.17,
        "Normalized EBITDA": -240629000.0,
        "Total Unusual Items": -105960000.0,
        "Total Unusual Items Excluding Goodwill": -105960000.0,
        "Net Income From Continuing Operation Net Minority Interest": -393944000.0,
        "Reconciled Depreciation": 16046000.0,
        "Reconciled Cost Of Revenue": 267661000.0,
        "EBITDA": -346589000.0,
        "EBIT": -362635000.0,
        "Net Interest Income": -11784000.0,
        "Interest Expense": 12170000.0,
        "Interest Income": 386000.0,
        "Normalized Income": -305997200.0,
        "Net Income From Continuing And Discontinued Operation": -393944000.0,
        "Total Expenses": 314919000.0,
        "Total Operating Income As Reported": -332319000.0,
        "Diluted Average Shares": 8326200.0,
        "Basic Average Shares": 8326200.0,
        "Diluted EPS": -47.0,
        "Basic EPS": -47.0,
        "Diluted NI Availto Com Stockholders": -393944000.0,
        "Net Income Common Stockholders": -393944000.0,
        "Net Income": -393944000.0,
        "Minority Interests": -214000.0,
        "Net Income Including Noncontrolling Interests": -393730000.0,
        "Net Income Continuous Operations": -393730000.0,
        "Earnings From Equity Interest Net Of Tax": 0.0,
        "Tax Provision": 18925000.0,
        "Pretax Income": -374805000.0,
        "Other Income Expense": -136662000.0,
        "Other Non Operating Income Expenses": -30702000.0,
        "Special Income Charges": -105960000.0,
        "Other Special Charges": NaN,
        "Restructuring And Mergern Acquisition": 105960000.0,
        "Net Non Operating Interest Income Expense": -11784000.0,
        "Interest Expense Non Operating": 12170000.0,
        "Interest Income Non Operating": 386000.0,
        "Operating Income": -226359000.0,
        "Operating Expense": 47258000.0,
        "Research And Development": 8962000.0,
        "Selling General And Administration": 38296000.0,
        "Gross Profit": -179101000.0,
        "Cost Of Revenue": 267661000.0,
        "Total Revenue": 88560000.0,
        "Operating Revenue": 88560000.0
    }
}