{
    "2023-03-31": {
        "Tax Effect Of Unusual Items": -296533.6,
        "Tax Rate For Calcs": 0.4,
        "Normalized EBITDA": -418118.0,
        "Total Unusual Items": -741334.0,
        "Total Unusual Items Excluding Goodwill": -741334.0,
        "Net Income From Continuing Operation Net Minority Interest": 1181626.0,
        "EBITDA": -1159452.0,
        "EBIT": -1159452.0,
        "Net Interest Income": 3888496.0,
        "Interest Income": 3888496.0,
        "Normalized Income": 1626426.4,
        "Net Income From Continuing And Discontinued Operation": 1181626.0,
        "Total Expenses": 1159452.0,
        "Total Operating Income As Reported": -1159452.0,
        "Diluted Average Shares": 40937228.0,
        "Basic Average Shares": 30937228.0,
        "Diluted EPS": 0.028864,
        "Basic EPS": 0.038194,
        "Diluted NI Availto Com Stockholders": 1181626.0,
        "Net Income Common Stockholders": 1181626.0,
        "Net Income": 1181626.0,
        "Net Income Including Noncontrolling Interests": 1181626.0,
        "Net Income Continuous Operations": 1181626.0,
        "Tax Provision": 806084.0,
        "Pretax Income": 1987710.0,
        "Other Income Expense": -741334.0,
        "Special Income Charges": 0.0,
        "Other Special Charges": NaN,
        "Gain On Sale Of Security": -741334.0,
        "Net Non Operating Interest Income Expense": 3888496.0,
        "Interest Income Non Operating": 3888496.0,
        "Operating Income": -1159452.0,
        "Operating Expense": 1159452.0,
        "Other Operating Expenses": NaN,
        "Selling General And Administration": 1159452.0,
        "General And Administrative Expense": 1159452.0,
        "Other Gand A": 1159452.0,
        "Total Revenue": 0.0,
        "Operating Revenue": 0.0
    },
    "2022-12-31": {
        "Tax Effect Of Unusual Items": 1173906.081305,
        "Tax Rate For Calcs": 0.212203,
        "Normalized EBITDA": -6007380.0,
        "Total Unusual Items": 5531984.0,
        "Total Unusual Items Excluding Goodwill": 5531984.0,
        "Net Income From Continuing Operation Net Minority Interest": 2389112.0,
        "EBITDA": -475396.0,
        "EBIT": -475396.0,
        "Net Interest Income": NaN,
        "Interest Income": NaN,
        "Normalized Income": -1968965.918695,
        "Net Income From Continuing And Discontinued Operation": 2389112.0,
        "Total Expenses": 475396.0,
        "Total Operating Income As Reported": -475396.0,
        "Diluted Average Shares": 50000000.0,
        "Basic Average Shares": 10000000.0,
        "Diluted EPS": -2.434017,
        "Basic EPS": -2.434017,
        "Diluted NI Availto Com Stockholders": 2389112.0,
        "Net Income Common Stockholders": 2389112.0,
        "Net Income": 2389112.0,
        "Net Income Including Noncontrolling Interests": 2389112.0,
        "Net Income Continuous Operations": 2389112.0,
        "Tax Provision": 643539.0,
        "Pretax Income": 3032651.0,
        "Other Income Expense": 5531984.0,
        "Special Income Charges": 0.0,
        "Other Special Charges": 0.0,
        "Gain On Sale Of Security": 5531984.0,
        "Net Non Operating Interest Income Expense": NaN,
        "Interest Income Non Operating": NaN,
        "Operating Income": -475396.0,
        "Operating Expense": 475396.0,
        "Other Operating Expenses": NaN,
        "Selling General And Administration": NaN,
        "General And Administrative Expense": NaN,
        "Other Gand A": NaN,
        "Total Revenue": 0.0,
        "Operating Revenue": 0.0
    },
    "2022-09-30": {
        "Tax Effect Of Unusual Items": 81473.8354,
        "Tax Rate For Calcs": 0.1102,
        "Normalized EBITDA": -998718.0,
        "Total Unusual Items": 739327.0,
        "Total Unusual Items Excluding Goodwill": 739327.0,
        "Net Income From Continuing Operation Net Minority Interest": 2121946.0,
        "EBITDA": -259391.0,
        "EBIT": -259391.0,
        "Net Interest Income": 1904877.0,
        "Interest Income": 1904877.0,
        "Normalized Income": 1464092.8354,
        "Net Income From Continuing And Discontinued Operation": 2121946.0,
        "Total Expenses": 259391.0,
        "Total Operating Income As Reported": -259391.0,
        "Diluted Average Shares": 50000000.0,
        "Basic Average Shares": 10000000.0,
        "Diluted EPS": 0.04,
        "Basic EPS": 0.04,
        "Diluted NI Availto Com Stockholders": 2121946.0,
        "Net Income Common Stockholders": 2121946.0,
        "Net Income": 2121946.0,
        "Net Income Including Noncontrolling Interests": 2121946.0,
        "Net Income Continuous Operations": 2121946.0,
        "Tax Provision": 262867.0,
        "Pretax Income": 2384813.0,
        "Other Income Expense": 739327.0,
        "Special Income Charges": 0.0,
        "Other Special Charges": NaN,
        "Gain On Sale Of Security": 739327.0,
        "Net Non Operating Interest Income Expense": 1904877.0,
        "Interest Income Non Operating": 1904877.0,
        "Operating Income": -259391.0,
        "Operating Expense": 259391.0,
        "Other Operating Expenses": NaN,
        "Selling General And Administration": 259391.0,
        "General And Administrative Expense": 259391.0,
        "Other Gand A": 259391.0,
        "Total Revenue": 0.0,
        "Operating Revenue": 0.0
    },
    "2022-06-30": {
        "Tax Effect Of Unusual Items": 0.0,
        "Tax Rate For Calcs": 0.0,
        "Normalized EBITDA": -5299080.0,
        "Total Unusual Items": 4983778.0,
        "Total Unusual Items Excluding Goodwill": 4983778.0,
        "Net Income From Continuing Operation Net Minority Interest": 4747253.0,
        "EBITDA": -315302.0,
        "EBIT": -315302.0,
        "Net Interest Income": 78777.0,
        "Interest Income": 78777.0,
        "Normalized Income": -236525.0,
        "Net Income From Continuing And Discontinued Operation": 4747253.0,
        "Total Expenses": 315302.0,
        "Total Operating Income As Reported": -315302.0,
        "Diluted Average Shares": 50000000.0,
        "Basic Average Shares": 50000000.0,
        "Diluted EPS": 0.094945,
        "Basic EPS": 0.094945,
        "Diluted NI Availto Com Stockholders": 4747253.0,
        "Net Income Common Stockholders": 4747253.0,
        "Net Income": 4747253.0,
        "Net Income Including Noncontrolling Interests": 4747253.0,
        "Net Income Continuous Operations": 4747253.0,
        "Tax Provision": NaN,
        "Pretax Income": 4747253.0,
        "Other Income Expense": 4983778.0,
        "Special Income Charges": 0.0,
        "Other Special Charges": NaN,
        "Gain On Sale Of Security": 4983778.0,
        "Net Non Operating Interest Income Expense": 78777.0,
        "Interest Income Non Operating": 78777.0,
        "Operating Income": -315302.0,
        "Operating Expense": 315302.0,
        "Other Operating Expenses": NaN,
        "Selling General And Administration": 315302.0,
        "General And Administrative Expense": 315302.0,
        "Other Gand A": 315302.0,
        "Total Revenue": 0.0,
        "Operating Revenue": 0.0
    },
    "2022-03-31": {
        "Diluted EPS": 0.48,
        "Total Revenue": NaN,
        "Gross Profit": NaN,
        "Operating Income": 5,
        "EBIT": 5,
        "Net Income": 24
    },
    "2021-12-31": {
        "Diluted EPS": 0.06,
        "Total Revenue": NaN,
        "Gross Profit": NaN,
        "Operating Income": -2,
        "EBIT": -2,
        "Net Income": 3
    },
    "2021-09-30": {
        "Diluted EPS": -0.14,
        "Total Revenue": NaN,
        "Gross Profit": NaN,
        "Operating Income": -3,
        "EBIT": -3,
        "Net Income": -7
    },
    "2021-06-30": {
        "Diluted EPS": 0.04,
        "Total Revenue": NaN,
        "Gross Profit": NaN,
        "Operating Income": -2,
        "EBIT": -2,
        "Net Income": 2
    },
    "2021-03-31": {
        "Diluted EPS": -0.01,
        "Total Revenue": NaN,
        "Gross Profit": NaN,
        "Operating Income": 0,
        "EBIT": 0,
        "Net Income": 0
    },
    "2020-12-31": {
        "Diluted EPS": 0.0,
        "Total Revenue": NaN,
        "Gross Profit": NaN,
        "Operating Income": NaN,
        "EBIT": NaN,
        "Net Income": NaN
    },
    "2023-06-30": {
        "Tax Effect Of Unusual Items": 82109.3834,
        "Tax Rate For Calcs": 0.0751,
        "Normalized EBITDA": -1325863.0,
        "Total Unusual Items": 1093334.0,
        "Total Unusual Items Excluding Goodwill": 1093334.0,
        "Net Income From Continuing Operation Net Minority Interest": 1311577.0,
        "EBITDA": -232529.0,
        "EBIT": -232529.0,
        "Net Interest Income": 557306.0,
        "Interest Income": 557306.0,
        "Normalized Income": 300352.3834,
        "Net Income From Continuing And Discontinued Operation": 1311577.0,
        "Total Expenses": 232529.0,
        "Total Operating Income As Reported": -232529.0,
        "Diluted Average Shares": 14536981.0,
        "Basic Average Shares": 14536981.0,
        "Diluted EPS": 0.090223,
        "Basic EPS": 0.090223,
        "Diluted NI Availto Com Stockholders": 1311577.0,
        "Net Income Common Stockholders": 1311577.0,
        "Net Income": 1311577.0,
        "Net Income Including Noncontrolling Interests": 1311577.0,
        "Net Income Continuous Operations": 1311577.0,
        "Tax Provision": 106534.0,
        "Pretax Income": 1418111.0,
        "Other Income Expense": 1093334.0,
        "Special Income Charges": 0.0,
        "Other Special Charges": NaN,
        "Gain On Sale Of Security": 1093334.0,
        "Net Non Operating Interest Income Expense": 557306.0,
        "Interest Income Non Operating": 557306.0,
        "Operating Income": -232529.0,
        "Operating Expense": 232529.0,
        "Other Operating Expenses": 232529.0,
        "Selling General And Administration": NaN,
        "General And Administrative Expense": NaN,
        "Other Gand A": NaN,
        "Total Revenue": 0.0,
        "Operating Revenue": 0.0
    },
    "2023-09-30": {
        "Tax Effect Of Unusual Items": -49000.14,
        "Tax Rate For Calcs": 0.21,
        "Normalized EBITDA": 52493.0,
        "Total Unusual Items": -233334.0,
        "Total Unusual Items Excluding Goodwill": -233334.0,
        "Net Income From Continuing Operation Net Minority Interest": 81538.0,
        "EBITDA": -180841.0,
        "EBIT": -180841.0,
        "Net Interest Income": 614194.0,
        "Interest Income": 614194.0,
        "Normalized Income": 265871.86,
        "Net Income From Continuing And Discontinued Operation": 81538.0,
        "Total Expenses": 180841.0,
        "Total Operating Income As Reported": -180841.0,
        "Diluted Average Shares": 14536981.0,
        "Basic Average Shares": 10000000.0,
        "Diluted EPS": 0.01,
        "Basic EPS": 0.01,
        "Diluted NI Availto Com Stockholders": 81538.0,
        "Net Income Common Stockholders": 81538.0,
        "Net Income": 81538.0,
        "Net Income Including Noncontrolling Interests": 81538.0,
        "Net Income Continuous Operations": 81538.0,
        "Tax Provision": 118481.0,
        "Pretax Income": 200019.0,
        "Other Income Expense": -233334.0,
        "Special Income Charges": 0.0,
        "Other Special Charges": NaN,
        "Gain On Sale Of Security": -233334.0,
        "Net Non Operating Interest Income Expense": 614194.0,
        "Interest Income Non Operating": 614194.0,
        "Operating Income": -180841.0,
        "Operating Expense": 180841.0,
        "Other Operating Expenses": 180841.0,
        "Selling General And Administration": NaN,
        "General And Administrative Expense": NaN,
        "Other Gand A": NaN,
        "Total Revenue": 0.0,
        "Operating Revenue": 0.0
    }
}