{
    "2023-06-30": {
        "Tax Effect Of Unusual Items": -33372.0,
        "Tax Rate For Calcs": 0.162,
        "Total Unusual Items": -206000.0,
        "Total Unusual Items Excluding Goodwill": -206000.0,
        "Net Income From Continuing Operation Net Minority Interest": 5092000.0,
        "Reconciled Depreciation": 455000.0,
        "Net Interest Income": 17263000.0,
        "Interest Expense": 5483000.0,
        "Interest Income": 22746000.0,
        "Normalized Income": 5264628.0,
        "Net Income From Continuing And Discontinued Operation": 5092000.0,
        "Diluted Average Shares": 8101984.0,
        "Basic Average Shares": 8088793.0,
        "Diluted EPS": 0.63,
        "Basic EPS": 0.63,
        "Diluted NI Availto Com Stockholders": 5092000.0,
        "Net Income Common Stockholders": 5092000.0,
        "Net Income": 5092000.0,
        "Net Income Including Noncontrolling Interests": 5092000.0,
        "Net Income Continuous Operations": 5092000.0,
        "Tax Provision": 986000.0,
        "Pretax Income": 6078000.0,
        "Special Income Charges": -206000.0,
        "Write Off": 0.0,
        "Restructuring And Mergern Acquisition": 206000.0,
        "Gain On Sale Of Security": -67000.0,
        "Depreciation Amortization Depletion Income Statement": 288000.0,
        "Depreciation And Amortization In Income Statement": 288000.0,
        "Amortization": 288000.0,
        "Amortization Of Intangibles Income Statement": 288000.0,
        "Selling General And Administration": 6683000.0,
        "Selling And Marketing Expense": 415000.0,
        "General And Administrative Expense": 6268000.0,
        "Insurance And Claims": 249000.0,
        "Salaries And Wages": 6019000.0,
        "Total Revenue": 18946000.0,
        "Operating Revenue": 18946000.0,
        "Occupancy And Equipment": 1013000.0,
        "Professional Expense And Contract Services Expense": 550000.0,
        "Other Non Interest Expense": 3314000.0
    },
    "2023-03-31": {
        "Tax Effect Of Unusual Items": -40848.3,
        "Tax Rate For Calcs": 0.1681,
        "Total Unusual Items": -243000.0,
        "Total Unusual Items Excluding Goodwill": -243000.0,
        "Net Income From Continuing Operation Net Minority Interest": 4896000.0,
        "Reconciled Depreciation": 484000.0,
        "Net Interest Income": 16418000.0,
        "Interest Expense": 3798000.0,
        "Interest Income": 20216000.0,
        "Normalized Income": 5098151.7,
        "Net Income From Continuing And Discontinued Operation": 4896000.0,
        "Diluted Average Shares": 8152629.0,
        "Basic Average Shares": 8138771.0,
        "Diluted EPS": 0.6,
        "Basic EPS": 0.6,
        "Diluted NI Availto Com Stockholders": 4896000.0,
        "Net Income Common Stockholders": 4896000.0,
        "Net Income": 4896000.0,
        "Net Income Including Noncontrolling Interests": 4896000.0,
        "Net Income Continuous Operations": 4896000.0,
        "Tax Provision": 989000.0,
        "Pretax Income": 5885000.0,
        "Special Income Charges": -245000.0,
        "Write Off": NaN,
        "Restructuring And Mergern Acquisition": 245000.0,
        "Gain On Sale Of Security": -138000.0,
        "Depreciation Amortization Depletion Income Statement": 291000.0,
        "Depreciation And Amortization In Income Statement": 291000.0,
        "Amortization": 291000.0,
        "Amortization Of Intangibles Income Statement": 291000.0,
        "Selling General And Administration": 6458000.0,
        "Selling And Marketing Expense": 486000.0,
        "General And Administrative Expense": 5972000.0,
        "Insurance And Claims": 120000.0,
        "Salaries And Wages": 5852000.0,
        "Total Revenue": 18186000.0,
        "Operating Revenue": 18186000.0,
        "Occupancy And Equipment": 1013000.0,
        "Professional Expense And Contract Services Expense": 538000.0,
        "Other Non Interest Expense": 3249000.0
    },
    "2022-12-31": {
        "Tax Effect Of Unusual Items": -409598.603419,
        "Tax Rate For Calcs": 0.156754,
        "Total Unusual Items": -2613000.0,
        "Total Unusual Items Excluding Goodwill": -2613000.0,
        "Net Income From Continuing Operation Net Minority Interest": 3502000.0,
        "Reconciled Depreciation": 530000.0,
        "Net Interest Income": 14014000.0,
        "Interest Expense": 2176000.0,
        "Interest Income": 16190000.0,
        "Normalized Income": 5705401.396581,
        "Net Income From Continuing And Discontinued Operation": 3502000.0,
        "Diluted Average Shares": 6610907.0,
        "Basic Average Shares": 6593616.0,
        "Diluted EPS": 0.53,
        "Basic EPS": 0.53,
        "Diluted NI Availto Com Stockholders": 3502000.0,
        "Net Income Common Stockholders": 3502000.0,
        "Net Income": 3502000.0,
        "Net Income Including Noncontrolling Interests": 3502000.0,
        "Net Income Continuous Operations": 3502000.0,
        "Tax Provision": 651000.0,
        "Pretax Income": 4153000.0,
        "Special Income Charges": -2613000.0,
        "Write Off": NaN,
        "Restructuring And Mergern Acquisition": 1413000.0,
        "Gain On Sale Of Security": -77000.0,
        "Depreciation Amortization Depletion Income Statement": 168000.0,
        "Depreciation And Amortization In Income Statement": 168000.0,
        "Amortization": 168000.0,
        "Amortization Of Intangibles Income Statement": 168000.0,
        "Selling General And Administration": 2649000.0,
        "Selling And Marketing Expense": 308000.0,
        "General And Administrative Expense": 2341000.0,
        "Insurance And Claims": 105000.0,
        "Salaries And Wages": 4886000.0,
        "Total Revenue": 16496000.0,
        "Operating Revenue": 16496000.0
    },
    "2022-09-30": {
        "Tax Effect Of Unusual Items": NaN,
        "Tax Rate For Calcs": NaN,
        "Total Unusual Items": NaN,
        "Total Unusual Items Excluding Goodwill": NaN,
        "Net Income From Continuing Operation Net Minority Interest": NaN,
        "Reconciled Depreciation": NaN,
        "Net Interest Income": NaN,
        "Interest Expense": NaN,
        "Interest Income": NaN,
        "Normalized Income": NaN,
        "Net Income From Continuing And Discontinued Operation": NaN,
        "Diluted Average Shares": NaN,
        "Basic Average Shares": NaN,
        "Diluted EPS": NaN,
        "Basic EPS": NaN,
        "Diluted NI Availto Com Stockholders": NaN,
        "Net Income Common Stockholders": NaN,
        "Net Income": NaN,
        "Net Income Including Noncontrolling Interests": NaN,
        "Net Income Continuous Operations": NaN,
        "Tax Provision": NaN,
        "Pretax Income": NaN,
        "Special Income Charges": NaN,
        "Write Off": 0.0,
        "Restructuring And Mergern Acquisition": NaN,
        "Gain On Sale Of Security": NaN,
        "Depreciation Amortization Depletion Income Statement": NaN,
        "Depreciation And Amortization In Income Statement": NaN,
        "Amortization": NaN,
        "Amortization Of Intangibles Income Statement": NaN,
        "Selling General And Administration": NaN,
        "Selling And Marketing Expense": NaN,
        "General And Administrative Expense": NaN,
        "Other Gand A": 985000.0,
        "Insurance And Claims": NaN,
        "Salaries And Wages": NaN,
        "Total Revenue": NaN,
        "Operating Revenue": NaN
    },
    "2022-06-30": {
        "Tax Effect Of Unusual Items": -93452.21493,
        "Tax Rate For Calcs": 0.161403,
        "Total Unusual Items": -579000.0,
        "Total Unusual Items Excluding Goodwill": -579000.0,
        "Net Income From Continuing Operation Net Minority Interest": 4089000.0,
        "Reconciled Depreciation": 117000.0,
        "Net Interest Income": 11995000.0,
        "Interest Expense": 790000.0,
        "Interest Income": 12785000.0,
        "Normalized Income": 4574547.78507,
        "Net Income From Continuing And Discontinued Operation": 4089000.0,
        "Diluted Average Shares": 5860098.0,
        "Basic Average Shares": 5851422.0,
        "Diluted EPS": 0.7,
        "Basic EPS": 0.7,
        "Diluted NI Availto Com Stockholders": 4089000.0,
        "Net Income Common Stockholders": 4089000.0,
        "Net Income": 4089000.0,
        "Net Income Including Noncontrolling Interests": 4089000.0,
        "Net Income Continuous Operations": 4089000.0,
        "Tax Provision": 787000.0,
        "Pretax Income": 4876000.0,
        "Special Income Charges": -579000.0,
        "Write Off": NaN,
        "Restructuring And Mergern Acquisition": 579000.0,
        "Gain On Sale Of Security": -72000.0,
        "Depreciation Amortization Depletion Income Statement": 117000.0,
        "Depreciation And Amortization In Income Statement": 117000.0,
        "Amortization": 117000.0,
        "Amortization Of Intangibles Income Statement": 117000.0,
        "Selling General And Administration": 4926000.0,
        "Selling And Marketing Expense": 229000.0,
        "General And Administrative Expense": 4697000.0,
        "Other Gand A": 822000.0,
        "Insurance And Claims": 90000.0,
        "Salaries And Wages": 3785000.0,
        "Total Revenue": 13411000.0,
        "Operating Revenue": 13411000.0
    },
    "2022-03-31": {
        "Diluted EPS": 0.65,
        "Total Revenue": 14,
        "Gross Profit": 13,
        "Operating Income": 5,
        "EBIT": NaN,
        "Net Income": 4
    },
    "2021-12-31": {
        "Diluted EPS": 0.8,
        "Total Revenue": 14,
        "Gross Profit": 14,
        "Operating Income": 6,
        "EBIT": NaN,
        "Net Income": 5
    },
    "2021-09-30": {
        "Diluted EPS": 0.85,
        "Total Revenue": 15,
        "Gross Profit": 14,
        "Operating Income": 6,
        "EBIT": NaN,
        "Net Income": 5
    },
    "2021-06-30": {
        "Diluted EPS": 0.7,
        "Total Revenue": 15,
        "Gross Profit": 13,
        "Operating Income": 5,
        "EBIT": NaN,
        "Net Income": 4
    },
    "2021-03-31": {
        "Diluted EPS": 0.65,
        "Total Revenue": 15,
        "Gross Profit": 14,
        "Operating Income": 5,
        "EBIT": NaN,
        "Net Income": 4
    },
    "2020-12-31": {
        "Diluted EPS": 0.39,
        "Total Revenue": 15,
        "Gross Profit": 13,
        "Operating Income": 3,
        "EBIT": NaN,
        "Net Income": 2
    },
    "2020-09-30": {
        "Diluted EPS": 0.29,
        "Total Revenue": 15,
        "Gross Profit": 13,
        "Operating Income": 2,
        "EBIT": NaN,
        "Net Income": 2
    },
    "2020-06-30": {
        "Diluted EPS": 0.46,
        "Total Revenue": 15,
        "Gross Profit": 12,
        "Operating Income": 4,
        "EBIT": NaN,
        "Net Income": 3
    },
    "2020-03-31": {
        "Diluted EPS": 0.16,
        "Total Revenue": 14,
        "Gross Profit": 11,
        "Operating Income": 1,
        "EBIT": NaN,
        "Net Income": 1
    },
    "2019-12-31": {
        "Diluted EPS": 0.49,
        "Total Revenue": 15,
        "Gross Profit": 12,
        "Operating Income": 4,
        "EBIT": NaN,
        "Net Income": 3
    },
    "2019-09-30": {
        "Diluted EPS": 0.5,
        "Total Revenue": 15,
        "Gross Profit": 12,
        "Operating Income": 4,
        "EBIT": NaN,
        "Net Income": 3
    },
    "2019-06-30": {
        "Diluted EPS": 0.5,
        "Total Revenue": 15,
        "Gross Profit": 12,
        "Operating Income": 4,
        "EBIT": NaN,
        "Net Income": 3
    },
    "2019-03-31": {
        "Diluted EPS": 0.46,
        "Total Revenue": 15,
        "Gross Profit": 11,
        "Operating Income": 4,
        "EBIT": NaN,
        "Net Income": 3
    },
    "2018-12-31": {
        "Diluted EPS": 0.52,
        "Total Revenue": 14,
        "Gross Profit": 11,
        "Operating Income": 4,
        "EBIT": NaN,
        "Net Income": 3
    },
    "2018-09-30": {
        "Diluted EPS": 0.51,
        "Total Revenue": 14,
        "Gross Profit": 11,
        "Operating Income": 4,
        "EBIT": NaN,
        "Net Income": 3
    },
    "2018-06-30": {
        "Diluted EPS": 0.48,
        "Total Revenue": 13,
        "Gross Profit": 11,
        "Operating Income": 4,
        "EBIT": NaN,
        "Net Income": 3
    },
    "2018-03-31": {
        "Diluted EPS": 0.4,
        "Total Revenue": 13,
        "Gross Profit": 11,
        "Operating Income": 3,
        "EBIT": NaN,
        "Net Income": 3
    },
    "2017-12-31": {
        "Diluted EPS": 0.37,
        "Total Revenue": 12,
        "Gross Profit": 11,
        "Operating Income": 4,
        "EBIT": NaN,
        "Net Income": 2
    },
    "2017-09-30": {
        "Diluted EPS": 0.38,
        "Total Revenue": 13,
        "Gross Profit": 11,
        "Operating Income": 4,
        "EBIT": NaN,
        "Net Income": 2
    },
    "2017-06-30": {
        "Diluted EPS": 0.42,
        "Total Revenue": 12,
        "Gross Profit": 10,
        "Operating Income": 4,
        "EBIT": NaN,
        "Net Income": 3
    },
    "2017-03-31": {
        "Diluted EPS": 0.39,
        "Total Revenue": 12,
        "Gross Profit": 10,
        "Operating Income": 3,
        "EBIT": NaN,
        "Net Income": 2
    },
    "2016-12-31": {
        "Diluted EPS": 0.35,
        "Total Revenue": 9,
        "Gross Profit": 8,
        "Operating Income": 2,
        "EBIT": NaN,
        "Net Income": 2
    },
    "2016-09-30": {
        "Diluted EPS": 0.3,
        "Total Revenue": 8,
        "Gross Profit": 7,
        "Operating Income": 2,
        "EBIT": NaN,
        "Net Income": 1
    },
    "2016-06-30": {
        "Diluted EPS": 0.47,
        "Total Revenue": 9,
        "Gross Profit": 8,
        "Operating Income": 2,
        "EBIT": NaN,
        "Net Income": 2
    },
    "2016-03-31": {
        "Diluted EPS": 0.4,
        "Total Revenue": 8,
        "Gross Profit": 7,
        "Operating Income": 2,
        "EBIT": NaN,
        "Net Income": 1
    },
    "2015-12-31": {
        "Diluted EPS": 0.46,
        "Total Revenue": 9,
        "Gross Profit": 8,
        "Operating Income": 2,
        "EBIT": NaN,
        "Net Income": 2
    },
    "2015-09-30": {
        "Diluted EPS": 0.48,
        "Total Revenue": 8,
        "Gross Profit": 7,
        "Operating Income": 3,
        "EBIT": NaN,
        "Net Income": 2
    },
    "2015-06-30": {
        "Diluted EPS": 0.37,
        "Total Revenue": 8,
        "Gross Profit": 7,
        "Operating Income": 2,
        "EBIT": NaN,
        "Net Income": 2
    },
    "2015-03-31": {
        "Diluted EPS": 0.4,
        "Total Revenue": 8,
        "Gross Profit": 7,
        "Operating Income": 2,
        "EBIT": NaN,
        "Net Income": 2
    },
    "2014-12-31": {
        "Diluted EPS": 0.46,
        "Total Revenue": 8,
        "Gross Profit": 7,
        "Operating Income": 2,
        "EBIT": NaN,
        "Net Income": 2
    },
    "2014-09-30": {
        "Diluted EPS": 0.47,
        "Total Revenue": 8,
        "Gross Profit": 7,
        "Operating Income": 2,
        "EBIT": NaN,
        "Net Income": 2
    },
    "2014-06-30": {
        "Diluted EPS": 0.4,
        "Total Revenue": 8,
        "Gross Profit": 7,
        "Operating Income": 2,
        "EBIT": NaN,
        "Net Income": 2
    },
    "2014-03-31": {
        "Diluted EPS": 0.43,
        "Total Revenue": 8,
        "Gross Profit": 7,
        "Operating Income": 2,
        "EBIT": NaN,
        "Net Income": 2
    },
    "2013-12-31": {
        "Diluted EPS": 0.45,
        "Total Revenue": 8,
        "Gross Profit": 7,
        "Operating Income": 2,
        "EBIT": NaN,
        "Net Income": 2
    },
    "2013-09-30": {
        "Diluted EPS": 0.46,
        "Total Revenue": 8,
        "Gross Profit": 7,
        "Operating Income": 2,
        "EBIT": NaN,
        "Net Income": 2
    },
    "2013-06-30": {
        "Diluted EPS": 0.42,
        "Total Revenue": 8,
        "Gross Profit": 6,
        "Operating Income": 2,
        "EBIT": NaN,
        "Net Income": 2
    },
    "2013-03-31": {
        "Diluted EPS": 0.41,
        "Total Revenue": 8,
        "Gross Profit": 6,
        "Operating Income": 2,
        "EBIT": NaN,
        "Net Income": 2
    },
    "2012-12-31": {
        "Diluted EPS": 0.32,
        "Total Revenue": 8,
        "Gross Profit": 6,
        "Operating Income": 2,
        "EBIT": NaN,
        "Net Income": 1
    },
    "2012-09-30": {
        "Diluted EPS": 0.47,
        "Total Revenue": 8,
        "Gross Profit": 7,
        "Operating Income": 2,
        "EBIT": NaN,
        "Net Income": 2
    },
    "2012-06-30": {
        "Diluted EPS": 0.43,
        "Total Revenue": 8,
        "Gross Profit": 7,
        "Operating Income": 2,
        "EBIT": NaN,
        "Net Income": 2
    },
    "2012-03-31": {
        "Diluted EPS": 0.43,
        "Total Revenue": 8,
        "Gross Profit": 6,
        "Operating Income": 2,
        "EBIT": NaN,
        "Net Income": 2
    },
    "2011-12-31": {
        "Diluted EPS": 0.38,
        "Total Revenue": 8,
        "Gross Profit": 6,
        "Operating Income": 2,
        "EBIT": NaN,
        "Net Income": 1
    },
    "2011-09-30": {
        "Diluted EPS": 0.32,
        "Total Revenue": 8,
        "Gross Profit": 6,
        "Operating Income": 1,
        "EBIT": NaN,
        "Net Income": 1
    },
    "2011-06-30": {
        "Diluted EPS": 0.22,
        "Total Revenue": 8,
        "Gross Profit": 6,
        "Operating Income": 1,
        "EBIT": NaN,
        "Net Income": 1
    },
    "2011-03-31": {
        "Diluted EPS": 0.31,
        "Total Revenue": 8,
        "Gross Profit": 6,
        "Operating Income": 1,
        "EBIT": NaN,
        "Net Income": 1
    },
    "2010-12-31": {
        "Diluted EPS": 0.23,
        "Total Revenue": 8,
        "Gross Profit": 6,
        "Operating Income": 1,
        "EBIT": NaN,
        "Net Income": 1
    },
    "2010-09-30": {
        "Diluted EPS": 0.15,
        "Total Revenue": 8,
        "Gross Profit": 5,
        "Operating Income": 0,
        "EBIT": NaN,
        "Net Income": 0
    },
    "2010-06-30": {
        "Diluted EPS": 0.23,
        "Total Revenue": 8,
        "Gross Profit": 5,
        "Operating Income": 1,
        "EBIT": NaN,
        "Net Income": 1
    },
    "2010-03-31": {
        "Diluted EPS": 0.21,
        "Total Revenue": 8,
        "Gross Profit": 5,
        "Operating Income": 1,
        "EBIT": NaN,
        "Net Income": 1
    },
    "2009-12-31": {
        "Diluted EPS": 0.16,
        "Total Revenue": 7,
        "Gross Profit": 5,
        "Operating Income": 0,
        "EBIT": NaN,
        "Net Income": 1
    },
    "2009-09-30": {
        "Diluted EPS": 0.07,
        "Total Revenue": 7,
        "Gross Profit": 4,
        "Operating Income": 0,
        "EBIT": NaN,
        "Net Income": 0
    },
    "2009-06-30": {
        "Diluted EPS": 0.15,
        "Total Revenue": 7,
        "Gross Profit": 4,
        "Operating Income": 0,
        "EBIT": NaN,
        "Net Income": 0
    },
    "2009-03-31": {
        "Diluted EPS": 0.2,
        "Total Revenue": 7,
        "Gross Profit": 4,
        "Operating Income": 1,
        "EBIT": NaN,
        "Net Income": 1
    },
    "2023-09-30": {
        "Tax Effect Of Unusual Items": -3410.0,
        "Tax Rate For Calcs": 0.155,
        "Total Unusual Items": -22000.0,
        "Total Unusual Items Excluding Goodwill": -22000.0,
        "Net Income From Continuing Operation Net Minority Interest": 3836000.0,
        "Reconciled Depreciation": 1053000.0,
        "Net Interest Income": 15819000.0,
        "Interest Expense": 7103000.0,
        "Interest Income": 22922000.0,
        "Normalized Income": 3854590.0,
        "Net Income From Continuing And Discontinued Operation": 3836000.0,
        "Diluted Average Shares": 8101306.0,
        "Basic Average Shares": 8092494.0,
        "Diluted EPS": 0.47,
        "Basic EPS": 0.47,
        "Diluted NI Availto Com Stockholders": 3836000.0,
        "Net Income Common Stockholders": 3836000.0,
        "Net Income": 3836000.0,
        "Net Income Including Noncontrolling Interests": 3836000.0,
        "Net Income Continuous Operations": 3836000.0,
        "Tax Provision": 703000.0,
        "Pretax Income": 4539000.0,
        "Special Income Charges": -22000.0,
        "Write Off": 0.0,
        "Restructuring And Mergern Acquisition": 22000.0,
        "Gain On Sale Of Security": 48000.0,
        "Depreciation Amortization Depletion Income Statement": 289000.0,
        "Depreciation And Amortization In Income Statement": 289000.0,
        "Amortization": 289000.0,
        "Amortization Of Intangibles Income Statement": 289000.0,
        "Selling General And Administration": 6615000.0,
        "Selling And Marketing Expense": 414000.0,
        "General And Administrative Expense": 6201000.0,
        "Insurance And Claims": 207000.0,
        "Salaries And Wages": 5994000.0,
        "Total Revenue": 17784000.0,
        "Operating Revenue": 17784000.0,
        "Occupancy And Equipment": 996000.0,
        "Professional Expense And Contract Services Expense": 545000.0,
        "Other Non Interest Expense": 3651000.0
    },
    "2023-12-31": {
        "Tax Effect Of Unusual Items": -28846.895579,
        "Tax Rate For Calcs": 0.166745,
        "Total Unusual Items": -173000.0,
        "Total Unusual Items Excluding Goodwill": -173000.0,
        "Net Income From Continuing Operation Net Minority Interest": 3543000.0,
        "Reconciled Depreciation": -946000.0,
        "Net Interest Income": 15230000.0,
        "Interest Expense": 8714000.0,
        "Interest Income": 23944000.0,
        "Normalized Income": 3687153.104421,
        "Net Income From Continuing And Discontinued Operation": 3543000.0,
        "Diluted Average Shares": 8116609.0,
        "Basic Average Shares": 8093478.0,
        "Diluted EPS": 0.44,
        "Basic EPS": 0.44,
        "Diluted NI Availto Com Stockholders": 3543000.0,
        "Net Income Common Stockholders": 3543000.0,
        "Net Income": 3543000.0,
        "Net Income Including Noncontrolling Interests": 3543000.0,
        "Net Income Continuous Operations": 3543000.0,
        "Tax Provision": 709000.0,
        "Pretax Income": 4252000.0,
        "Special Income Charges": -1000.0,
        "Write Off": 0.0,
        "Restructuring And Mergern Acquisition": 1000.0,
        "Gain On Sale Of Security": -4000.0,
        "Depreciation Amortization Depletion Income Statement": 287000.0,
        "Depreciation And Amortization In Income Statement": 287000.0,
        "Amortization": 287000.0,
        "Amortization Of Intangibles Income Statement": 287000.0,
        "Selling General And Administration": 7093000.0,
        "Selling And Marketing Expense": 162000.0,
        "General And Administrative Expense": 6931000.0,
        "Insurance And Claims": 285000.0,
        "Salaries And Wages": 6646000.0,
        "Total Revenue": 16978000.0,
        "Operating Revenue": 16978000.0,
        "Occupancy And Equipment": 784000.0,
        "Professional Expense And Contract Services Expense": 660000.0,
        "Other Non Interest Expense": 3348000.0
    },
    "2024-03-31": {
        "Tax Effect Of Unusual Items": 0.0,
        "Tax Rate For Calcs": 0.1558,
        "Total Unusual Items": 0.0,
        "Total Unusual Items Excluding Goodwill": 0.0,
        "Net Income From Continuing Operation Net Minority Interest": 4167000.0,
        "Reconciled Depreciation": 377000.0,
        "Net Interest Income": 14780000.0,
        "Interest Expense": 9643000.0,
        "Interest Income": 24423000.0,
        "Normalized Income": 4167000.0,
        "Net Income From Continuing And Discontinued Operation": 4167000.0,
        "Diluted Average Shares": 8096317.0,
        "Basic Average Shares": 8091203.0,
        "Diluted EPS": 0.51,
        "Basic EPS": 0.52,
        "Diluted NI Availto Com Stockholders": 4167000.0,
        "Net Income Common Stockholders": 4167000.0,
        "Net Income": 4167000.0,
        "Net Income Including Noncontrolling Interests": 4167000.0,
        "Net Income Continuous Operations": 4167000.0,
        "Tax Provision": 769000.0,
        "Pretax Income": 4936000.0,
        "Special Income Charges": 0.0,
        "Write Off": NaN,
        "Restructuring And Mergern Acquisition": 0.0,
        "Gain On Sale Of Security": -52000.0,
        "Depreciation Amortization Depletion Income Statement": 280000.0,
        "Depreciation And Amortization In Income Statement": 280000.0,
        "Amortization": 280000.0,
        "Amortization Of Intangibles Income Statement": 280000.0,
        "Selling General And Administration": 7003000.0,
        "Selling And Marketing Expense": 419000.0,
        "General And Administrative Expense": 6584000.0,
        "Insurance And Claims": 251000.0,
        "Salaries And Wages": 6333000.0,
        "Total Revenue": 16765000.0,
        "Operating Revenue": 16765000.0,
        "Occupancy And Equipment": 792000.0,
        "Professional Expense And Contract Services Expense": 558000.0,
        "Other Non Interest Expense": 3332000.0
    },
    "2024-06-30": {
        "Tax Effect Of Unusual Items": 0.0,
        "Tax Rate For Calcs": 0.142,
        "Total Unusual Items": 0.0,
        "Total Unusual Items Excluding Goodwill": 0.0,
        "Net Income From Continuing Operation Net Minority Interest": 4164000.0,
        "Reconciled Depreciation": 72000.0,
        "Net Interest Income": 14885000.0,
        "Interest Expense": 10516000.0,
        "Interest Income": 25401000.0,
        "Normalized Income": 4164000.0,
        "Net Income From Continuing And Discontinued Operation": 4164000.0,
        "Diluted Average Shares": 8072499.0,
        "Basic Average Shares": 8067144.0,
        "Diluted EPS": 0.52,
        "Basic EPS": 0.52,
        "Diluted NI Availto Com Stockholders": 4164000.0,
        "Net Income Common Stockholders": 4164000.0,
        "Net Income": 4164000.0,
        "Net Income Including Noncontrolling Interests": 4164000.0,
        "Net Income Continuous Operations": 4164000.0,
        "Tax Provision": 690000.0,
        "Pretax Income": 4854000.0,
        "Special Income Charges": 0.0,
        "Write Off": NaN,
        "Restructuring And Mergern Acquisition": 0.0,
        "Gain On Sale Of Security": -27000.0,
        "Depreciation Amortization Depletion Income Statement": 279000.0,
        "Depreciation And Amortization In Income Statement": 279000.0,
        "Amortization": 279000.0,
        "Amortization Of Intangibles Income Statement": 279000.0,
        "Selling General And Administration": 6875000.0,
        "Selling And Marketing Expense": 508000.0,
        "General And Administrative Expense": 6367000.0,
        "Insurance And Claims": 256000.0,
        "Salaries And Wages": 6111000.0,
        "Total Revenue": 16843000.0,
        "Operating Revenue": 16843000.0,
        "Occupancy And Equipment": 862000.0,
        "Professional Expense And Contract Services Expense": 557000.0,
        "Other Non Interest Expense": 3329000.0
    }
}