{
    "2023-03-31": {
        "Tax Effect Of Unusual Items": NaN,
        "Tax Rate For Calcs": NaN,
        "Total Unusual Items": 0.0,
        "Total Unusual Items Excluding Goodwill": 0.0,
        "Net Income From Continuing Operation Net Minority Interest": NaN,
        "EBIT": NaN,
        "Net Interest Income": NaN,
        "Interest Expense": NaN,
        "Normalized Income": NaN,
        "Net Income From Continuing And Discontinued Operation": NaN,
        "Total Expenses": NaN,
        "Diluted Average Shares": 49945917.0,
        "Basic Average Shares": 49945917.0,
        "Diluted EPS": -1.86,
        "Basic EPS": -1.86,
        "Diluted NI Availto Com Stockholders": NaN,
        "Net Income Common Stockholders": NaN,
        "Net Income": NaN,
        "Minority Interests": NaN,
        "Net Income Including Noncontrolling Interests": NaN,
        "Net Income Discontinuous Operations": NaN,
        "Net Income Continuous Operations": NaN,
        "Tax Provision": NaN,
        "Pretax Income": NaN,
        "Special Income Charges": 0.0,
        "Other Special Charges": NaN,
        "Net Non Operating Interest Income Expense": NaN,
        "Interest Expense Non Operating": NaN,
        "Other Operating Expenses": NaN,
        "Total Revenue": NaN,
        "Operating Revenue": NaN,
        "Loss Adjustment Expense": NaN,
        "Net Policyholder Benefits And Claims": NaN
    },
    "2022-12-31": {
        "Tax Effect Of Unusual Items": NaN,
        "Tax Rate For Calcs": NaN,
        "Total Unusual Items": NaN,
        "Total Unusual Items Excluding Goodwill": NaN,
        "Net Income From Continuing Operation Net Minority Interest": NaN,
        "EBIT": NaN,
        "Net Interest Income": NaN,
        "Interest Expense": NaN,
        "Normalized Income": NaN,
        "Net Income From Continuing And Discontinued Operation": NaN,
        "Total Expenses": NaN,
        "Diluted Average Shares": NaN,
        "Basic Average Shares": NaN,
        "Diluted EPS": NaN,
        "Basic EPS": NaN,
        "Diluted NI Availto Com Stockholders": NaN,
        "Net Income Common Stockholders": NaN,
        "Net Income": NaN,
        "Minority Interests": NaN,
        "Net Income Including Noncontrolling Interests": NaN,
        "Net Income Discontinuous Operations": NaN,
        "Net Income Continuous Operations": NaN,
        "Tax Provision": NaN,
        "Pretax Income": NaN,
        "Special Income Charges": NaN,
        "Other Special Charges": 0.0,
        "Net Non Operating Interest Income Expense": NaN,
        "Interest Expense Non Operating": NaN,
        "Other Operating Expenses": NaN,
        "Total Revenue": NaN,
        "Operating Revenue": NaN,
        "Loss Adjustment Expense": NaN,
        "Net Policyholder Benefits And Claims": NaN
    },
    "2022-09-30": {
        "Tax Effect Of Unusual Items": NaN,
        "Tax Rate For Calcs": NaN,
        "Total Unusual Items": NaN,
        "Total Unusual Items Excluding Goodwill": NaN,
        "Net Income From Continuing Operation Net Minority Interest": NaN,
        "EBIT": NaN,
        "Net Interest Income": NaN,
        "Interest Expense": NaN,
        "Normalized Income": NaN,
        "Net Income From Continuing And Discontinued Operation": NaN,
        "Total Expenses": NaN,
        "Diluted Average Shares": NaN,
        "Basic Average Shares": NaN,
        "Diluted EPS": NaN,
        "Basic EPS": NaN,
        "Diluted NI Availto Com Stockholders": NaN,
        "Net Income Common Stockholders": NaN,
        "Net Income": NaN,
        "Minority Interests": 0.0,
        "Net Income Including Noncontrolling Interests": NaN,
        "Net Income Discontinuous Operations": NaN,
        "Net Income Continuous Operations": NaN,
        "Tax Provision": NaN,
        "Pretax Income": NaN,
        "Special Income Charges": NaN,
        "Other Special Charges": NaN,
        "Net Non Operating Interest Income Expense": NaN,
        "Interest Expense Non Operating": NaN,
        "Other Operating Expenses": NaN,
        "Total Revenue": NaN,
        "Operating Revenue": NaN
    },
    "2022-06-30": {
        "Tax Effect Of Unusual Items": 0.0,
        "Tax Rate For Calcs": 0.0,
        "Total Unusual Items": 4000000.0,
        "Total Unusual Items Excluding Goodwill": 4000000.0,
        "Net Income From Continuing Operation Net Minority Interest": -36000000.0,
        "EBIT": 7000000.0,
        "Net Interest Income": -43000000.0,
        "Interest Expense": 43000000.0,
        "Normalized Income": -40000000.0,
        "Net Income From Continuing And Discontinued Operation": -36000000.0,
        "Total Expenses": 72000000.0,
        "Diluted Average Shares": 49826695.0,
        "Basic Average Shares": 49826695.0,
        "Diluted EPS": -0.72,
        "Basic EPS": -0.72,
        "Diluted NI Availto Com Stockholders": -36000000.0,
        "Net Income Common Stockholders": -36000000.0,
        "Net Income": -36000000.0,
        "Net Income Including Noncontrolling Interests": -36000000.0,
        "Net Income Discontinuous Operations": NaN,
        "Net Income Continuous Operations": -36000000.0,
        "Tax Provision": 0.0,
        "Pretax Income": -36000000.0,
        "Special Income Charges": 4000000.0,
        "Other Special Charges": -4000000.0,
        "Net Non Operating Interest Income Expense": -43000000.0,
        "Interest Expense Non Operating": 43000000.0,
        "Other Operating Expenses": 12000000.0,
        "Total Revenue": 36000000.0,
        "Operating Revenue": 36000000.0
    },
    "2023-06-30": {
        "Tax Effect Of Unusual Items": 0.0,
        "Tax Rate For Calcs": 0.0,
        "Total Unusual Items": 1000000.0,
        "Total Unusual Items Excluding Goodwill": 1000000.0,
        "Net Income From Continuing Operation Net Minority Interest": -78000000.0,
        "EBIT": -25000000.0,
        "Net Interest Income": -53000000.0,
        "Interest Expense": 53000000.0,
        "Normalized Income": -78000000.0,
        "Net Income From Continuing And Discontinued Operation": -75000000.0,
        "Total Expenses": 106000000.0,
        "Diluted Average Shares": 49040489.0,
        "Basic Average Shares": 49040489.0,
        "Diluted EPS": -1.46,
        "Basic EPS": -1.46,
        "Diluted NI Availto Com Stockholders": -75000000.0,
        "Net Income Common Stockholders": -75000000.0,
        "Net Income": -75000000.0,
        "Minority Interests": NaN,
        "Net Income Including Noncontrolling Interests": -75000000.0,
        "Net Income Discontinuous Operations": 3000000.0,
        "Net Income Continuous Operations": -78000000.0,
        "Tax Provision": 0.0,
        "Pretax Income": -78000000.0,
        "Special Income Charges": 1000000.0,
        "Other Special Charges": -1000000.0,
        "Net Non Operating Interest Income Expense": -53000000.0,
        "Interest Expense Non Operating": 53000000.0,
        "Other Operating Expenses": 24000000.0,
        "Total Revenue": 28000000.0,
        "Operating Revenue": 28000000.0,
        "Loss Adjustment Expense": 28000000.0,
        "Net Policyholder Benefits And Claims": 28000000.0
    },
    "2022-03-31": {
        "Diluted EPS": -1.48,
        "Total Revenue": 40,
        "Gross Profit": -9,
        "Operating Income": -32,
        "EBIT": -32,
        "Net Income": -73
    },
    "2021-12-31": {
        "Diluted EPS": -3.11,
        "Total Revenue": 27,
        "Gross Profit": -91,
        "Operating Income": -114,
        "EBIT": -114,
        "Net Income": -155
    },
    "2021-09-30": {
        "Diluted EPS": -2.49,
        "Total Revenue": 72,
        "Gross Profit": -53,
        "Operating Income": -78,
        "EBIT": -78,
        "Net Income": -123
    },
    "2021-06-30": {
        "Diluted EPS": -1.23,
        "Total Revenue": 18,
        "Gross Profit": 9,
        "Operating Income": -16,
        "EBIT": -16,
        "Net Income": -61
    },
    "2021-03-31": {
        "Diluted EPS": -2.16,
        "Total Revenue": 72,
        "Gross Profit": -26,
        "Operating Income": -56,
        "EBIT": -56,
        "Net Income": -106
    },
    "2020-12-31": {
        "Diluted EPS": -2.36,
        "Total Revenue": 103,
        "Gross Profit": NaN,
        "Operating Income": -30,
        "EBIT": -30,
        "Net Income": -81
    },
    "2020-09-30": {
        "Diluted EPS": -1.11,
        "Total Revenue": 71,
        "Gross Profit": 23,
        "Operating Income": -1,
        "EBIT": -1,
        "Net Income": -58
    },
    "2020-06-30": {
        "Diluted EPS": -1.69,
        "Total Revenue": 114,
        "Gross Profit": -22,
        "Operating Income": -48,
        "EBIT": -48,
        "Net Income": -106
    },
    "2020-03-31": {
        "Diluted EPS": -4.62,
        "Total Revenue": -6,
        "Gross Profit": -249,
        "Operating Income": -271,
        "EBIT": -271,
        "Net Income": -333
    },
    "2019-12-31": {
        "Diluted EPS": -2.74,
        "Total Revenue": 28,
        "Gross Profit": -125,
        "Operating Income": -154,
        "EBIT": -154,
        "Net Income": -214
    },
    "2019-09-30": {
        "Diluted EPS": 1.0,
        "Total Revenue": 172,
        "Gross Profit": 185,
        "Operating Income": 157,
        "EBIT": 157,
        "Net Income": 83
    },
    "2019-06-30": {
        "Diluted EPS": -2.45,
        "Total Revenue": 30,
        "Gross Profit": -110,
        "Operating Income": -132,
        "EBIT": -132,
        "Net Income": -207
    },
    "2019-03-31": {
        "Diluted EPS": -0.24,
        "Total Revenue": 50,
        "Gross Profit": 88,
        "Operating Income": 55,
        "EBIT": 55,
        "Net Income": -21
    },
    "2018-12-31": {
        "Diluted EPS": -0.08,
        "Total Revenue": -28,
        "Gross Profit": 86,
        "Operating Income": 66,
        "EBIT": 66,
        "Net Income": -7
    },
    "2018-09-30": {
        "Diluted EPS": -0.5,
        "Total Revenue": 105,
        "Gross Profit": 59,
        "Operating Income": 29,
        "EBIT": 29,
        "Net Income": -45
    },
    "2018-06-30": {
        "Diluted EPS": -1.64,
        "Total Revenue": 12,
        "Gross Profit": -47,
        "Operating Income": -73,
        "EBIT": -73,
        "Net Income": -146
    },
    "2018-03-31": {
        "Diluted EPS": -1.12,
        "Total Revenue": 73,
        "Gross Profit": 1,
        "Operating Income": -25,
        "EBIT": -25,
        "Net Income": -98
    },
    "2017-12-31": {
        "Diluted EPS": -1.0,
        "Total Revenue": 251,
        "Gross Profit": 37,
        "Operating Income": 11,
        "EBIT": 11,
        "Net Income": -37
    },
    "2017-09-30": {
        "Diluted EPS": -2.17,
        "Total Revenue": 33,
        "Gross Profit": -172,
        "Operating Income": -204,
        "EBIT": -204,
        "Net Income": -267
    },
    "2017-06-30": {
        "Diluted EPS": -9.78,
        "Total Revenue": 72,
        "Gross Profit": -98,
        "Operating Income": -141,
        "EBIT": -141,
        "Net Income": NaN
    },
    "2017-03-31": {
        "Diluted EPS": -0.55,
        "Total Revenue": 77,
        "Gross Profit": -17,
        "Operating Income": -55,
        "EBIT": -55,
        "Net Income": -72
    },
    "2016-12-31": {
        "Diluted EPS": -1.99,
        "Total Revenue": -59,
        "Gross Profit": -130,
        "Operating Income": -184,
        "EBIT": -184,
        "Net Income": -264
    },
    "2016-09-30": {
        "Diluted EPS": 0.23,
        "Total Revenue": 203,
        "Gross Profit": 153,
        "Operating Income": 108,
        "EBIT": 108,
        "Net Income": 31
    },
    "2016-06-30": {
        "Diluted EPS": -0.2,
        "Total Revenue": 118,
        "Gross Profit": 41,
        "Operating Income": -2,
        "EBIT": -2,
        "Net Income": -27
    },
    "2016-03-31": {
        "Diluted EPS": -0.58,
        "Total Revenue": 32,
        "Gross Profit": 10,
        "Operating Income": -39,
        "EBIT": -39,
        "Net Income": -78
    },
    "2015-12-31": {
        "Diluted EPS": 0.56,
        "Total Revenue": 297,
        "Gross Profit": 253,
        "Operating Income": 199,
        "EBIT": 199,
        "Net Income": 86
    },
    "2015-09-30": {
        "Diluted EPS": -0.23,
        "Total Revenue": 92,
        "Gross Profit": 53,
        "Operating Income": 4,
        "EBIT": 4,
        "Net Income": -35
    },
    "2015-06-30": {
        "Diluted EPS": 0.36,
        "Total Revenue": 245,
        "Gross Profit": 199,
        "Operating Income": 151,
        "EBIT": 151,
        "Net Income": 62
    },
    "2015-03-31": {
        "Diluted EPS": 0.37,
        "Total Revenue": 219,
        "Gross Profit": 225,
        "Operating Income": 173,
        "EBIT": 173,
        "Net Income": 67
    },
    "2014-12-31": {
        "Diluted EPS": 0.19,
        "Total Revenue": 215,
        "Gross Profit": 164,
        "Operating Income": 95,
        "EBIT": 95,
        "Net Income": 29
    },
    "2014-09-30": {
        "Diluted EPS": 0.8,
        "Total Revenue": 291,
        "Gross Profit": 271,
        "Operating Income": 210,
        "EBIT": 210,
        "Net Income": 173
    },
    "2014-06-30": {
        "Diluted EPS": 0.45,
        "Total Revenue": 187,
        "Gross Profit": 175,
        "Operating Income": 117,
        "EBIT": 117,
        "Net Income": 116
    },
    "2014-03-31": {
        "Diluted EPS": 1.32,
        "Total Revenue": 577,
        "Gross Profit": 527,
        "Operating Income": 468,
        "EBIT": 468,
        "Net Income": 251
    },
    "2013-12-31": {
        "Diluted EPS": 0.87,
        "Total Revenue": 458,
        "Gross Profit": 433,
        "Operating Income": 362,
        "EBIT": 362,
        "Net Income": 140
    },
    "2013-09-30": {
        "Diluted EPS": 0.52,
        "Total Revenue": 420,
        "Gross Profit": 322,
        "Operating Income": 240,
        "EBIT": 240,
        "Net Income": 129
    },
    "2013-06-30": {
        "Diluted EPS": -0.94,
        "Total Revenue": 112,
        "Gross Profit": -76,
        "Operating Income": -192,
        "EBIT": -192,
        "Net Income": -178
    },
    "2013-03-31": {
        "Diluted EPS": 0.84,
        "Total Revenue": 219,
        "Gross Profit": 413,
        "Operating Income": 287,
        "EBIT": 287,
        "Net Income": 159
    },
    "2012-12-31": {
        "Diluted EPS": 3.26,
        "Total Revenue": 732,
        "Gross Profit": NaN,
        "Operating Income": 922,
        "EBIT": 922,
        "Net Income": 604
    },
    "2012-09-30": {
        "Diluted EPS": 0.04,
        "Total Revenue": 281,
        "Gross Profit": 110,
        "Operating Income": 25,
        "EBIT": 25,
        "Net Income": 7
    },
    "2012-06-30": {
        "Diluted EPS": 2.98,
        "Total Revenue": NaN,
        "Gross Profit": 977,
        "Operating Income": 881,
        "EBIT": 881,
        "Net Income": 581
    },
    "2012-03-31": {
        "Diluted EPS": 0.05,
        "Total Revenue": 383,
        "Gross Profit": 286,
        "Operating Income": 109,
        "EBIT": 109,
        "Net Income": 10
    },
    "2011-12-31": {
        "Diluted EPS": -3.42,
        "Total Revenue": NaN,
        "Gross Profit": -884,
        "Operating Income": -982,
        "EBIT": -982,
        "Net Income": -626
    },
    "2011-09-30": {
        "Diluted EPS": 2.26,
        "Total Revenue": NaN,
        "Gross Profit": 930,
        "Operating Income": 835,
        "EBIT": 835,
        "Net Income": 444
    },
    "2011-06-30": {
        "Diluted EPS": 0.68,
        "Total Revenue": 98,
        "Gross Profit": 48,
        "Operating Income": -57,
        "EBIT": -57,
        "Net Income": 137
    },
    "2011-03-31": {
        "Diluted EPS": -6.37,
        "Total Revenue": NaN,
        "Gross Profit": NaN,
        "Operating Income": NaN,
        "EBIT": NaN,
        "Net Income": NaN
    },
    "2010-12-31": {
        "Diluted EPS": 2.22,
        "Total Revenue": 864,
        "Gross Profit": 754,
        "Operating Income": 646,
        "EBIT": 646,
        "Net Income": 451
    },
    "2010-09-30": {
        "Diluted EPS": -1.06,
        "Total Revenue": -191,
        "Gross Profit": -171,
        "Operating Income": -259,
        "EBIT": -272,
        "Net Income": -213
    },
    "2010-06-30": {
        "Diluted EPS": 6.32,
        "Total Revenue": NaN,
        "Gross Profit": NaN,
        "Operating Income": NaN,
        "EBIT": NaN,
        "Net Income": NaN
    },
    "2010-03-31": {
        "Diluted EPS": -7.22,
        "Total Revenue": NaN,
        "Gross Profit": NaN,
        "Operating Income": NaN,
        "EBIT": NaN,
        "Net Income": NaN
    },
    "2009-12-31": {
        "Diluted EPS": -1.15,
        "Total Revenue": 653,
        "Gross Profit": -8,
        "Operating Income": -90,
        "EBIT": -96,
        "Net Income": -241
    },
    "2009-09-30": {
        "Diluted EPS": -3.5,
        "Total Revenue": -620,
        "Gross Profit": -859,
        "Operating Income": -956,
        "EBIT": -970,
        "Net Income": -728
    },
    "2009-06-30": {
        "Diluted EPS": 4.3,
        "Total Revenue": 992,
        "Gross Profit": NaN,
        "Operating Income": NaN,
        "EBIT": NaN,
        "Net Income": 895
    },
    "2009-03-31": {
        "Diluted EPS": 3.34,
        "Total Revenue": NaN,
        "Gross Profit": NaN,
        "Operating Income": NaN,
        "EBIT": NaN,
        "Net Income": 697
    },
    "2023-09-30": {
        "Tax Effect Of Unusual Items": 0.0,
        "Tax Rate For Calcs": 0.0,
        "Total Unusual Items": 0.0,
        "Total Unusual Items Excluding Goodwill": 0.0,
        "Net Income From Continuing Operation Net Minority Interest": -184000000.0,
        "EBIT": -132000000.0,
        "Net Interest Income": -53000000.0,
        "Interest Expense": 53000000.0,
        "Normalized Income": -184000000.0,
        "Net Income From Continuing And Discontinued Operation": -185000000.0,
        "Total Expenses": 193000000.0,
        "Diluted Average Shares": 47009765.0,
        "Basic Average Shares": 47009765.0,
        "Diluted EPS": -3.94,
        "Basic EPS": -3.94,
        "Diluted NI Availto Com Stockholders": -185000000.0,
        "Net Income Common Stockholders": -185000000.0,
        "Net Income": -185000000.0,
        "Minority Interests": 1000000.0,
        "Net Income Including Noncontrolling Interests": -186000000.0,
        "Net Income Discontinuous Operations": -1000000.0,
        "Net Income Continuous Operations": -185000000.0,
        "Tax Provision": 0.0,
        "Pretax Income": -185000000.0,
        "Special Income Charges": 0.0,
        "Other Special Charges": NaN,
        "Net Non Operating Interest Income Expense": -53000000.0,
        "Interest Expense Non Operating": 53000000.0,
        "Other Operating Expenses": 16000000.0,
        "Total Revenue": 8000000.0,
        "Operating Revenue": 8000000.0,
        "Loss Adjustment Expense": 123000000.0,
        "Net Policyholder Benefits And Claims": 123000000.0
    },
    "2023-12-31": {
        "Tax Effect Of Unusual Items": 0.0,
        "Tax Rate For Calcs": 0.0,
        "Total Unusual Items": 0.0,
        "Total Unusual Items Excluding Goodwill": 0.0,
        "Net Income From Continuing Operation Net Minority Interest": -133000000.0,
        "EBIT": -84000000.0,
        "Net Interest Income": -54000000.0,
        "Interest Expense": 54000000.0,
        "Normalized Income": -133000000.0,
        "Net Income From Continuing And Discontinued Operation": -134000000.0,
        "Total Expenses": 107000000.0,
        "Diluted Average Shares": NaN,
        "Basic Average Shares": NaN,
        "Diluted EPS": NaN,
        "Basic EPS": NaN,
        "Diluted NI Availto Com Stockholders": -134000000.0,
        "Net Income Common Stockholders": -134000000.0,
        "Net Income": -134000000.0,
        "Minority Interests": NaN,
        "Net Income Including Noncontrolling Interests": -139000000.0,
        "Net Income Discontinuous Operations": -1000000.0,
        "Net Income Continuous Operations": -138000000.0,
        "Tax Provision": 0.0,
        "Pretax Income": -138000000.0,
        "Special Income Charges": 0.0,
        "Other Special Charges": 0.0,
        "Net Non Operating Interest Income Expense": -54000000.0,
        "Interest Expense Non Operating": 54000000.0,
        "Other Operating Expenses": 32000000.0,
        "Total Revenue": -31000000.0,
        "Operating Revenue": -31000000.0,
        "Loss Adjustment Expense": 19000000.0,
        "Net Policyholder Benefits And Claims": 19000000.0
    },
    "2024-03-31": {
        "Tax Effect Of Unusual Items": 0.0,
        "Tax Rate For Calcs": 0.0,
        "Total Unusual Items": 1000000.0,
        "Total Unusual Items Excluding Goodwill": 1000000.0,
        "Net Income From Continuing Operation Net Minority Interest": -87000000.0,
        "EBIT": -35000000.0,
        "Net Interest Income": -52000000.0,
        "Interest Expense": 52000000.0,
        "Normalized Income": -88000000.0,
        "Net Income From Continuing And Discontinued Operation": -86000000.0,
        "Total Expenses": 99000000.0,
        "Diluted Average Shares": 46820922.0,
        "Basic Average Shares": 46820922.0,
        "Diluted EPS": -1.84,
        "Basic EPS": -1.84,
        "Diluted NI Availto Com Stockholders": -86000000.0,
        "Net Income Common Stockholders": -86000000.0,
        "Net Income": -86000000.0,
        "Minority Interests": NaN,
        "Net Income Including Noncontrolling Interests": -86000000.0,
        "Net Income Discontinuous Operations": 1000000.0,
        "Net Income Continuous Operations": -87000000.0,
        "Tax Provision": 0.0,
        "Pretax Income": -87000000.0,
        "Special Income Charges": 1000000.0,
        "Other Special Charges": -1000000.0,
        "Net Non Operating Interest Income Expense": -52000000.0,
        "Interest Expense Non Operating": 52000000.0,
        "Other Operating Expenses": 29000000.0,
        "Total Revenue": 12000000.0,
        "Operating Revenue": 12000000.0,
        "Loss Adjustment Expense": 18000000.0,
        "Net Policyholder Benefits And Claims": 18000000.0
    },
    "2024-06-30": {
        "Tax Effect Of Unusual Items": 0.0,
        "Tax Rate For Calcs": 0.0,
        "Total Unusual Items": NaN,
        "Total Unusual Items Excluding Goodwill": NaN,
        "Net Income From Continuing Operation Net Minority Interest": -253000000.0,
        "EBIT": -200000000.0,
        "Net Interest Income": -53000000.0,
        "Interest Expense": 53000000.0,
        "Normalized Income": -253000000.0,
        "Net Income From Continuing And Discontinued Operation": -255000000.0,
        "Total Expenses": 216000000.0,
        "Diluted Average Shares": 47501248.0,
        "Basic Average Shares": 47501248.0,
        "Diluted EPS": -5.34,
        "Basic EPS": -5.34,
        "Diluted NI Availto Com Stockholders": -255000000.0,
        "Net Income Common Stockholders": -255000000.0,
        "Net Income": -255000000.0,
        "Minority Interests": NaN,
        "Net Income Including Noncontrolling Interests": -255000000.0,
        "Net Income Discontinuous Operations": -2000000.0,
        "Net Income Continuous Operations": -253000000.0,
        "Tax Provision": 0.0,
        "Pretax Income": -253000000.0,
        "Special Income Charges": NaN,
        "Other Special Charges": NaN,
        "Net Non Operating Interest Income Expense": -53000000.0,
        "Interest Expense Non Operating": 53000000.0,
        "Other Operating Expenses": 20000000.0,
        "Total Revenue": -37000000.0,
        "Operating Revenue": -37000000.0,
        "Loss Adjustment Expense": 142000000.0,
        "Net Policyholder Benefits And Claims": 142000000.0
    }
}