{
    "2023-06-30": {
        "Tax Effect Of Unusual Items": 0.0,
        "Tax Rate For Calcs": 0.23,
        "Normalized EBITDA": 93000000.0,
        "Net Income From Continuing Operation Net Minority Interest": -28000000.0,
        "Reconciled Depreciation": 126000000.0,
        "Reconciled Cost Of Revenue": 230000000.0,
        "EBITDA": 93000000.0,
        "EBIT": -33000000.0,
        "Net Interest Income": 15000000.0,
        "Interest Expense": 0.0,
        "Interest Income": 0.0,
        "Normalized Income": -28000000.0,
        "Net Income From Continuing And Discontinued Operation": -28000000.0,
        "Total Expenses": 487000000.0,
        "Total Operating Income As Reported": -33000000.0,
        "Diluted Average Shares": 805000000.0,
        "Basic Average Shares": 805000000.0,
        "Diluted EPS": -0.04,
        "Basic EPS": -0.04,
        "Diluted NI Availto Com Stockholders": -28000000.0,
        "Net Income Common Stockholders": -28000000.0,
        "Net Income": -28000000.0,
        "Net Income Including Noncontrolling Interests": -28000000.0,
        "Net Income Continuous Operations": -28000000.0,
        "Tax Provision": 10000000.0,
        "Pretax Income": -18000000.0,
        "Other Income Expense": NaN,
        "Other Non Operating Income Expenses": NaN,
        "Net Non Operating Interest Income Expense": 15000000.0,
        "Total Other Finance Cost": -15000000.0,
        "Interest Expense Non Operating": 0.0,
        "Interest Income Non Operating": 0.0,
        "Operating Income": -33000000.0,
        "Operating Expense": 257000000.0,
        "Research And Development": 211000000.0,
        "Selling General And Administration": 46000000.0,
        "Selling And Marketing Expense": 29000000.0,
        "General And Administrative Expense": 17000000.0,
        "Other Gand A": 17000000.0,
        "Gross Profit": 224000000.0,
        "Cost Of Revenue": 230000000.0,
        "Total Revenue": 454000000.0,
        "Operating Revenue": 454000000.0
    },
    "2023-03-31": {
        "Tax Effect Of Unusual Items": NaN,
        "Tax Rate For Calcs": NaN,
        "Normalized EBITDA": NaN,
        "Net Income From Continuing Operation Net Minority Interest": NaN,
        "Reconciled Depreciation": NaN,
        "Reconciled Cost Of Revenue": NaN,
        "EBITDA": NaN,
        "EBIT": NaN,
        "Net Interest Income": NaN,
        "Interest Expense": NaN,
        "Interest Income": 0.0,
        "Normalized Income": NaN,
        "Net Income From Continuing And Discontinued Operation": NaN,
        "Total Expenses": NaN,
        "Total Operating Income As Reported": NaN,
        "Diluted Average Shares": NaN,
        "Basic Average Shares": NaN,
        "Diluted EPS": NaN,
        "Basic EPS": NaN,
        "Diluted NI Availto Com Stockholders": NaN,
        "Net Income Common Stockholders": NaN,
        "Net Income": NaN,
        "Net Income Including Noncontrolling Interests": NaN,
        "Net Income Continuous Operations": NaN,
        "Tax Provision": NaN,
        "Pretax Income": NaN,
        "Other Income Expense": NaN,
        "Other Non Operating Income Expenses": NaN,
        "Net Non Operating Interest Income Expense": NaN,
        "Total Other Finance Cost": NaN,
        "Interest Expense Non Operating": NaN,
        "Interest Income Non Operating": 0.0,
        "Operating Income": NaN,
        "Operating Expense": NaN,
        "Research And Development": NaN,
        "Selling General And Administration": NaN,
        "Selling And Marketing Expense": NaN,
        "General And Administrative Expense": NaN,
        "Other Gand A": NaN,
        "Gross Profit": NaN,
        "Cost Of Revenue": NaN,
        "Total Revenue": NaN,
        "Operating Revenue": NaN
    },
    "2022-12-31": {
        "Tax Effect Of Unusual Items": NaN,
        "Tax Rate For Calcs": NaN,
        "Normalized EBITDA": NaN,
        "Net Income From Continuing Operation Net Minority Interest": NaN,
        "Reconciled Depreciation": NaN,
        "Reconciled Cost Of Revenue": NaN,
        "EBITDA": NaN,
        "EBIT": NaN,
        "Net Interest Income": NaN,
        "Interest Expense": 4000000.0,
        "Interest Income": 9000000.0,
        "Normalized Income": NaN,
        "Net Income From Continuing And Discontinued Operation": NaN,
        "Total Expenses": NaN,
        "Total Operating Income As Reported": NaN,
        "Diluted Average Shares": NaN,
        "Basic Average Shares": NaN,
        "Diluted EPS": NaN,
        "Basic EPS": NaN,
        "Diluted NI Availto Com Stockholders": NaN,
        "Net Income Common Stockholders": NaN,
        "Net Income": NaN,
        "Net Income Including Noncontrolling Interests": NaN,
        "Net Income Continuous Operations": NaN,
        "Tax Provision": NaN,
        "Pretax Income": NaN,
        "Other Income Expense": 5000000.0,
        "Other Non Operating Income Expenses": 5000000.0,
        "Net Non Operating Interest Income Expense": NaN,
        "Total Other Finance Cost": NaN,
        "Interest Expense Non Operating": 4000000.0,
        "Interest Income Non Operating": 9000000.0,
        "Operating Income": NaN,
        "Operating Expense": NaN,
        "Research And Development": NaN,
        "Selling General And Administration": NaN,
        "Selling And Marketing Expense": NaN,
        "General And Administrative Expense": NaN,
        "Other Gand A": NaN,
        "Gross Profit": NaN,
        "Cost Of Revenue": NaN,
        "Total Revenue": NaN,
        "Operating Revenue": NaN
    },
    "2022-09-30": {
        "Tax Effect Of Unusual Items": NaN,
        "Tax Rate For Calcs": NaN,
        "Normalized EBITDA": NaN,
        "Net Income From Continuing Operation Net Minority Interest": NaN,
        "Reconciled Depreciation": NaN,
        "Reconciled Cost Of Revenue": NaN,
        "EBITDA": NaN,
        "EBIT": NaN,
        "Net Interest Income": NaN,
        "Interest Expense": 11000000.0,
        "Interest Income": NaN,
        "Normalized Income": NaN,
        "Net Income From Continuing And Discontinued Operation": NaN,
        "Total Expenses": NaN,
        "Total Operating Income As Reported": NaN,
        "Diluted Average Shares": NaN,
        "Basic Average Shares": NaN,
        "Diluted EPS": NaN,
        "Basic EPS": NaN,
        "Diluted NI Availto Com Stockholders": NaN,
        "Net Income Common Stockholders": NaN,
        "Net Income": NaN,
        "Net Income Including Noncontrolling Interests": NaN,
        "Net Income Continuous Operations": NaN,
        "Tax Provision": NaN,
        "Pretax Income": NaN,
        "Other Income Expense": 1000000.0,
        "Other Non Operating Income Expenses": 1000000.0,
        "Net Non Operating Interest Income Expense": NaN,
        "Total Other Finance Cost": NaN,
        "Interest Expense Non Operating": 11000000.0,
        "Interest Income Non Operating": NaN,
        "Operating Income": NaN,
        "Operating Expense": NaN,
        "Research And Development": NaN,
        "Selling General And Administration": NaN,
        "Selling And Marketing Expense": NaN,
        "General And Administrative Expense": NaN,
        "Other Gand A": NaN,
        "Gross Profit": NaN,
        "Cost Of Revenue": NaN,
        "Total Revenue": NaN,
        "Operating Revenue": NaN
    },
    "2022-06-30": {
        "Tax Effect Of Unusual Items": 0.0,
        "Tax Rate For Calcs": 0.4,
        "Normalized EBITDA": 157000000.0,
        "Net Income From Continuing Operation Net Minority Interest": -7000000.0,
        "Reconciled Depreciation": 138000000.0,
        "Reconciled Cost Of Revenue": 231000000.0,
        "EBITDA": 157000000.0,
        "EBIT": 19000000.0,
        "Net Interest Income": -7000000.0,
        "Interest Expense": NaN,
        "Interest Income": 3000000.0,
        "Normalized Income": -7000000.0,
        "Net Income From Continuing And Discontinued Operation": -7000000.0,
        "Total Expenses": 450000000.0,
        "Total Operating Income As Reported": 10000000.0,
        "Diluted Average Shares": 795761905.0,
        "Basic Average Shares": 795761905.0,
        "Diluted EPS": -0.008797,
        "Basic EPS": -0.008797,
        "Diluted NI Availto Com Stockholders": -7000000.0,
        "Net Income Common Stockholders": -7000000.0,
        "Net Income": -7000000.0,
        "Net Income Including Noncontrolling Interests": -7000000.0,
        "Net Income Continuous Operations": -7000000.0,
        "Tax Provision": 15000000.0,
        "Pretax Income": 8000000.0,
        "Other Income Expense": NaN,
        "Other Non Operating Income Expenses": NaN,
        "Net Non Operating Interest Income Expense": -7000000.0,
        "Total Other Finance Cost": NaN,
        "Interest Expense Non Operating": NaN,
        "Interest Income Non Operating": 3000000.0,
        "Operating Income": 10000000.0,
        "Operating Expense": 219000000.0,
        "Research And Development": 179000000.0,
        "Selling General And Administration": 40000000.0,
        "Selling And Marketing Expense": 29000000.0,
        "General And Administrative Expense": 11000000.0,
        "Other Gand A": 11000000.0,
        "Gross Profit": 229000000.0,
        "Cost Of Revenue": 231000000.0,
        "Total Revenue": 460000000.0,
        "Operating Revenue": 460000000.0
    },
    "2022-03-31": {
        "Diluted EPS": -0.08,
        "Total Revenue": 394,
        "Gross Profit": 176,
        "Operating Income": -46,
        "EBIT": 108,
        "Net Income": -60
    },
    "2021-12-31": {
        "Diluted EPS": 0.0,
        "Total Revenue": NaN,
        "Gross Profit": NaN,
        "Operating Income": NaN,
        "EBIT": NaN,
        "Net Income": NaN
    },
    "2021-09-30": {
        "Diluted EPS": -0.03,
        "Total Revenue": 326,
        "Gross Profit": 153,
        "Operating Income": -20,
        "EBIT": -20,
        "Net Income": -26
    },
    "2023-09-30": {
        "Tax Effect Of Unusual Items": 0.0,
        "Tax Rate For Calcs": 0.26087,
        "Normalized EBITDA": 143000000.0,
        "Net Income From Continuing Operation Net Minority Interest": 17000000.0,
        "Reconciled Depreciation": 120000000.0,
        "Reconciled Cost Of Revenue": 258000000.0,
        "EBITDA": 143000000.0,
        "EBIT": 23000000.0,
        "Net Interest Income": 15000000.0,
        "Interest Expense": 0.0,
        "Interest Income": 0.0,
        "Normalized Income": 17000000.0,
        "Net Income From Continuing And Discontinued Operation": 17000000.0,
        "Total Expenses": 522000000.0,
        "Total Operating Income As Reported": 8000000.0,
        "Diluted Average Shares": 810000000.0,
        "Basic Average Shares": 806000000.0,
        "Diluted EPS": 0.02,
        "Basic EPS": 0.02,
        "Diluted NI Availto Com Stockholders": 17000000.0,
        "Net Income Common Stockholders": 17000000.0,
        "Net Income": 17000000.0,
        "Net Income Including Noncontrolling Interests": 17000000.0,
        "Net Income Continuous Operations": 17000000.0,
        "Tax Provision": 6000000.0,
        "Pretax Income": 23000000.0,
        "Other Income Expense": NaN,
        "Other Non Operating Income Expenses": NaN,
        "Net Non Operating Interest Income Expense": 15000000.0,
        "Total Other Finance Cost": -15000000.0,
        "Interest Expense Non Operating": 0.0,
        "Interest Income Non Operating": 0.0,
        "Operating Income": 8000000.0,
        "Operating Expense": 264000000.0,
        "Research And Development": 218000000.0,
        "Selling General And Administration": 46000000.0,
        "Selling And Marketing Expense": 28000000.0,
        "General And Administrative Expense": 18000000.0,
        "Other Gand A": 18000000.0,
        "Gross Profit": 272000000.0,
        "Cost Of Revenue": 258000000.0,
        "Total Revenue": 530000000.0,
        "Operating Revenue": 530000000.0
    },
    "2023-12-31": {
        "Tax Effect Of Unusual Items": 0.0,
        "Tax Rate For Calcs": 0.25,
        "Normalized EBITDA": 211000000.0,
        "Net Income From Continuing Operation Net Minority Interest": 63000000.0,
        "Reconciled Depreciation": 127000000.0,
        "Reconciled Cost Of Revenue": 293000000.0,
        "EBITDA": 211000000.0,
        "EBIT": 84000000.0,
        "Net Interest Income": 11000000.0,
        "Interest Expense": 0.0,
        "Interest Income": 0.0,
        "Normalized Income": 63000000.0,
        "Net Income From Continuing And Discontinued Operation": 63000000.0,
        "Total Expenses": 564000000.0,
        "Total Operating Income As Reported": 73000000.0,
        "Diluted Average Shares": 812000000.0,
        "Basic Average Shares": 806000000.0,
        "Diluted EPS": 0.08,
        "Basic EPS": 0.08,
        "Diluted NI Availto Com Stockholders": 63000000.0,
        "Net Income Common Stockholders": 63000000.0,
        "Net Income": 63000000.0,
        "Net Income Including Noncontrolling Interests": 63000000.0,
        "Net Income Continuous Operations": 63000000.0,
        "Tax Provision": 21000000.0,
        "Pretax Income": 84000000.0,
        "Other Income Expense": NaN,
        "Other Non Operating Income Expenses": NaN,
        "Net Non Operating Interest Income Expense": 11000000.0,
        "Total Other Finance Cost": -11000000.0,
        "Interest Expense Non Operating": 0.0,
        "Interest Income Non Operating": 0.0,
        "Operating Income": 73000000.0,
        "Operating Expense": 271000000.0,
        "Research And Development": 225000000.0,
        "Selling General And Administration": 46000000.0,
        "Selling And Marketing Expense": 28000000.0,
        "General And Administrative Expense": 18000000.0,
        "Other Gand A": 18000000.0,
        "Gross Profit": 344000000.0,
        "Cost Of Revenue": 293000000.0,
        "Total Revenue": 637000000.0,
        "Operating Revenue": 637000000.0
    },
    "2024-03-31": {
        "Tax Effect Of Unusual Items": 0.0,
        "Tax Rate For Calcs": 0.013575,
        "Normalized EBITDA": -113000000.0,
        "Net Income From Continuing Operation Net Minority Interest": -218000000.0,
        "Reconciled Depreciation": 125000000.0,
        "Reconciled Cost Of Revenue": 185000000.0,
        "EBITDA": -113000000.0,
        "EBIT": -238000000.0,
        "Net Interest Income": 17000000.0,
        "Interest Expense": NaN,
        "Interest Income": NaN,
        "Normalized Income": -218000000.0,
        "Net Income From Continuing And Discontinued Operation": -218000000.0,
        "Total Expenses": 477000000.0,
        "Total Operating Income As Reported": -238000000.0,
        "Diluted Average Shares": 806000000.0,
        "Basic Average Shares": 806000000.0,
        "Diluted EPS": -0.27,
        "Basic EPS": -0.27,
        "Diluted NI Availto Com Stockholders": -218000000.0,
        "Net Income Common Stockholders": -218000000.0,
        "Net Income": -218000000.0,
        "Net Income Including Noncontrolling Interests": -218000000.0,
        "Net Income Continuous Operations": -218000000.0,
        "Tax Provision": -3000000.0,
        "Pretax Income": -221000000.0,
        "Other Income Expense": NaN,
        "Other Non Operating Income Expenses": NaN,
        "Net Non Operating Interest Income Expense": 17000000.0,
        "Total Other Finance Cost": -17000000.0,
        "Interest Expense Non Operating": NaN,
        "Interest Income Non Operating": NaN,
        "Operating Income": -238000000.0,
        "Operating Expense": 292000000.0,
        "Research And Development": 243000000.0,
        "Selling General And Administration": 49000000.0,
        "Selling And Marketing Expense": 34000000.0,
        "General And Administrative Expense": 15000000.0,
        "Other Gand A": 15000000.0,
        "Gross Profit": 54000000.0,
        "Cost Of Revenue": 185000000.0,
        "Total Revenue": 239000000.0,
        "Operating Revenue": 239000000.0
    },
    "2024-06-30": {
        "Tax Effect Of Unusual Items": 0.0,
        "Tax Rate For Calcs": 0.23,
        "Normalized EBITDA": 33000000.0,
        "Net Income From Continuing Operation Net Minority Interest": -86000000.0,
        "Reconciled Depreciation": 127000000.0,
        "Reconciled Cost Of Revenue": 230000000.0,
        "EBITDA": 33000000.0,
        "EBIT": -94000000.0,
        "Net Interest Income": 13000000.0,
        "Interest Expense": NaN,
        "Interest Income": NaN,
        "Normalized Income": -86000000.0,
        "Net Income From Continuing And Discontinued Operation": -86000000.0,
        "Total Expenses": 533000000.0,
        "Total Operating Income As Reported": -94000000.0,
        "Diluted Average Shares": 806000000.0,
        "Basic Average Shares": 806000000.0,
        "Diluted EPS": -0.11,
        "Basic EPS": -0.11,
        "Diluted NI Availto Com Stockholders": -86000000.0,
        "Net Income Common Stockholders": -86000000.0,
        "Net Income": -86000000.0,
        "Net Income Including Noncontrolling Interests": -86000000.0,
        "Net Income Continuous Operations": -86000000.0,
        "Tax Provision": 5000000.0,
        "Pretax Income": -81000000.0,
        "Other Income Expense": NaN,
        "Other Non Operating Income Expenses": NaN,
        "Net Non Operating Interest Income Expense": 13000000.0,
        "Total Other Finance Cost": -13000000.0,
        "Interest Expense Non Operating": NaN,
        "Interest Income Non Operating": NaN,
        "Operating Income": -94000000.0,
        "Operating Expense": 303000000.0,
        "Research And Development": 256000000.0,
        "Selling General And Administration": 47000000.0,
        "Selling And Marketing Expense": 28000000.0,
        "General And Administrative Expense": 19000000.0,
        "Other Gand A": 19000000.0,
        "Gross Profit": 209000000.0,
        "Cost Of Revenue": 230000000.0,
        "Total Revenue": 439000000.0,
        "Operating Revenue": 439000000.0
    }
}