{
    "2023-03-31": {
        "Tax Effect Of Unusual Items": 0.0,
        "Tax Rate For Calcs": 0.233,
        "Normalized EBITDA": 77516000.0,
        "Total Unusual Items": 0.0,
        "Total Unusual Items Excluding Goodwill": 0.0,
        "Net Income From Continuing Operation Net Minority Interest": 51888000.0,
        "Reconciled Depreciation": 7143000.0,
        "Reconciled Cost Of Revenue": 271082000.0,
        "EBITDA": 77516000.0,
        "EBIT": 70373000.0,
        "Net Interest Income": -649000.0,
        "Interest Expense": 649000.0,
        "Normalized Income": 51888000.0,
        "Net Income From Continuing And Discontinued Operation": 51888000.0,
        "Total Expenses": 304856000.0,
        "Total Operating Income As Reported": 70263000.0,
        "Diluted Average Shares": 20679631.0,
        "Basic Average Shares": 20533649.0,
        "Diluted EPS": 2.51,
        "Basic EPS": 2.53,
        "Diluted NI Availto Com Stockholders": 51888000.0,
        "Net Income Common Stockholders": 51888000.0,
        "Net Income": 51888000.0,
        "Minority Interests": -1564000.0,
        "Net Income Including Noncontrolling Interests": 53452000.0,
        "Net Income Continuous Operations": 53452000.0,
        "Tax Provision": 16272000.0,
        "Pretax Income": 69724000.0,
        "Other Income Expense": 110000.0,
        "Other Non Operating Income Expenses": 110000.0,
        "Special Income Charges": 0.0,
        "Impairment Of Capital Assets": 0.0,
        "Net Non Operating Interest Income Expense": -649000.0,
        "Interest Expense Non Operating": 649000.0,
        "Operating Income": 70263000.0,
        "Operating Expense": 28311000.0,
        "Depreciation Amortization Depletion Income Statement": 1680000.0,
        "Depreciation And Amortization In Income Statement": 1680000.0,
        "Amortization": 1680000.0,
        "Amortization Of Intangibles Income Statement": 1680000.0,
        "Selling General And Administration": 26631000.0,
        "Selling And Marketing Expense": 7176000.0,
        "General And Administrative Expense": 19455000.0,
        "Other Gand A": 19455000.0,
        "Gross Profit": 98574000.0,
        "Cost Of Revenue": 276545000.0,
        "Total Revenue": 375119000.0,
        "Operating Revenue": 375119000.0
    },
    "2022-12-31": {
        "Tax Effect Of Unusual Items": 0.0,
        "Tax Rate For Calcs": 0.235,
        "Normalized EBITDA": 55594000.0,
        "Net Income From Continuing Operation Net Minority Interest": 35162000.0,
        "Reconciled Depreciation": 7103000.0,
        "Reconciled Cost Of Revenue": 257690000.0,
        "EBITDA": 55594000.0,
        "EBIT": 48491000.0,
        "Net Interest Income": -910000.0,
        "Interest Expense": 910000.0,
        "Normalized Income": 35162000.0,
        "Net Income From Continuing And Discontinued Operation": 35162000.0,
        "Total Expenses": 290048000.0,
        "Total Operating Income As Reported": 48684000.0,
        "Diluted Average Shares": 20516025.0,
        "Basic Average Shares": 20404583.0,
        "Diluted EPS": 1.72,
        "Basic EPS": 1.73,
        "Diluted NI Availto Com Stockholders": 35162000.0,
        "Net Income Common Stockholders": 35162000.0,
        "Net Income": 35162000.0,
        "Minority Interests": -1234000.0,
        "Net Income Including Noncontrolling Interests": 36396000.0,
        "Net Income Continuous Operations": 36396000.0,
        "Tax Provision": 11185000.0,
        "Pretax Income": 47581000.0,
        "Other Income Expense": -193000.0,
        "Other Non Operating Income Expenses": -193000.0,
        "Net Non Operating Interest Income Expense": -910000.0,
        "Interest Expense Non Operating": 910000.0,
        "Operating Income": 48684000.0,
        "Operating Expense": 26970000.0,
        "Depreciation Amortization Depletion Income Statement": 1715000.0,
        "Depreciation And Amortization In Income Statement": 1715000.0,
        "Amortization": 1715000.0,
        "Amortization Of Intangibles Income Statement": 1715000.0,
        "Selling General And Administration": 25255000.0,
        "Selling And Marketing Expense": 6198000.0,
        "General And Administrative Expense": 19057000.0,
        "Other Gand A": 19057000.0,
        "Gross Profit": 75654000.0,
        "Cost Of Revenue": 263078000.0,
        "Total Revenue": 338732000.0,
        "Operating Revenue": 338732000.0
    },
    "2022-09-30": {
        "Tax Effect Of Unusual Items": 0.0,
        "Tax Rate For Calcs": 0.234,
        "Normalized EBITDA": 55425000.0,
        "Net Income From Continuing Operation Net Minority Interest": 34883000.0,
        "Reconciled Depreciation": 7012000.0,
        "Reconciled Cost Of Revenue": 222310000.0,
        "EBITDA": 55425000.0,
        "EBIT": 48413000.0,
        "Net Interest Income": -1285000.0,
        "Interest Expense": 1285000.0,
        "Normalized Income": 34883000.0,
        "Net Income From Continuing And Discontinued Operation": 34883000.0,
        "Total Expenses": 253728000.0,
        "Total Operating Income As Reported": 48483000.0,
        "Diluted Average Shares": 20632727.0,
        "Basic Average Shares": 20459849.0,
        "Diluted EPS": 1.69,
        "Basic EPS": 1.7,
        "Diluted NI Availto Com Stockholders": 34883000.0,
        "Net Income Common Stockholders": 34883000.0,
        "Net Income": 34883000.0,
        "Minority Interests": -1222000.0,
        "Net Income Including Noncontrolling Interests": 36105000.0,
        "Net Income Continuous Operations": 36105000.0,
        "Tax Provision": 11023000.0,
        "Pretax Income": 47128000.0,
        "Other Income Expense": -70000.0,
        "Other Non Operating Income Expenses": -70000.0,
        "Net Non Operating Interest Income Expense": -1285000.0,
        "Interest Expense Non Operating": 1285000.0,
        "Operating Income": 48483000.0,
        "Operating Expense": 26122000.0,
        "Depreciation Amortization Depletion Income Statement": 1716000.0,
        "Depreciation And Amortization In Income Statement": 1716000.0,
        "Amortization": 1716000.0,
        "Amortization Of Intangibles Income Statement": 1716000.0,
        "Selling General And Administration": 24406000.0,
        "Selling And Marketing Expense": 5186000.0,
        "General And Administrative Expense": 19220000.0,
        "Other Gand A": 19220000.0,
        "Gross Profit": 74605000.0,
        "Cost Of Revenue": 227606000.0,
        "Total Revenue": 302211000.0,
        "Operating Revenue": 302211000.0
    },
    "2022-06-30": {
        "Tax Effect Of Unusual Items": 0.0,
        "Tax Rate For Calcs": 0.217682,
        "Normalized EBITDA": 66095000.0,
        "Net Income From Continuing Operation Net Minority Interest": 47919000.0,
        "Reconciled Depreciation": 1700000.0,
        "Reconciled Cost Of Revenue": 263579000.0,
        "EBITDA": 66095000.0,
        "EBIT": 64395000.0,
        "Net Interest Income": -885000.0,
        "Interest Expense": 885000.0,
        "Normalized Income": 47919000.0,
        "Net Income From Continuing And Discontinued Operation": 47919000.0,
        "Total Expenses": 287795000.0,
        "Total Operating Income As Reported": 65411000.0,
        "Diluted Average Shares": 20652518.0,
        "Basic Average Shares": 20467828.0,
        "Diluted EPS": 2.31,
        "Basic EPS": 2.34,
        "Diluted NI Availto Com Stockholders": 47919000.0,
        "Net Income Common Stockholders": 47919000.0,
        "Net Income": 47919000.0,
        "Minority Interests": -1766000.0,
        "Net Income Including Noncontrolling Interests": 49685000.0,
        "Net Income Continuous Operations": 49685000.0,
        "Tax Provision": 13825000.0,
        "Pretax Income": 63510000.0,
        "Other Income Expense": -1016000.0,
        "Other Non Operating Income Expenses": -1016000.0,
        "Net Non Operating Interest Income Expense": -885000.0,
        "Interest Expense Non Operating": 885000.0,
        "Operating Income": 65411000.0,
        "Operating Expense": 24216000.0,
        "Depreciation Amortization Depletion Income Statement": 1700000.0,
        "Depreciation And Amortization In Income Statement": 1700000.0,
        "Amortization": 1700000.0,
        "Amortization Of Intangibles Income Statement": 1700000.0,
        "Selling General And Administration": 22516000.0,
        "Selling And Marketing Expense": 5352000.0,
        "General And Administrative Expense": 17164000.0,
        "Other Gand A": 17164000.0,
        "Gross Profit": 89627000.0,
        "Cost Of Revenue": 263579000.0,
        "Total Revenue": 353206000.0,
        "Operating Revenue": 353206000.0
    },
    "2022-03-31": {
        "Diluted EPS": 2.51,
        "Total Revenue": 344,
        "Gross Profit": 97,
        "Operating Income": 72,
        "EBIT": 78,
        "Net Income": 53
    },
    "2021-12-31": {
        "Diluted EPS": 1.41,
        "Total Revenue": 264,
        "Gross Profit": 64,
        "Operating Income": 40,
        "EBIT": 47,
        "Net Income": 30
    },
    "2021-09-30": {
        "Diluted EPS": 1.28,
        "Total Revenue": 253,
        "Gross Profit": 60,
        "Operating Income": 37,
        "EBIT": 43,
        "Net Income": 27
    },
    "2021-06-30": {
        "Diluted EPS": 1.6,
        "Total Revenue": 277,
        "Gross Profit": 69,
        "Operating Income": 45,
        "EBIT": 52,
        "Net Income": 34
    },
    "2021-03-31": {
        "Diluted EPS": 1.61,
        "Total Revenue": 273,
        "Gross Profit": 72,
        "Operating Income": 47,
        "EBIT": 53,
        "Net Income": 34
    },
    "2020-12-31": {
        "Diluted EPS": 1.01,
        "Total Revenue": 196,
        "Gross Profit": 49,
        "Operating Income": 29,
        "EBIT": 34,
        "Net Income": 21
    },
    "2020-09-30": {
        "Diluted EPS": 1.01,
        "Total Revenue": 181,
        "Gross Profit": 46,
        "Operating Income": 29,
        "EBIT": 34,
        "Net Income": 21
    },
    "2020-06-30": {
        "Diluted EPS": 0.29,
        "Total Revenue": 119,
        "Gross Profit": 24,
        "Operating Income": 9,
        "EBIT": 14,
        "Net Income": 6
    },
    "2020-03-31": {
        "Diluted EPS": 1.09,
        "Total Revenue": 182,
        "Gross Profit": 46,
        "Operating Income": 30,
        "EBIT": 35,
        "Net Income": 23
    },
    "2019-12-31": {
        "Diluted EPS": 0.81,
        "Total Revenue": 180,
        "Gross Profit": 40,
        "Operating Income": 24,
        "EBIT": 28,
        "Net Income": 17
    },
    "2019-09-30": {
        "Diluted EPS": 0.76,
        "Total Revenue": 172,
        "Gross Profit": 40,
        "Operating Income": 23,
        "EBIT": 27,
        "Net Income": 16
    },
    "2019-06-30": {
        "Diluted EPS": 0.92,
        "Total Revenue": 195,
        "Gross Profit": 48,
        "Operating Income": 30,
        "EBIT": 34,
        "Net Income": 19
    },
    "2019-03-31": {
        "Diluted EPS": 1.01,
        "Total Revenue": 200,
        "Gross Profit": 50,
        "Operating Income": 31,
        "EBIT": 35,
        "Net Income": 21
    },
    "2018-12-31": {
        "Diluted EPS": 0.68,
        "Total Revenue": 166,
        "Gross Profit": 38,
        "Operating Income": 21,
        "EBIT": 25,
        "Net Income": 14
    },
    "2018-09-30": {
        "Diluted EPS": 0.54,
        "Total Revenue": 123,
        "Gross Profit": 31,
        "Operating Income": 17,
        "EBIT": 20,
        "Net Income": 11
    },
    "2018-06-30": {
        "Diluted EPS": 0.6,
        "Total Revenue": 139,
        "Gross Profit": 34,
        "Operating Income": 20,
        "EBIT": 22,
        "Net Income": 12
    },
    "2018-03-31": {
        "Diluted EPS": 0.76,
        "Total Revenue": 140,
        "Gross Profit": 36,
        "Operating Income": 24,
        "EBIT": 27,
        "Net Income": 16
    },
    "2017-12-31": {
        "Diluted EPS": -0.31,
        "Total Revenue": 114,
        "Gross Profit": 28,
        "Operating Income": 16,
        "EBIT": 19,
        "Net Income": -6
    },
    "2017-09-30": {
        "Diluted EPS": 0.31,
        "Total Revenue": 104,
        "Gross Profit": 23,
        "Operating Income": 11,
        "EBIT": 15,
        "Net Income": 6
    },
    "2017-06-30": {
        "Diluted EPS": 0.53,
        "Total Revenue": 75,
        "Gross Profit": 20,
        "Operating Income": 8,
        "EBIT": 10,
        "Net Income": 10
    },
    "2017-03-31": {
        "Diluted EPS": 0.45,
        "Total Revenue": 77,
        "Gross Profit": 21,
        "Operating Income": 13,
        "EBIT": 15,
        "Net Income": 8
    },
    "2016-12-31": {
        "Diluted EPS": 0.39,
        "Total Revenue": 68,
        "Gross Profit": 18,
        "Operating Income": 12,
        "EBIT": 13,
        "Net Income": 7
    },
    "2016-09-30": {
        "Diluted EPS": 0.21,
        "Total Revenue": 62,
        "Gross Profit": 16,
        "Operating Income": 7,
        "EBIT": 8,
        "Net Income": 4
    },
    "2016-06-30": {
        "Diluted EPS": 0.2,
        "Total Revenue": 67,
        "Gross Profit": 18,
        "Operating Income": 8,
        "EBIT": 9,
        "Net Income": 4
    },
    "2016-03-31": {
        "Diluted EPS": 0.32,
        "Total Revenue": 69,
        "Gross Profit": 18,
        "Operating Income": 12,
        "EBIT": 13,
        "Net Income": 6
    },
    "2015-12-31": {
        "Diluted EPS": 0.28,
        "Total Revenue": 61,
        "Gross Profit": 16,
        "Operating Income": 9,
        "EBIT": 10,
        "Net Income": 5
    },
    "2015-09-30": {
        "Diluted EPS": 0.2,
        "Total Revenue": 57,
        "Gross Profit": 15,
        "Operating Income": 7,
        "EBIT": 9,
        "Net Income": 4
    },
    "2015-06-30": {
        "Diluted EPS": 0.35,
        "Total Revenue": 61,
        "Gross Profit": 16,
        "Operating Income": 11,
        "EBIT": 13,
        "Net Income": 6
    },
    "2015-03-31": {
        "Diluted EPS": 0.28,
        "Total Revenue": 65,
        "Gross Profit": 18,
        "Operating Income": 10,
        "EBIT": 11,
        "Net Income": 4
    },
    "2014-12-31": {
        "Diluted EPS": 0.21,
        "Total Revenue": 55,
        "Gross Profit": 14,
        "Operating Income": 7,
        "EBIT": 8,
        "Net Income": 3
    },
    "2014-09-30": {
        "Diluted EPS": 0.09,
        "Total Revenue": 48,
        "Gross Profit": 12,
        "Operating Income": 3,
        "EBIT": 5,
        "Net Income": 1
    },
    "2014-06-30": {
        "Diluted EPS": -0.38,
        "Total Revenue": 53,
        "Gross Profit": 15,
        "Operating Income": -13,
        "EBIT": -11,
        "Net Income": -4
    },
    "2014-03-31": {
        "Diluted EPS": -0.04,
        "Total Revenue": 50,
        "Gross Profit": 13,
        "Operating Income": 0,
        "EBIT": 3,
        "Net Income": 0
    },
    "2013-12-31": {
        "Diluted EPS": 0.0,
        "Total Revenue": 44,
        "Gross Profit": 12,
        "Operating Income": 6,
        "EBIT": 8,
        "Net Income": NaN
    },
    "2013-09-30": {
        "Diluted EPS": 0.0,
        "Total Revenue": 43,
        "Gross Profit": 11,
        "Operating Income": 6,
        "EBIT": 9,
        "Net Income": NaN
    },
    "2013-06-30": {
        "Diluted EPS": 0.0,
        "Total Revenue": 49,
        "Gross Profit": 14,
        "Operating Income": 9,
        "EBIT": 10,
        "Net Income": -4
    },
    "2013-03-31": {
        "Diluted EPS": 0.0,
        "Total Revenue": 47,
        "Gross Profit": 13,
        "Operating Income": 6,
        "EBIT": 7,
        "Net Income": NaN
    },
    "2012-12-31": {
        "Diluted EPS": 0.09,
        "Total Revenue": 38,
        "Gross Profit": 9,
        "Operating Income": 4,
        "EBIT": 6,
        "Net Income": 4
    },
    "2012-09-30": {
        "Diluted EPS": 0.02,
        "Total Revenue": 33,
        "Gross Profit": 8,
        "Operating Income": 1,
        "EBIT": 3,
        "Net Income": 1
    },
    "2012-06-30": {
        "Diluted EPS": 0.0,
        "Total Revenue": NaN,
        "Gross Profit": NaN,
        "Operating Income": NaN,
        "EBIT": NaN,
        "Net Income": NaN
    },
    "2011-06-30": {
        "Diluted EPS": 0.0,
        "Total Revenue": NaN,
        "Gross Profit": NaN,
        "Operating Income": NaN,
        "EBIT": NaN,
        "Net Income": NaN
    },
    "2023-06-30": {
        "Tax Effect Of Unusual Items": 0.0,
        "Tax Rate For Calcs": 0.213538,
        "Normalized EBITDA": -15362000.0,
        "Total Unusual Items": NaN,
        "Total Unusual Items Excluding Goodwill": NaN,
        "Net Income From Continuing Operation Net Minority Interest": -17420000.0,
        "Reconciled Depreciation": 7462000.0,
        "Reconciled Cost Of Revenue": 264076000.0,
        "EBITDA": -15362000.0,
        "EBIT": -22824000.0,
        "Net Interest Income": -118000.0,
        "Interest Expense": 118000.0,
        "Normalized Income": -17420000.0,
        "Net Income From Continuing And Discontinued Operation": -17420000.0,
        "Total Expenses": 394949000.0,
        "Total Operating Income As Reported": -22646000.0,
        "Diluted Average Shares": 20611175.0,
        "Basic Average Shares": 20611175.0,
        "Diluted EPS": -0.86,
        "Basic EPS": -0.86,
        "Diluted NI Availto Com Stockholders": -17420000.0,
        "Net Income Common Stockholders": -17420000.0,
        "Net Income": -17420000.0,
        "Minority Interests": 623000.0,
        "Net Income Including Noncontrolling Interests": -18043000.0,
        "Net Income Continuous Operations": -18043000.0,
        "Tax Provision": -4899000.0,
        "Pretax Income": -22942000.0,
        "Other Income Expense": -178000.0,
        "Other Non Operating Income Expenses": -178000.0,
        "Special Income Charges": NaN,
        "Impairment Of Capital Assets": NaN,
        "Net Non Operating Interest Income Expense": -118000.0,
        "Interest Expense Non Operating": 118000.0,
        "Operating Income": -22646000.0,
        "Operating Expense": 125108000.0,
        "Depreciation Amortization Depletion Income Statement": 1697000.0,
        "Depreciation And Amortization In Income Statement": 1697000.0,
        "Amortization": 1697000.0,
        "Amortization Of Intangibles Income Statement": 1697000.0,
        "Selling General And Administration": 123411000.0,
        "Selling And Marketing Expense": 5449000.0,
        "General And Administrative Expense": 117962000.0,
        "Other Gand A": 117962000.0,
        "Gross Profit": 102462000.0,
        "Cost Of Revenue": 269841000.0,
        "Total Revenue": 372303000.0,
        "Operating Revenue": 372303000.0
    },
    "2023-09-30": {
        "Tax Effect Of Unusual Items": 0.0,
        "Tax Rate For Calcs": 0.251,
        "Normalized EBITDA": 36671000.0,
        "Total Unusual Items": NaN,
        "Total Unusual Items Excluding Goodwill": NaN,
        "Net Income From Continuing Operation Net Minority Interest": 20259000.0,
        "Reconciled Depreciation": 8039000.0,
        "Reconciled Cost Of Revenue": 192712000.0,
        "EBITDA": 36671000.0,
        "EBIT": 28632000.0,
        "Net Interest Income": -884000.0,
        "Interest Expense": 884000.0,
        "Normalized Income": 20259000.0,
        "Net Income From Continuing And Discontinued Operation": 20259000.0,
        "Total Expenses": 227208000.0,
        "Total Operating Income As Reported": 28622000.0,
        "Diluted Average Shares": 20684230.0,
        "Basic Average Shares": 20586487.0,
        "Diluted EPS": 0.98,
        "Basic EPS": 0.98,
        "Diluted NI Availto Com Stockholders": 20259000.0,
        "Net Income Common Stockholders": 20259000.0,
        "Net Income": 20259000.0,
        "Minority Interests": -511000.0,
        "Net Income Including Noncontrolling Interests": 20770000.0,
        "Net Income Continuous Operations": 20770000.0,
        "Tax Provision": 6978000.0,
        "Pretax Income": 27748000.0,
        "Other Income Expense": 10000.0,
        "Other Non Operating Income Expenses": 10000.0,
        "Special Income Charges": NaN,
        "Impairment Of Capital Assets": NaN,
        "Net Non Operating Interest Income Expense": -884000.0,
        "Interest Expense Non Operating": 884000.0,
        "Operating Income": 28622000.0,
        "Operating Expense": 28172000.0,
        "Depreciation Amortization Depletion Income Statement": 1715000.0,
        "Depreciation And Amortization In Income Statement": 1715000.0,
        "Amortization": 1715000.0,
        "Amortization Of Intangibles Income Statement": 1715000.0,
        "Selling General And Administration": 26457000.0,
        "Selling And Marketing Expense": 5752000.0,
        "General And Administrative Expense": 20705000.0,
        "Other Gand A": 20705000.0,
        "Gross Profit": 56794000.0,
        "Cost Of Revenue": 199036000.0,
        "Total Revenue": 255830000.0,
        "Operating Revenue": 255830000.0
    },
    "2023-12-31": {
        "Tax Effect Of Unusual Items": 0.0,
        "Tax Rate For Calcs": 0.278,
        "Normalized EBITDA": 22777000.0,
        "Total Unusual Items": NaN,
        "Total Unusual Items Excluding Goodwill": NaN,
        "Net Income From Continuing Operation Net Minority Interest": 9881000.0,
        "Reconciled Depreciation": 8056000.0,
        "Reconciled Cost Of Revenue": 167256000.0,
        "EBITDA": 22777000.0,
        "EBIT": 14721000.0,
        "Net Interest Income": -671000.0,
        "Interest Expense": 671000.0,
        "Normalized Income": 9881000.0,
        "Net Income From Continuing And Discontinued Operation": 9881000.0,
        "Total Expenses": 196362000.0,
        "Total Operating Income As Reported": 14712000.0,
        "Diluted Average Shares": 20450204.0,
        "Basic Average Shares": 20375750.0,
        "Diluted EPS": 0.49,
        "Basic EPS": 0.49,
        "Diluted NI Availto Com Stockholders": 9881000.0,
        "Net Income Common Stockholders": 9881000.0,
        "Net Income": 9881000.0,
        "Minority Interests": -263000.0,
        "Net Income Including Noncontrolling Interests": 10144000.0,
        "Net Income Continuous Operations": 10144000.0,
        "Tax Provision": 3906000.0,
        "Pretax Income": 14050000.0,
        "Other Income Expense": 9000.0,
        "Other Non Operating Income Expenses": 9000.0,
        "Special Income Charges": NaN,
        "Impairment Of Capital Assets": NaN,
        "Net Non Operating Interest Income Expense": -671000.0,
        "Interest Expense Non Operating": 671000.0,
        "Operating Income": 14712000.0,
        "Operating Expense": 22763000.0,
        "Depreciation Amortization Depletion Income Statement": 1713000.0,
        "Depreciation And Amortization In Income Statement": 1713000.0,
        "Amortization": 1713000.0,
        "Amortization Of Intangibles Income Statement": 1713000.0,
        "Selling General And Administration": 21050000.0,
        "Selling And Marketing Expense": 5610000.0,
        "General And Administrative Expense": 15440000.0,
        "Other Gand A": 15440000.0,
        "Gross Profit": 37475000.0,
        "Cost Of Revenue": 173599000.0,
        "Total Revenue": 211074000.0,
        "Operating Revenue": 211074000.0
    },
    "2024-03-31": {
        "Tax Effect Of Unusual Items": -8750511.0,
        "Tax Rate For Calcs": 0.099,
        "Normalized EBITDA": 21731000.0,
        "Total Unusual Items": -88389000.0,
        "Total Unusual Items Excluding Goodwill": -88389000.0,
        "Net Income From Continuing Operation Net Minority Interest": -66831000.0,
        "Reconciled Depreciation": 8230000.0,
        "Reconciled Cost Of Revenue": 156542000.0,
        "EBITDA": -66658000.0,
        "EBIT": -74888000.0,
        "Net Interest Income": -296000.0,
        "Interest Expense": 296000.0,
        "Normalized Income": 12807489.0,
        "Net Income From Continuing And Discontinued Operation": -66831000.0,
        "Total Expenses": 189932000.0,
        "Total Operating Income As Reported": -74902000.0,
        "Diluted Average Shares": 20399018.0,
        "Basic Average Shares": 20399018.0,
        "Diluted EPS": -3.28,
        "Basic EPS": -3.28,
        "Diluted NI Availto Com Stockholders": -66831000.0,
        "Net Income Common Stockholders": -66831000.0,
        "Net Income": -66831000.0,
        "Minority Interests": 928000.0,
        "Net Income Including Noncontrolling Interests": -67759000.0,
        "Net Income Continuous Operations": -67759000.0,
        "Tax Provision": -7425000.0,
        "Pretax Income": -75184000.0,
        "Other Income Expense": -88375000.0,
        "Other Non Operating Income Expenses": 14000.0,
        "Special Income Charges": -88389000.0,
        "Impairment Of Capital Assets": 88389000.0,
        "Net Non Operating Interest Income Expense": -296000.0,
        "Interest Expense Non Operating": 296000.0,
        "Operating Income": 13487000.0,
        "Operating Expense": 26846000.0,
        "Depreciation Amortization Depletion Income Statement": 1686000.0,
        "Depreciation And Amortization In Income Statement": 1686000.0,
        "Amortization": 1686000.0,
        "Amortization Of Intangibles Income Statement": 1686000.0,
        "Selling General And Administration": 25160000.0,
        "Selling And Marketing Expense": 6552000.0,
        "General And Administrative Expense": 18608000.0,
        "Other Gand A": 18608000.0,
        "Gross Profit": 40333000.0,
        "Cost Of Revenue": 163086000.0,
        "Total Revenue": 203419000.0,
        "Operating Revenue": 203419000.0
    }
}