{
    "2023-06-30": {
        "Tax Effect Of Unusual Items": 0.0,
        "Tax Rate For Calcs": 0.198,
        "Total Unusual Items": -2000.0,
        "Total Unusual Items Excluding Goodwill": -2000.0,
        "Net Income From Continuing Operation Net Minority Interest": 20357000.0,
        "Reconciled Depreciation": 2881000.0,
        "Net Interest Income": 47551000.0,
        "Interest Expense": 18367000.0,
        "Interest Income": 65918000.0,
        "Normalized Income": 20357000.0,
        "Net Income From Continuing And Discontinued Operation": 20357000.0,
        "Diluted Average Shares": 16003372.0,
        "Basic Average Shares": 16003372.0,
        "Diluted EPS": 1.27,
        "Basic EPS": 1.27,
        "Diluted NI Availto Com Stockholders": 20357000.0,
        "Net Income Common Stockholders": 20357000.0,
        "Net Income": 20357000.0,
        "Net Income Including Noncontrolling Interests": 20357000.0,
        "Net Income Continuous Operations": 20357000.0,
        "Tax Provision": 5010000.0,
        "Pretax Income": 25367000.0,
        "Special Income Charges": -2000.0,
        "Gain On Sale Of Business": NaN,
        "Other Special Charges": 2000.0,
        "Depreciation Amortization Depletion Income Statement": NaN,
        "Depreciation And Amortization In Income Statement": NaN,
        "Depreciation Income Statement": NaN,
        "Selling General And Administration": 16461000.0,
        "General And Administrative Expense": 16461000.0,
        "Salaries And Wages": 16461000.0,
        "Total Revenue": 55196000.0,
        "Operating Revenue": 55196000.0
    },
    "2023-03-31": {
        "Tax Effect Of Unusual Items": 0.0,
        "Tax Rate For Calcs": 0.198,
        "Total Unusual Items": NaN,
        "Total Unusual Items Excluding Goodwill": NaN,
        "Net Income From Continuing Operation Net Minority Interest": 20974000.0,
        "Reconciled Depreciation": 3049000.0,
        "Net Interest Income": 48384000.0,
        "Interest Expense": 12101000.0,
        "Interest Income": 60485000.0,
        "Normalized Income": 20974000.0,
        "Net Income From Continuing And Discontinued Operation": 20974000.0,
        "Diluted Average Shares": 15996138.0,
        "Basic Average Shares": 15996138.0,
        "Diluted EPS": 1.31,
        "Basic EPS": 1.31,
        "Diluted NI Availto Com Stockholders": 20974000.0,
        "Net Income Common Stockholders": 20974000.0,
        "Net Income": 20974000.0,
        "Net Income Including Noncontrolling Interests": 20974000.0,
        "Net Income Continuous Operations": 20974000.0,
        "Tax Provision": 5162000.0,
        "Pretax Income": 26136000.0,
        "Special Income Charges": NaN,
        "Gain On Sale Of Business": NaN,
        "Other Special Charges": NaN,
        "Depreciation Amortization Depletion Income Statement": NaN,
        "Depreciation And Amortization In Income Statement": NaN,
        "Depreciation Income Statement": NaN,
        "Selling General And Administration": 16682000.0,
        "General And Administrative Expense": 16682000.0,
        "Salaries And Wages": 16682000.0,
        "Total Revenue": 55335000.0,
        "Operating Revenue": 55335000.0
    },
    "2022-12-31": {
        "Tax Effect Of Unusual Items": 0.0,
        "Tax Rate For Calcs": 0.188605,
        "Total Unusual Items": 0.0,
        "Total Unusual Items Excluding Goodwill": 0.0,
        "Net Income From Continuing Operation Net Minority Interest": 21803000.0,
        "Reconciled Depreciation": 3090000.0,
        "Net Interest Income": 50657000.0,
        "Interest Expense": 7621000.0,
        "Interest Income": 58278000.0,
        "Normalized Income": 21803000.0,
        "Net Income From Continuing And Discontinued Operation": 21803000.0,
        "Diluted Average Shares": 15887983.0,
        "Basic Average Shares": 15887983.0,
        "Diluted EPS": 1.37,
        "Basic EPS": 1.37,
        "Diluted NI Availto Com Stockholders": 21803000.0,
        "Net Income Common Stockholders": 21803000.0,
        "Net Income": 21803000.0,
        "Net Income Including Noncontrolling Interests": 21803000.0,
        "Net Income Continuous Operations": 21803000.0,
        "Tax Provision": 5068000.0,
        "Pretax Income": 26871000.0,
        "Special Income Charges": 0.0,
        "Gain On Sale Of Business": 0.0,
        "Other Special Charges": 1005000.0,
        "Depreciation Amortization Depletion Income Statement": NaN,
        "Depreciation And Amortization In Income Statement": NaN,
        "Depreciation Income Statement": NaN,
        "Selling General And Administration": 10763000.0,
        "General And Administrative Expense": 9318000.0,
        "Salaries And Wages": 17282000.0,
        "Total Revenue": 58462000.0,
        "Operating Revenue": 58462000.0
    },
    "2022-09-30": {
        "Tax Effect Of Unusual Items": -789.666049,
        "Tax Rate For Calcs": 0.197417,
        "Total Unusual Items": -4000.0,
        "Total Unusual Items Excluding Goodwill": -4000.0,
        "Net Income From Continuing Operation Net Minority Interest": 16030000.0,
        "Reconciled Depreciation": 3163000.0,
        "Net Interest Income": 42376000.0,
        "Interest Expense": 5753000.0,
        "Interest Income": 48129000.0,
        "Normalized Income": 16033210.333951,
        "Net Income From Continuing And Discontinued Operation": 16030000.0,
        "Diluted Average Shares": 15861551.0,
        "Basic Average Shares": 15861551.0,
        "Diluted EPS": 1.01,
        "Basic EPS": 1.01,
        "Diluted NI Availto Com Stockholders": 16030000.0,
        "Net Income Common Stockholders": 16030000.0,
        "Net Income": 16030000.0,
        "Net Income Including Noncontrolling Interests": 16030000.0,
        "Net Income Continuous Operations": 16030000.0,
        "Tax Provision": 3943000.0,
        "Pretax Income": 19973000.0,
        "Special Income Charges": -4000.0,
        "Gain On Sale Of Business": 0.0,
        "Other Special Charges": 4000.0,
        "Gain On Sale Of Security": 566000.0,
        "Selling General And Administration": 19795000.0,
        "General And Administrative Expense": 19795000.0,
        "Other Gand A": 3139000.0,
        "Salaries And Wages": 16656000.0,
        "Total Revenue": 49629000.0,
        "Operating Revenue": 49629000.0
    },
    "2022-06-30": {
        "Tax Effect Of Unusual Items": -99919.863248,
        "Tax Rate For Calcs": 0.19747,
        "Total Unusual Items": -506000.0,
        "Total Unusual Items Excluding Goodwill": -506000.0,
        "Net Income From Continuing Operation Net Minority Interest": 11737000.0,
        "Reconciled Depreciation": 3234000.0,
        "Net Interest Income": 34326000.0,
        "Interest Expense": 5224000.0,
        "Interest Income": 39550000.0,
        "Normalized Income": 12143080.136752,
        "Net Income From Continuing And Discontinued Operation": 11737000.0,
        "Diluted Average Shares": 15848681.0,
        "Basic Average Shares": 15848681.0,
        "Diluted EPS": 0.74,
        "Basic EPS": 0.74,
        "Diluted NI Availto Com Stockholders": 11737000.0,
        "Net Income Common Stockholders": 11737000.0,
        "Net Income": 11737000.0,
        "Net Income Including Noncontrolling Interests": 11737000.0,
        "Net Income Continuous Operations": 11737000.0,
        "Tax Provision": 2888000.0,
        "Pretax Income": 14625000.0,
        "Special Income Charges": -506000.0,
        "Gain On Sale Of Business": 0.0,
        "Other Special Charges": 506000.0,
        "Gain On Sale Of Security": 430000.0,
        "Selling General And Administration": 18767000.0,
        "General And Administrative Expense": 18767000.0,
        "Other Gand A": 3091000.0,
        "Salaries And Wages": 15676000.0,
        "Total Revenue": 42067000.0,
        "Operating Revenue": 42067000.0
    },
    "2022-03-31": {
        "Diluted EPS": 0.73,
        "Total Revenue": 45,
        "Gross Profit": 40,
        "Operating Income": 14,
        "EBIT": NaN,
        "Net Income": 11
    },
    "2021-12-31": {
        "Diluted EPS": 0.75,
        "Total Revenue": 50,
        "Gross Profit": 45,
        "Operating Income": 17,
        "EBIT": NaN,
        "Net Income": 12
    },
    "2021-09-30": {
        "Diluted EPS": 0.95,
        "Total Revenue": 51,
        "Gross Profit": 47,
        "Operating Income": 19,
        "EBIT": NaN,
        "Net Income": 15
    },
    "2021-06-30": {
        "Diluted EPS": 1.12,
        "Total Revenue": 50,
        "Gross Profit": 45,
        "Operating Income": 22,
        "EBIT": NaN,
        "Net Income": 18
    },
    "2021-03-31": {
        "Diluted EPS": 0.87,
        "Total Revenue": 48,
        "Gross Profit": 43,
        "Operating Income": 18,
        "EBIT": NaN,
        "Net Income": 14
    },
    "2020-12-31": {
        "Diluted EPS": 0.86,
        "Total Revenue": 52,
        "Gross Profit": 46,
        "Operating Income": 19,
        "EBIT": NaN,
        "Net Income": 14
    },
    "2020-09-30": {
        "Diluted EPS": 0.66,
        "Total Revenue": 49,
        "Gross Profit": 43,
        "Operating Income": 13,
        "EBIT": NaN,
        "Net Income": 11
    },
    "2020-06-30": {
        "Diluted EPS": 0.54,
        "Total Revenue": 48,
        "Gross Profit": 42,
        "Operating Income": 11,
        "EBIT": NaN,
        "Net Income": 9
    },
    "2020-03-31": {
        "Diluted EPS": 0.65,
        "Total Revenue": 44,
        "Gross Profit": 37,
        "Operating Income": 13,
        "EBIT": NaN,
        "Net Income": 11
    },
    "2019-12-31": {
        "Diluted EPS": 0.81,
        "Total Revenue": 47,
        "Gross Profit": 38,
        "Operating Income": 16,
        "EBIT": NaN,
        "Net Income": 13
    },
    "2019-09-30": {
        "Diluted EPS": 0.77,
        "Total Revenue": 47,
        "Gross Profit": 38,
        "Operating Income": 16,
        "EBIT": NaN,
        "Net Income": 13
    },
    "2019-06-30": {
        "Diluted EPS": 0.71,
        "Total Revenue": 46,
        "Gross Profit": 37,
        "Operating Income": 14,
        "EBIT": NaN,
        "Net Income": 12
    },
    "2019-03-31": {
        "Diluted EPS": 0.72,
        "Total Revenue": 45,
        "Gross Profit": 37,
        "Operating Income": 15,
        "EBIT": NaN,
        "Net Income": 12
    },
    "2018-12-31": {
        "Diluted EPS": 0.69,
        "Total Revenue": 43,
        "Gross Profit": 36,
        "Operating Income": 15,
        "EBIT": NaN,
        "Net Income": 12
    },
    "2018-09-30": {
        "Diluted EPS": 0.61,
        "Total Revenue": 40,
        "Gross Profit": 35,
        "Operating Income": 12,
        "EBIT": NaN,
        "Net Income": 10
    },
    "2018-06-30": {
        "Diluted EPS": 0.57,
        "Total Revenue": 39,
        "Gross Profit": 34,
        "Operating Income": 12,
        "EBIT": NaN,
        "Net Income": 9
    },
    "2018-03-31": {
        "Diluted EPS": 0.66,
        "Total Revenue": 39,
        "Gross Profit": 35,
        "Operating Income": 13,
        "EBIT": NaN,
        "Net Income": 11
    },
    "2017-12-31": {
        "Diluted EPS": 0.48,
        "Total Revenue": 37,
        "Gross Profit": 33,
        "Operating Income": 13,
        "EBIT": NaN,
        "Net Income": 8
    },
    "2017-09-30": {
        "Diluted EPS": 0.51,
        "Total Revenue": 38,
        "Gross Profit": 33,
        "Operating Income": 12,
        "EBIT": NaN,
        "Net Income": 8
    },
    "2017-06-30": {
        "Diluted EPS": 0.45,
        "Total Revenue": 35,
        "Gross Profit": 31,
        "Operating Income": 11,
        "EBIT": NaN,
        "Net Income": 7
    },
    "2017-03-31": {
        "Diluted EPS": 0.46,
        "Total Revenue": 35,
        "Gross Profit": 31,
        "Operating Income": 11,
        "EBIT": NaN,
        "Net Income": 8
    },
    "2016-12-31": {
        "Diluted EPS": 0.5,
        "Total Revenue": 34,
        "Gross Profit": 31,
        "Operating Income": 12,
        "EBIT": NaN,
        "Net Income": 8
    },
    "2016-09-30": {
        "Diluted EPS": 0.48,
        "Total Revenue": 35,
        "Gross Profit": 32,
        "Operating Income": 11,
        "EBIT": NaN,
        "Net Income": 8
    },
    "2016-06-30": {
        "Diluted EPS": 0.46,
        "Total Revenue": 34,
        "Gross Profit": 31,
        "Operating Income": 11,
        "EBIT": NaN,
        "Net Income": 7
    },
    "2016-03-31": {
        "Diluted EPS": 0.52,
        "Total Revenue": 36,
        "Gross Profit": 33,
        "Operating Income": 13,
        "EBIT": NaN,
        "Net Income": 9
    },
    "2015-12-31": {
        "Diluted EPS": 0.39,
        "Total Revenue": 33,
        "Gross Profit": 30,
        "Operating Income": 9,
        "EBIT": NaN,
        "Net Income": 6
    },
    "2015-09-30": {
        "Diluted EPS": 0.45,
        "Total Revenue": 33,
        "Gross Profit": 30,
        "Operating Income": 11,
        "EBIT": NaN,
        "Net Income": 7
    },
    "2015-06-30": {
        "Diluted EPS": 0.39,
        "Total Revenue": 32,
        "Gross Profit": 29,
        "Operating Income": 9,
        "EBIT": NaN,
        "Net Income": 7
    },
    "2015-03-31": {
        "Diluted EPS": 0.39,
        "Total Revenue": 31,
        "Gross Profit": 29,
        "Operating Income": 10,
        "EBIT": NaN,
        "Net Income": 7
    },
    "2014-12-31": {
        "Diluted EPS": 0.39,
        "Total Revenue": 31,
        "Gross Profit": 29,
        "Operating Income": 10,
        "EBIT": NaN,
        "Net Income": 6
    },
    "2014-09-30": {
        "Diluted EPS": 0.35,
        "Total Revenue": 32,
        "Gross Profit": 29,
        "Operating Income": 10,
        "EBIT": NaN,
        "Net Income": 6
    },
    "2014-06-30": {
        "Diluted EPS": 0.13,
        "Total Revenue": 21,
        "Gross Profit": 18,
        "Operating Income": 6,
        "EBIT": NaN,
        "Net Income": 2
    },
    "2014-03-31": {
        "Diluted EPS": 0.41,
        "Total Revenue": 15,
        "Gross Profit": 13,
        "Operating Income": 5,
        "EBIT": NaN,
        "Net Income": 4
    },
    "2013-12-31": {
        "Diluted EPS": 0.59,
        "Total Revenue": 17,
        "Gross Profit": 14,
        "Operating Income": 8,
        "EBIT": NaN,
        "Net Income": 5
    },
    "2013-09-30": {
        "Diluted EPS": 0.4,
        "Total Revenue": 16,
        "Gross Profit": 14,
        "Operating Income": 6,
        "EBIT": NaN,
        "Net Income": 3
    },
    "2013-06-30": {
        "Diluted EPS": 0.46,
        "Total Revenue": 16,
        "Gross Profit": 13,
        "Operating Income": 6,
        "EBIT": NaN,
        "Net Income": 4
    },
    "2013-03-31": {
        "Diluted EPS": 0.5,
        "Total Revenue": 16,
        "Gross Profit": 13,
        "Operating Income": 6,
        "EBIT": NaN,
        "Net Income": 4
    },
    "2012-12-31": {
        "Diluted EPS": 0.36,
        "Total Revenue": 17,
        "Gross Profit": 14,
        "Operating Income": 4,
        "EBIT": NaN,
        "Net Income": 3
    },
    "2012-09-30": {
        "Diluted EPS": 0.3,
        "Total Revenue": 17,
        "Gross Profit": 14,
        "Operating Income": 4,
        "EBIT": NaN,
        "Net Income": 3
    },
    "2012-06-30": {
        "Diluted EPS": 0.36,
        "Total Revenue": 17,
        "Gross Profit": 13,
        "Operating Income": 6,
        "EBIT": NaN,
        "Net Income": 3
    },
    "2012-03-31": {
        "Diluted EPS": 0.28,
        "Total Revenue": 17,
        "Gross Profit": 14,
        "Operating Income": 4,
        "EBIT": NaN,
        "Net Income": 3
    },
    "2011-12-31": {
        "Diluted EPS": 3.38,
        "Total Revenue": 18,
        "Gross Profit": 14,
        "Operating Income": 3,
        "EBIT": NaN,
        "Net Income": 30
    },
    "2011-09-30": {
        "Diluted EPS": 0.3,
        "Total Revenue": 19,
        "Gross Profit": 14,
        "Operating Income": 3,
        "EBIT": NaN,
        "Net Income": 3
    },
    "2011-06-30": {
        "Diluted EPS": 0.27,
        "Total Revenue": 20,
        "Gross Profit": 15,
        "Operating Income": 3,
        "EBIT": NaN,
        "Net Income": 2
    },
    "2011-03-31": {
        "Diluted EPS": 0.12,
        "Total Revenue": 21,
        "Gross Profit": 15,
        "Operating Income": 1,
        "EBIT": NaN,
        "Net Income": 1
    },
    "2010-12-31": {
        "Diluted EPS": -0.62,
        "Total Revenue": 23,
        "Gross Profit": 16,
        "Operating Income": -3,
        "EBIT": NaN,
        "Net Income": -5
    },
    "2010-09-30": {
        "Diluted EPS": -0.67,
        "Total Revenue": 24,
        "Gross Profit": 16,
        "Operating Income": -6,
        "EBIT": NaN,
        "Net Income": -6
    },
    "2010-06-30": {
        "Diluted EPS": -0.08,
        "Total Revenue": 25,
        "Gross Profit": 16,
        "Operating Income": -1,
        "EBIT": NaN,
        "Net Income": -1
    },
    "2010-03-31": {
        "Diluted EPS": -0.35,
        "Total Revenue": 26,
        "Gross Profit": 17,
        "Operating Income": -3,
        "EBIT": NaN,
        "Net Income": -3
    },
    "2009-12-31": {
        "Diluted EPS": -4.29,
        "Total Revenue": 26,
        "Gross Profit": 15,
        "Operating Income": -21,
        "EBIT": NaN,
        "Net Income": -36
    },
    "2009-09-30": {
        "Diluted EPS": -0.66,
        "Total Revenue": 28,
        "Gross Profit": 15,
        "Operating Income": -9,
        "EBIT": NaN,
        "Net Income": -6
    },
    "2009-06-30": {
        "Diluted EPS": -0.75,
        "Total Revenue": 29,
        "Gross Profit": 14,
        "Operating Income": -10,
        "EBIT": NaN,
        "Net Income": -6
    },
    "2009-03-31": {
        "Diluted EPS": -0.53,
        "Total Revenue": 30,
        "Gross Profit": 14,
        "Operating Income": -7,
        "EBIT": NaN,
        "Net Income": -4
    },
    "2023-09-30": {
        "Tax Effect Of Unusual Items": 77027.0,
        "Tax Rate For Calcs": 0.197,
        "Total Unusual Items": 391000.0,
        "Total Unusual Items Excluding Goodwill": 391000.0,
        "Net Income From Continuing Operation Net Minority Interest": 20855000.0,
        "Reconciled Depreciation": 2927000.0,
        "Net Interest Income": 48961000.0,
        "Interest Expense": 22192000.0,
        "Interest Income": 71153000.0,
        "Normalized Income": 20541027.0,
        "Net Income From Continuing And Discontinued Operation": 20855000.0,
        "Diluted Average Shares": 16018419.0,
        "Basic Average Shares": 16018419.0,
        "Diluted EPS": 1.3,
        "Basic EPS": 1.3,
        "Diluted NI Availto Com Stockholders": 20855000.0,
        "Net Income Common Stockholders": 20855000.0,
        "Net Income": 20855000.0,
        "Net Income Including Noncontrolling Interests": 20855000.0,
        "Net Income Continuous Operations": 20855000.0,
        "Tax Provision": 5132000.0,
        "Pretax Income": 25987000.0,
        "Special Income Charges": NaN,
        "Gain On Sale Of Business": NaN,
        "Other Special Charges": NaN,
        "Depreciation Amortization Depletion Income Statement": 894000.0,
        "Depreciation And Amortization In Income Statement": 894000.0,
        "Depreciation Income Statement": 894000.0,
        "Selling General And Administration": 17258000.0,
        "General And Administrative Expense": 17258000.0,
        "Salaries And Wages": 17258000.0,
        "Total Revenue": 58207000.0,
        "Operating Revenue": 58207000.0
    },
    "2023-12-31": {
        "Tax Effect Of Unusual Items": -80328.017771,
        "Tax Rate For Calcs": 0.205443,
        "Total Unusual Items": -391000.0,
        "Total Unusual Items Excluding Goodwill": -391000.0,
        "Net Income From Continuing Operation Net Minority Interest": 20030000.0,
        "Reconciled Depreciation": 2639000.0,
        "Net Interest Income": 48648000.0,
        "Interest Expense": 25154000.0,
        "Interest Income": 73802000.0,
        "Normalized Income": 20340671.982229,
        "Net Income From Continuing And Discontinued Operation": 20030000.0,
        "Diluted Average Shares": 16044223.0,
        "Basic Average Shares": 16044223.0,
        "Diluted EPS": 1.25,
        "Basic EPS": 1.25,
        "Diluted NI Availto Com Stockholders": 20030000.0,
        "Net Income Common Stockholders": 20030000.0,
        "Net Income": 20030000.0,
        "Net Income Including Noncontrolling Interests": 20030000.0,
        "Net Income Continuous Operations": 20030000.0,
        "Tax Provision": 5179000.0,
        "Pretax Income": 25209000.0,
        "Special Income Charges": NaN,
        "Gain On Sale Of Business": NaN,
        "Other Special Charges": NaN,
        "Depreciation Amortization Depletion Income Statement": NaN,
        "Depreciation And Amortization In Income Statement": NaN,
        "Depreciation Income Statement": NaN,
        "Selling General And Administration": 22223000.0,
        "General And Administrative Expense": 20658000.0,
        "Salaries And Wages": 18400000.0,
        "Total Revenue": 56949000.0,
        "Operating Revenue": 56949000.0
    }
}