{
    "2023-06-30": {
        "Tax Effect Of Unusual Items": NaN,
        "Tax Rate For Calcs": NaN,
        "Net Income From Continuing Operation Net Minority Interest": NaN,
        "Reconciled Depreciation": NaN,
        "Net Interest Income": NaN,
        "Interest Expense": NaN,
        "Interest Income": NaN,
        "Normalized Income": NaN,
        "Net Income From Continuing And Discontinued Operation": NaN,
        "Diluted Average Shares": NaN,
        "Basic Average Shares": NaN,
        "Diluted EPS": NaN,
        "Basic EPS": NaN,
        "Diluted NI Availto Com Stockholders": NaN,
        "Net Income Common Stockholders": NaN,
        "Otherunder Preferred Stock Dividend": 82000.0,
        "Net Income": NaN,
        "Net Income Including Noncontrolling Interests": NaN,
        "Net Income Continuous Operations": NaN,
        "Tax Provision": NaN,
        "Pretax Income": NaN,
        "Selling General And Administration": NaN,
        "General And Administrative Expense": NaN,
        "Insurance And Claims": NaN,
        "Salaries And Wages": NaN,
        "Total Revenue": NaN,
        "Operating Revenue": NaN,
        "Occupancy And Equipment": NaN,
        "Professional Expense And Contract Services Expense": NaN,
        "Other Non Interest Expense": NaN
    },
    "2023-03-31": {
        "Tax Effect Of Unusual Items": NaN,
        "Tax Rate For Calcs": NaN,
        "Net Income From Continuing Operation Net Minority Interest": NaN,
        "Reconciled Depreciation": NaN,
        "Net Interest Income": NaN,
        "Interest Expense": NaN,
        "Interest Income": NaN,
        "Normalized Income": NaN,
        "Net Income From Continuing And Discontinued Operation": NaN,
        "Diluted Average Shares": NaN,
        "Basic Average Shares": NaN,
        "Diluted EPS": NaN,
        "Basic EPS": NaN,
        "Diluted NI Availto Com Stockholders": NaN,
        "Net Income Common Stockholders": NaN,
        "Otherunder Preferred Stock Dividend": 84000.0,
        "Net Income": NaN,
        "Net Income Including Noncontrolling Interests": NaN,
        "Net Income Continuous Operations": NaN,
        "Tax Provision": NaN,
        "Pretax Income": NaN,
        "Selling General And Administration": NaN,
        "General And Administrative Expense": NaN,
        "Insurance And Claims": NaN,
        "Salaries And Wages": NaN,
        "Total Revenue": NaN,
        "Operating Revenue": NaN,
        "Occupancy And Equipment": NaN,
        "Professional Expense And Contract Services Expense": NaN,
        "Other Non Interest Expense": NaN
    },
    "2022-12-31": {
        "Tax Effect Of Unusual Items": NaN,
        "Tax Rate For Calcs": NaN,
        "Net Income From Continuing Operation Net Minority Interest": NaN,
        "Reconciled Depreciation": NaN,
        "Net Interest Income": NaN,
        "Interest Expense": NaN,
        "Interest Income": NaN,
        "Normalized Income": NaN,
        "Net Income From Continuing And Discontinued Operation": NaN,
        "Diluted Average Shares": NaN,
        "Basic Average Shares": NaN,
        "Diluted EPS": NaN,
        "Basic EPS": NaN,
        "Diluted NI Availto Com Stockholders": NaN,
        "Net Income Common Stockholders": NaN,
        "Otherunder Preferred Stock Dividend": -11000.0,
        "Net Income": NaN,
        "Net Income Including Noncontrolling Interests": NaN,
        "Net Income Continuous Operations": NaN,
        "Tax Provision": NaN,
        "Pretax Income": NaN,
        "Selling General And Administration": NaN,
        "General And Administrative Expense": NaN,
        "Insurance And Claims": NaN,
        "Salaries And Wages": NaN,
        "Total Revenue": NaN,
        "Operating Revenue": NaN,
        "Occupancy And Equipment": NaN,
        "Professional Expense And Contract Services Expense": NaN,
        "Other Non Interest Expense": NaN
    },
    "2022-09-30": {
        "Tax Effect Of Unusual Items": NaN,
        "Tax Rate For Calcs": NaN,
        "Net Income From Continuing Operation Net Minority Interest": NaN,
        "Reconciled Depreciation": NaN,
        "Net Interest Income": NaN,
        "Interest Expense": NaN,
        "Interest Income": NaN,
        "Normalized Income": NaN,
        "Net Income From Continuing And Discontinued Operation": NaN,
        "Diluted Average Shares": NaN,
        "Basic Average Shares": NaN,
        "Diluted EPS": NaN,
        "Basic EPS": NaN,
        "Diluted NI Availto Com Stockholders": NaN,
        "Net Income Common Stockholders": NaN,
        "Otherunder Preferred Stock Dividend": NaN,
        "Net Income": NaN,
        "Net Income Including Noncontrolling Interests": NaN,
        "Net Income Continuous Operations": NaN,
        "Tax Provision": NaN,
        "Pretax Income": NaN,
        "Gain On Sale Of Security": -90000.0,
        "Selling General And Administration": NaN,
        "General And Administrative Expense": NaN,
        "Insurance And Claims": NaN,
        "Salaries And Wages": NaN,
        "Total Revenue": NaN,
        "Operating Revenue": NaN
    },
    "2022-06-30": {
        "Tax Effect Of Unusual Items": 0.0,
        "Tax Rate For Calcs": 0.310487,
        "Net Income From Continuing Operation Net Minority Interest": 23189000.0,
        "Reconciled Depreciation": 1130000.0,
        "Net Interest Income": 55302000.0,
        "Interest Expense": 3856000.0,
        "Interest Income": 59158000.0,
        "Normalized Income": 23189000.0,
        "Net Income From Continuing And Discontinued Operation": 23189000.0,
        "Diluted Average Shares": 11189807.0,
        "Basic Average Shares": 10931697.0,
        "Diluted EPS": 2.07,
        "Basic EPS": 2.12,
        "Diluted NI Availto Com Stockholders": 23189000.0,
        "Net Income Common Stockholders": 23189000.0,
        "Otherunder Preferred Stock Dividend": 63000.0,
        "Net Income": 23189000.0,
        "Net Income Including Noncontrolling Interests": 23189000.0,
        "Net Income Continuous Operations": 23189000.0,
        "Tax Provision": 10442000.0,
        "Pretax Income": 33631000.0,
        "Gain On Sale Of Security": -73000.0,
        "Selling General And Administration": 13415000.0,
        "General And Administrative Expense": 13415000.0,
        "Other Gand A": 3830000.0,
        "Insurance And Claims": NaN,
        "Salaries And Wages": 13415000.0,
        "Total Revenue": 62300000.0,
        "Operating Revenue": 62300000.0
    },
    "2022-03-31": {
        "Diluted EPS": 1.69,
        "Total Revenue": 58,
        "Gross Profit": 54,
        "Operating Income": 26,
        "EBIT": NaN,
        "Net Income": 19
    },
    "2021-12-31": {
        "Diluted EPS": 1.7,
        "Total Revenue": 56,
        "Gross Profit": 52,
        "Operating Income": 32,
        "EBIT": NaN,
        "Net Income": 19
    },
    "2021-09-30": {
        "Diluted EPS": 1.77,
        "Total Revenue": 51,
        "Gross Profit": 47,
        "Operating Income": 24,
        "EBIT": NaN,
        "Net Income": 16
    },
    "2021-06-30": {
        "Diluted EPS": 1.55,
        "Total Revenue": 47,
        "Gross Profit": 43,
        "Operating Income": 20,
        "EBIT": NaN,
        "Net Income": 13
    },
    "2021-03-31": {
        "Diluted EPS": 1.43,
        "Total Revenue": 43,
        "Gross Profit": 39,
        "Operating Income": 18,
        "EBIT": NaN,
        "Net Income": 12
    },
    "2020-12-31": {
        "Diluted EPS": 1.39,
        "Total Revenue": 40,
        "Gross Profit": 37,
        "Operating Income": 19,
        "EBIT": NaN,
        "Net Income": 12
    },
    "2020-09-30": {
        "Diluted EPS": 1.27,
        "Total Revenue": 40,
        "Gross Profit": 36,
        "Operating Income": 16,
        "EBIT": NaN,
        "Net Income": 11
    },
    "2020-06-30": {
        "Diluted EPS": 1.28,
        "Total Revenue": 40,
        "Gross Profit": 36,
        "Operating Income": 16,
        "EBIT": NaN,
        "Net Income": 11
    },
    "2020-03-31": {
        "Diluted EPS": 0.72,
        "Total Revenue": 40,
        "Gross Profit": 33,
        "Operating Income": 9,
        "EBIT": NaN,
        "Net Income": 6
    },
    "2019-12-31": {
        "Diluted EPS": 0.94,
        "Total Revenue": 39,
        "Gross Profit": 31,
        "Operating Income": 12,
        "EBIT": NaN,
        "Net Income": 8
    },
    "2019-09-30": {
        "Diluted EPS": 0.9,
        "Total Revenue": 38,
        "Gross Profit": 29,
        "Operating Income": 11,
        "EBIT": NaN,
        "Net Income": 8
    },
    "2019-06-30": {
        "Diluted EPS": 0.71,
        "Total Revenue": 34,
        "Gross Profit": 26,
        "Operating Income": 9,
        "EBIT": NaN,
        "Net Income": 6
    },
    "2019-03-31": {
        "Diluted EPS": 1.01,
        "Total Revenue": 29,
        "Gross Profit": 23,
        "Operating Income": 12,
        "EBIT": NaN,
        "Net Income": 8
    },
    "2018-12-31": {
        "Diluted EPS": 0.76,
        "Total Revenue": 26,
        "Gross Profit": 21,
        "Operating Income": 9,
        "EBIT": NaN,
        "Net Income": 6
    },
    "2018-09-30": {
        "Diluted EPS": 0.85,
        "Total Revenue": 24,
        "Gross Profit": 20,
        "Operating Income": 10,
        "EBIT": NaN,
        "Net Income": 7
    },
    "2018-06-30": {
        "Diluted EPS": 0.7,
        "Total Revenue": 23,
        "Gross Profit": 20,
        "Operating Income": 8,
        "EBIT": NaN,
        "Net Income": 6
    },
    "2018-03-31": {
        "Diluted EPS": 0.75,
        "Total Revenue": 24,
        "Gross Profit": 22,
        "Operating Income": 9,
        "EBIT": NaN,
        "Net Income": 6
    },
    "2017-12-31": {
        "Diluted EPS": 0.4,
        "Total Revenue": 24,
        "Gross Profit": 22,
        "Operating Income": 8,
        "EBIT": NaN,
        "Net Income": 3
    },
    "2017-09-30": {
        "Diluted EPS": 0.82,
        "Total Revenue": 19,
        "Gross Profit": 16,
        "Operating Income": 6,
        "EBIT": NaN,
        "Net Income": 4
    },
    "2017-06-30": {
        "Diluted EPS": 0.57,
        "Total Revenue": 16,
        "Gross Profit": 13,
        "Operating Income": 4,
        "EBIT": NaN,
        "Net Income": 3
    },
    "2017-03-31": {
        "Diluted EPS": 0.55,
        "Total Revenue": 14,
        "Gross Profit": 12,
        "Operating Income": 4,
        "EBIT": NaN,
        "Net Income": 2
    },
    "2016-12-31": {
        "Diluted EPS": 0.0,
        "Total Revenue": NaN,
        "Gross Profit": NaN,
        "Operating Income": NaN,
        "EBIT": NaN,
        "Net Income": NaN
    },
    "2016-09-30": {
        "Diluted EPS": -0.52,
        "Total Revenue": 13,
        "Gross Profit": 11,
        "Operating Income": 3,
        "EBIT": NaN,
        "Net Income": -2
    },
    "2015-12-31": {
        "Diluted EPS": 0.0,
        "Total Revenue": NaN,
        "Gross Profit": NaN,
        "Operating Income": NaN,
        "EBIT": NaN,
        "Net Income": NaN
    },
    "2023-09-30": {
        "Tax Effect Of Unusual Items": 0.0,
        "Tax Rate For Calcs": 0.221901,
        "Net Income From Continuing Operation Net Minority Interest": 22063000.0,
        "Reconciled Depreciation": 817000.0,
        "Net Interest Income": 53557000.0,
        "Interest Expense": 44340000.0,
        "Interest Income": 97897000.0,
        "Normalized Income": 22063000.0,
        "Net Income From Continuing And Discontinued Operation": 22063000.0,
        "Diluted Average Shares": 11136873.0,
        "Basic Average Shares": 11039363.0,
        "Diluted EPS": 1.97,
        "Basic EPS": 1.99,
        "Diluted NI Availto Com Stockholders": 21945000.0,
        "Net Income Common Stockholders": 21945000.0,
        "Otherunder Preferred Stock Dividend": 118000.0,
        "Net Income": 22063000.0,
        "Net Income Including Noncontrolling Interests": 22063000.0,
        "Net Income Continuous Operations": 22063000.0,
        "Tax Provision": 6292000.0,
        "Pretax Income": 28355000.0,
        "Selling General And Administration": 19192000.0,
        "General And Administrative Expense": 19192000.0,
        "Insurance And Claims": 1984000.0,
        "Salaries And Wages": 17208000.0,
        "Total Revenue": 60070000.0,
        "Operating Revenue": 60070000.0,
        "Occupancy And Equipment": 2396000.0,
        "Professional Expense And Contract Services Expense": 3873000.0,
        "Other Non Interest Expense": 5463000.0
    },
    "2023-12-31": {
        "Tax Effect Of Unusual Items": 0.0,
        "Tax Rate For Calcs": 0.266724,
        "Net Income From Continuing Operation Net Minority Interest": 14568000.0,
        "Reconciled Depreciation": 828000.0,
        "Net Interest Income": 56994000.0,
        "Interest Expense": 48273000.0,
        "Interest Income": 105267000.0,
        "Normalized Income": 14568000.0,
        "Net Income From Continuing And Discontinued Operation": 14568000.0,
        "Diluted Average Shares": 11366463.0,
        "Basic Average Shares": 11062729.0,
        "Diluted EPS": 1.28,
        "Basic EPS": 1.31,
        "Diluted NI Availto Com Stockholders": 14488000.0,
        "Net Income Common Stockholders": 14488000.0,
        "Otherunder Preferred Stock Dividend": 80000.0,
        "Net Income": 14568000.0,
        "Net Income Including Noncontrolling Interests": 14568000.0,
        "Net Income Continuous Operations": 14568000.0,
        "Tax Provision": 5299000.0,
        "Pretax Income": 19867000.0,
        "Selling General And Administration": 20849000.0,
        "General And Administrative Expense": 20849000.0,
        "Insurance And Claims": 2639000.0,
        "Salaries And Wages": 18210000.0,
        "Total Revenue": 63555000.0,
        "Operating Revenue": 63555000.0,
        "Occupancy And Equipment": 2317000.0,
        "Professional Expense And Contract Services Expense": 5031000.0,
        "Other Non Interest Expense": 8950000.0
    },
    "2024-03-31": {
        "Tax Effect Of Unusual Items": 0.0,
        "Tax Rate For Calcs": 0.333,
        "Net Income From Continuing Operation Net Minority Interest": 16203000.0,
        "Reconciled Depreciation": -3193000.0,
        "Net Interest Income": 59709000.0,
        "Interest Expense": 52626000.0,
        "Interest Income": 112335000.0,
        "Normalized Income": 16203000.0,
        "Net Income From Continuing And Discontinued Operation": 16203000.0,
        "Diluted Average Shares": 11132989.0,
        "Basic Average Shares": 11132989.0,
        "Diluted EPS": 1.46,
        "Basic EPS": 1.46,
        "Diluted NI Availto Com Stockholders": 16203000.0,
        "Net Income Common Stockholders": 16203000.0,
        "Otherunder Preferred Stock Dividend": NaN,
        "Net Income": 16203000.0,
        "Net Income Including Noncontrolling Interests": 16203000.0,
        "Net Income Continuous Operations": 16203000.0,
        "Tax Provision": 8082000.0,
        "Pretax Income": 24285000.0,
        "Selling General And Administration": 22752000.0,
        "General And Administrative Expense": 22752000.0,
        "Insurance And Claims": 2925000.0,
        "Salaries And Wages": 19827000.0,
        "Total Revenue": 66713000.0,
        "Operating Revenue": 66713000.0,
        "Occupancy And Equipment": 2343000.0,
        "Professional Expense And Contract Services Expense": 5972000.0,
        "Other Non Interest Expense": 10833000.0
    },
    "2024-06-30": {
        "Tax Effect Of Unusual Items": 0.0,
        "Tax Rate For Calcs": 0.296613,
        "Net Income From Continuing Operation Net Minority Interest": 16799000.0,
        "Reconciled Depreciation": -2544000.0,
        "Net Interest Income": 61539000.0,
        "Interest Expense": 54222000.0,
        "Interest Income": 115761000.0,
        "Normalized Income": 16799000.0,
        "Net Income From Continuing And Discontinued Operation": 16799000.0,
        "Diluted Average Shares": 11199736.0,
        "Basic Average Shares": 11192936.0,
        "Diluted EPS": 1.5,
        "Basic EPS": 1.5,
        "Diluted NI Availto Com Stockholders": 16799000.0,
        "Net Income Common Stockholders": 16799000.0,
        "Otherunder Preferred Stock Dividend": NaN,
        "Net Income": 16799000.0,
        "Net Income Including Noncontrolling Interests": 16799000.0,
        "Net Income Continuous Operations": 16799000.0,
        "Tax Provision": 7084000.0,
        "Pretax Income": 23883000.0,
        "Selling General And Administration": 21457000.0,
        "General And Administrative Expense": 21457000.0,
        "Insurance And Claims": 2925000.0,
        "Salaries And Wages": 18532000.0,
        "Total Revenue": 67678000.0,
        "Operating Revenue": 67678000.0,
        "Occupancy And Equipment": 2322000.0,
        "Professional Expense And Contract Services Expense": 6916000.0,
        "Other Non Interest Expense": 11562000.0
    },
    "2024-09-30": {
        "Tax Effect Of Unusual Items": 0.0,
        "Tax Rate For Calcs": 0.301878,
        "Net Income From Continuing Operation Net Minority Interest": 12266000.0,
        "Reconciled Depreciation": -3294000.0,
        "Net Interest Income": 65233000.0,
        "Interest Expense": 55221000.0,
        "Interest Income": 120454000.0,
        "Normalized Income": 12266000.0,
        "Net Income From Continuing And Discontinued Operation": 12266000.0,
        "Diluted Average Shares": 11312773.0,
        "Basic Average Shares": 11193063.0,
        "Diluted EPS": 1.08,
        "Basic EPS": 1.1,
        "Diluted NI Availto Com Stockholders": 12266000.0,
        "Net Income Common Stockholders": 12266000.0,
        "Otherunder Preferred Stock Dividend": NaN,
        "Net Income": 12266000.0,
        "Net Income Including Noncontrolling Interests": 12266000.0,
        "Net Income Continuous Operations": 12266000.0,
        "Tax Provision": 5304000.0,
        "Pretax Income": 17570000.0,
        "Selling General And Administration": 22835000.0,
        "General And Administrative Expense": 22835000.0,
        "Insurance And Claims": 2950000.0,
        "Salaries And Wages": 19885000.0,
        "Total Revenue": 71518000.0,
        "Operating Revenue": 71518000.0,
        "Occupancy And Equipment": 2471000.0,
        "Professional Expense And Contract Services Expense": 4745000.0,
        "Other Non Interest Expense": 21206000.0
    }
}