{
    "2023-06-30": {
        "Tax Effect Of Unusual Items": 0.0,
        "Tax Rate For Calcs": 0.1935,
        "Net Income From Continuing Operation Net Minority Interest": 10312000.0,
        "Reconciled Depreciation": 82000.0,
        "Net Interest Income": 21146000.0,
        "Interest Expense": 5974000.0,
        "Interest Income": 27120000.0,
        "Normalized Income": 10312000.0,
        "Net Income From Continuing And Discontinued Operation": 10312000.0,
        "Diluted Average Shares": 34292179.0,
        "Basic Average Shares": 34292179.0,
        "Diluted EPS": 0.3,
        "Basic EPS": 0.3,
        "Diluted NI Availto Com Stockholders": 10312000.0,
        "Net Income Common Stockholders": 10312000.0,
        "Net Income": 10312000.0,
        "Net Income Including Noncontrolling Interests": 10312000.0,
        "Net Income Continuous Operations": 10312000.0,
        "Tax Provision": 2474000.0,
        "Pretax Income": 12786000.0,
        "Selling General And Administration": 7500000.0,
        "Selling And Marketing Expense": 205000.0,
        "General And Administrative Expense": 7295000.0,
        "Other Gand A": NaN,
        "Insurance And Claims": 452000.0,
        "Salaries And Wages": 6843000.0,
        "Total Revenue": 25357000.0,
        "Operating Revenue": 25357000.0
    },
    "2023-03-31": {
        "Tax Effect Of Unusual Items": 0.0,
        "Tax Rate For Calcs": 0.1986,
        "Net Income From Continuing Operation Net Minority Interest": 12004000.0,
        "Reconciled Depreciation": 160000.0,
        "Net Interest Income": 22616000.0,
        "Interest Expense": 4650000.0,
        "Interest Income": 27266000.0,
        "Normalized Income": 12004000.0,
        "Net Income From Continuing And Discontinued Operation": 12004000.0,
        "Diluted Average Shares": 34297221.0,
        "Basic Average Shares": 34297221.0,
        "Diluted EPS": 0.35,
        "Basic EPS": 0.35,
        "Diluted NI Availto Com Stockholders": 12004000.0,
        "Net Income Common Stockholders": 12004000.0,
        "Net Income": 12004000.0,
        "Net Income Including Noncontrolling Interests": 12004000.0,
        "Net Income Continuous Operations": 12004000.0,
        "Tax Provision": 2975000.0,
        "Pretax Income": 14979000.0,
        "Selling General And Administration": 8324000.0,
        "Selling And Marketing Expense": 219000.0,
        "General And Administrative Expense": 8105000.0,
        "Other Gand A": 955000.0,
        "Insurance And Claims": 452000.0,
        "Salaries And Wages": 6698000.0,
        "Total Revenue": 26760000.0,
        "Operating Revenue": 26760000.0
    },
    "2022-12-31": {
        "Tax Effect Of Unusual Items": 0.0,
        "Tax Rate For Calcs": 0.196379,
        "Net Income From Continuing Operation Net Minority Interest": 12117000.0,
        "Reconciled Depreciation": 65000.0,
        "Net Interest Income": 22867000.0,
        "Interest Expense": 2587000.0,
        "Interest Income": 25454000.0,
        "Normalized Income": 12117000.0,
        "Net Income From Continuing And Discontinued Operation": 12117000.0,
        "Diluted Average Shares": 34277839.0,
        "Basic Average Shares": 34277839.0,
        "Diluted EPS": 0.35,
        "Basic EPS": 0.35,
        "Diluted NI Availto Com Stockholders": 12117000.0,
        "Net Income Common Stockholders": 12117000.0,
        "Net Income": 12117000.0,
        "Net Income Including Noncontrolling Interests": 12117000.0,
        "Net Income Continuous Operations": 12117000.0,
        "Tax Provision": 2961000.0,
        "Pretax Income": 15078000.0,
        "Selling General And Administration": 4628000.0,
        "Selling And Marketing Expense": 217000.0,
        "General And Administrative Expense": 4411000.0,
        "Other Gand A": NaN,
        "Insurance And Claims": 340000.0,
        "Salaries And Wages": 6863000.0,
        "Total Revenue": 27499000.0,
        "Operating Revenue": 27499000.0
    },
    "2022-09-30": {
        "Tax Effect Of Unusual Items": 0.0,
        "Tax Rate For Calcs": 0.1985,
        "Net Income From Continuing Operation Net Minority Interest": 10045000.0,
        "Reconciled Depreciation": 289000.0,
        "Net Interest Income": 19771000.0,
        "Interest Expense": 1104000.0,
        "Interest Income": 20875000.0,
        "Normalized Income": 10045000.0,
        "Net Income From Continuing And Discontinued Operation": 10045000.0,
        "Diluted Average Shares": 34251792.0,
        "Basic Average Shares": 34251792.0,
        "Diluted EPS": 0.29,
        "Basic EPS": 0.29,
        "Diluted NI Availto Com Stockholders": 10045000.0,
        "Net Income Common Stockholders": 10045000.0,
        "Net Income": 10045000.0,
        "Net Income Including Noncontrolling Interests": 10045000.0,
        "Net Income Continuous Operations": 10045000.0,
        "Tax Provision": 2488000.0,
        "Pretax Income": 12533000.0,
        "Selling General And Administration": 8149000.0,
        "Selling And Marketing Expense": 196000.0,
        "General And Administrative Expense": 7953000.0,
        "Other Gand A": 984000.0,
        "Insurance And Claims": 330000.0,
        "Salaries And Wages": 6639000.0,
        "Total Revenue": 24255000.0,
        "Operating Revenue": 24255000.0
    },
    "2022-06-30": {
        "Tax Effect Of Unusual Items": 0.0,
        "Tax Rate For Calcs": 0.1852,
        "Net Income From Continuing Operation Net Minority Interest": 6568000.0,
        "Reconciled Depreciation": 467000.0,
        "Net Interest Income": 14843000.0,
        "Interest Expense": 592000.0,
        "Interest Income": 15435000.0,
        "Normalized Income": 6568000.0,
        "Net Income From Continuing And Discontinued Operation": 6568000.0,
        "Diluted Average Shares": 34253846.0,
        "Basic Average Shares": 34253846.0,
        "Diluted EPS": 0.19,
        "Basic EPS": 0.19,
        "Diluted NI Availto Com Stockholders": 6568000.0,
        "Net Income Common Stockholders": 6568000.0,
        "Net Income": 6568000.0,
        "Net Income Including Noncontrolling Interests": 6568000.0,
        "Net Income Continuous Operations": 6568000.0,
        "Tax Provision": 1493000.0,
        "Pretax Income": 8061000.0,
        "Selling General And Administration": 7847000.0,
        "Selling And Marketing Expense": 195000.0,
        "General And Administrative Expense": 7652000.0,
        "Other Gand A": 924000.0,
        "Insurance And Claims": 326000.0,
        "Salaries And Wages": 6402000.0,
        "Total Revenue": 19568000.0,
        "Operating Revenue": 19568000.0
    },
    "2022-03-31": {
        "Diluted EPS": 0.18,
        "Total Revenue": 18,
        "Gross Profit": 18,
        "Operating Income": 7,
        "EBIT": NaN,
        "Net Income": 6
    },
    "2021-12-31": {
        "Diluted EPS": 0.18,
        "Total Revenue": 19,
        "Gross Profit": 18,
        "Operating Income": 8,
        "EBIT": NaN,
        "Net Income": 6
    },
    "2021-09-30": {
        "Diluted EPS": 0.21,
        "Total Revenue": 20,
        "Gross Profit": 20,
        "Operating Income": 9,
        "EBIT": NaN,
        "Net Income": 7
    },
    "2021-06-30": {
        "Diluted EPS": 0.23,
        "Total Revenue": 21,
        "Gross Profit": 21,
        "Operating Income": 10,
        "EBIT": NaN,
        "Net Income": 8
    },
    "2021-03-31": {
        "Diluted EPS": 0.23,
        "Total Revenue": 22,
        "Gross Profit": 21,
        "Operating Income": 10,
        "EBIT": NaN,
        "Net Income": 8
    },
    "2020-12-31": {
        "Diluted EPS": 0.26,
        "Total Revenue": 24,
        "Gross Profit": 24,
        "Operating Income": 11,
        "EBIT": NaN,
        "Net Income": 9
    },
    "2020-09-30": {
        "Diluted EPS": 0.21,
        "Total Revenue": 22,
        "Gross Profit": 21,
        "Operating Income": 9,
        "EBIT": NaN,
        "Net Income": 7
    },
    "2020-06-30": {
        "Diluted EPS": 0.22,
        "Total Revenue": 22,
        "Gross Profit": 21,
        "Operating Income": 9,
        "EBIT": NaN,
        "Net Income": 8
    },
    "2020-03-31": {
        "Diluted EPS": 0.19,
        "Total Revenue": 22,
        "Gross Profit": 20,
        "Operating Income": 8,
        "EBIT": NaN,
        "Net Income": 6
    },
    "2019-12-31": {
        "Diluted EPS": 0.24,
        "Total Revenue": 24,
        "Gross Profit": 21,
        "Operating Income": 10,
        "EBIT": NaN,
        "Net Income": 8
    },
    "2019-09-30": {
        "Diluted EPS": 0.24,
        "Total Revenue": 24,
        "Gross Profit": 21,
        "Operating Income": 10,
        "EBIT": NaN,
        "Net Income": 8
    },
    "2019-06-30": {
        "Diluted EPS": 0.24,
        "Total Revenue": 24,
        "Gross Profit": 21,
        "Operating Income": 10,
        "EBIT": NaN,
        "Net Income": 8
    },
    "2019-03-31": {
        "Diluted EPS": 0.22,
        "Total Revenue": 24,
        "Gross Profit": 20,
        "Operating Income": 9,
        "EBIT": NaN,
        "Net Income": 8
    },
    "2018-12-31": {
        "Diluted EPS": 0.21,
        "Total Revenue": 23,
        "Gross Profit": 20,
        "Operating Income": 9,
        "EBIT": NaN,
        "Net Income": 7
    },
    "2018-09-30": {
        "Diluted EPS": 0.2,
        "Total Revenue": 22,
        "Gross Profit": 20,
        "Operating Income": 8,
        "EBIT": NaN,
        "Net Income": 7
    },
    "2018-06-30": {
        "Diluted EPS": 0.2,
        "Total Revenue": 21,
        "Gross Profit": 19,
        "Operating Income": 8,
        "EBIT": NaN,
        "Net Income": 7
    },
    "2018-03-31": {
        "Diluted EPS": 0.17,
        "Total Revenue": 20,
        "Gross Profit": 18,
        "Operating Income": 7,
        "EBIT": NaN,
        "Net Income": 6
    },
    "2017-12-31": {
        "Diluted EPS": 0.07,
        "Total Revenue": 20,
        "Gross Profit": 18,
        "Operating Income": 7,
        "EBIT": NaN,
        "Net Income": 2
    },
    "2017-09-30": {
        "Diluted EPS": 0.14,
        "Total Revenue": 19,
        "Gross Profit": 17,
        "Operating Income": 7,
        "EBIT": NaN,
        "Net Income": 5
    },
    "2017-06-30": {
        "Diluted EPS": 0.14,
        "Total Revenue": 19,
        "Gross Profit": 17,
        "Operating Income": 7,
        "EBIT": NaN,
        "Net Income": 5
    },
    "2017-03-31": {
        "Diluted EPS": 0.13,
        "Total Revenue": 18,
        "Gross Profit": 17,
        "Operating Income": 6,
        "EBIT": NaN,
        "Net Income": 4
    },
    "2016-12-31": {
        "Diluted EPS": 0.12,
        "Total Revenue": 18,
        "Gross Profit": 17,
        "Operating Income": 6,
        "EBIT": NaN,
        "Net Income": 4
    },
    "2016-09-30": {
        "Diluted EPS": 0.14,
        "Total Revenue": 18,
        "Gross Profit": 17,
        "Operating Income": 6,
        "EBIT": NaN,
        "Net Income": 5
    },
    "2016-06-30": {
        "Diluted EPS": 0.11,
        "Total Revenue": 17,
        "Gross Profit": 16,
        "Operating Income": 5,
        "EBIT": NaN,
        "Net Income": 4
    },
    "2016-03-31": {
        "Diluted EPS": 0.1,
        "Total Revenue": 18,
        "Gross Profit": 16,
        "Operating Income": 5,
        "EBIT": NaN,
        "Net Income": 3
    },
    "2015-12-31": {
        "Diluted EPS": 0.12,
        "Total Revenue": 17,
        "Gross Profit": 16,
        "Operating Income": 5,
        "EBIT": NaN,
        "Net Income": 4
    },
    "2015-09-30": {
        "Diluted EPS": 0.09,
        "Total Revenue": 17,
        "Gross Profit": 16,
        "Operating Income": 5,
        "EBIT": NaN,
        "Net Income": 3
    },
    "2015-06-30": {
        "Diluted EPS": 0.09,
        "Total Revenue": 17,
        "Gross Profit": 15,
        "Operating Income": 5,
        "EBIT": NaN,
        "Net Income": 3
    },
    "2015-03-31": {
        "Diluted EPS": 0.08,
        "Total Revenue": 16,
        "Gross Profit": 15,
        "Operating Income": 4,
        "EBIT": NaN,
        "Net Income": 3
    },
    "2014-12-31": {
        "Diluted EPS": 0.07,
        "Total Revenue": 16,
        "Gross Profit": 15,
        "Operating Income": 3,
        "EBIT": NaN,
        "Net Income": 2
    },
    "2014-09-30": {
        "Diluted EPS": 0.08,
        "Total Revenue": 16,
        "Gross Profit": 15,
        "Operating Income": 4,
        "EBIT": NaN,
        "Net Income": 3
    },
    "2014-06-30": {
        "Diluted EPS": 0.08,
        "Total Revenue": 16,
        "Gross Profit": 14,
        "Operating Income": 4,
        "EBIT": NaN,
        "Net Income": 3
    },
    "2014-03-31": {
        "Diluted EPS": 0.08,
        "Total Revenue": 15,
        "Gross Profit": 14,
        "Operating Income": 4,
        "EBIT": NaN,
        "Net Income": 3
    },
    "2013-12-31": {
        "Diluted EPS": -0.56,
        "Total Revenue": 16,
        "Gross Profit": 14,
        "Operating Income": 3,
        "EBIT": NaN,
        "Net Income": -15
    },
    "2013-09-30": {
        "Diluted EPS": 0.08,
        "Total Revenue": 16,
        "Gross Profit": 14,
        "Operating Income": 3,
        "EBIT": NaN,
        "Net Income": 2
    },
    "2013-06-30": {
        "Diluted EPS": 0.1,
        "Total Revenue": 17,
        "Gross Profit": 15,
        "Operating Income": 4,
        "EBIT": NaN,
        "Net Income": 3
    },
    "2013-03-31": {
        "Diluted EPS": 0.09,
        "Total Revenue": 16,
        "Gross Profit": 14,
        "Operating Income": 4,
        "EBIT": NaN,
        "Net Income": 2
    },
    "2012-12-31": {
        "Diluted EPS": 0.78,
        "Total Revenue": 17,
        "Gross Profit": 15,
        "Operating Income": 2,
        "EBIT": NaN,
        "Net Income": 21
    },
    "2012-09-30": {
        "Diluted EPS": 0.24,
        "Total Revenue": 20,
        "Gross Profit": 18,
        "Operating Income": 7,
        "EBIT": NaN,
        "Net Income": 7
    },
    "2012-06-30": {
        "Diluted EPS": 0.12,
        "Total Revenue": 18,
        "Gross Profit": 15,
        "Operating Income": 3,
        "EBIT": NaN,
        "Net Income": 3
    },
    "2012-03-31": {
        "Diluted EPS": 0.17,
        "Total Revenue": 18,
        "Gross Profit": 15,
        "Operating Income": 4,
        "EBIT": NaN,
        "Net Income": 4
    },
    "2011-12-31": {
        "Diluted EPS": 0.02,
        "Total Revenue": 18,
        "Gross Profit": 15,
        "Operating Income": 1,
        "EBIT": NaN,
        "Net Income": 1
    },
    "2011-09-30": {
        "Diluted EPS": 0.04,
        "Total Revenue": 19,
        "Gross Profit": 15,
        "Operating Income": 1,
        "EBIT": NaN,
        "Net Income": 1
    },
    "2011-06-30": {
        "Diluted EPS": 0.13,
        "Total Revenue": 19,
        "Gross Profit": 15,
        "Operating Income": 2,
        "EBIT": NaN,
        "Net Income": 2
    },
    "2011-03-31": {
        "Diluted EPS": 0.07,
        "Total Revenue": 20,
        "Gross Profit": 15,
        "Operating Income": 1,
        "EBIT": NaN,
        "Net Income": 1
    },
    "2010-12-31": {
        "Diluted EPS": 0.04,
        "Total Revenue": 22,
        "Gross Profit": 17,
        "Operating Income": 1,
        "EBIT": NaN,
        "Net Income": 1
    },
    "2010-09-30": {
        "Diluted EPS": 0.04,
        "Total Revenue": 22,
        "Gross Profit": 16,
        "Operating Income": 1,
        "EBIT": NaN,
        "Net Income": 1
    },
    "2010-06-30": {
        "Diluted EPS": 0.1,
        "Total Revenue": 26,
        "Gross Profit": 19,
        "Operating Income": 3,
        "EBIT": NaN,
        "Net Income": 2
    },
    "2010-03-31": {
        "Diluted EPS": -1.19,
        "Total Revenue": 24,
        "Gross Profit": 16,
        "Operating Income": -21,
        "EBIT": NaN,
        "Net Income": -21
    },
    "2009-12-31": {
        "Diluted EPS": -0.51,
        "Total Revenue": 26,
        "Gross Profit": 17,
        "Operating Income": -21,
        "EBIT": NaN,
        "Net Income": -9
    },
    "2009-09-30": {
        "Diluted EPS": -1.18,
        "Total Revenue": 27,
        "Gross Profit": 17,
        "Operating Income": -20,
        "EBIT": NaN,
        "Net Income": -21
    },
    "2009-06-30": {
        "Diluted EPS": -1.82,
        "Total Revenue": 29,
        "Gross Profit": 18,
        "Operating Income": -24,
        "EBIT": NaN,
        "Net Income": -31
    },
    "2009-03-31": {
        "Diluted EPS": -0.3,
        "Total Revenue": 30,
        "Gross Profit": 18,
        "Operating Income": -7,
        "EBIT": NaN,
        "Net Income": -5
    },
    "2023-09-30": {
        "Tax Effect Of Unusual Items": 0.0,
        "Tax Rate For Calcs": 0.1975,
        "Net Income From Continuing Operation Net Minority Interest": 11413000.0,
        "Reconciled Depreciation": 24000.0,
        "Net Interest Income": 22244000.0,
        "Interest Expense": 7543000.0,
        "Interest Income": 29787000.0,
        "Normalized Income": 11413000.0,
        "Net Income From Continuing And Discontinued Operation": 11413000.0,
        "Diluted Average Shares": 34291487.0,
        "Basic Average Shares": 34291487.0,
        "Diluted EPS": 0.33,
        "Basic EPS": 0.33,
        "Diluted NI Availto Com Stockholders": 11413000.0,
        "Net Income Common Stockholders": 11413000.0,
        "Net Income": 11413000.0,
        "Net Income Including Noncontrolling Interests": 11413000.0,
        "Net Income Continuous Operations": 11413000.0,
        "Tax Provision": 2808000.0,
        "Pretax Income": 14221000.0,
        "Selling General And Administration": 7627000.0,
        "Selling And Marketing Expense": 225000.0,
        "General And Administrative Expense": 7402000.0,
        "Other Gand A": NaN,
        "Insurance And Claims": 453000.0,
        "Salaries And Wages": 6949000.0,
        "Total Revenue": 26434000.0,
        "Operating Revenue": 26434000.0
    },
    "2023-12-31": {
        "Tax Effect Of Unusual Items": 0.0,
        "Tax Rate For Calcs": 0.192671,
        "Net Income From Continuing Operation Net Minority Interest": 9495000.0,
        "Reconciled Depreciation": 50000.0,
        "Net Interest Income": 21440000.0,
        "Interest Expense": 8197000.0,
        "Interest Income": 29637000.0,
        "Normalized Income": 9495000.0,
        "Net Income From Continuing And Discontinued Operation": 9495000.0,
        "Diluted Average Shares": NaN,
        "Basic Average Shares": NaN,
        "Diluted EPS": NaN,
        "Basic EPS": NaN,
        "Diluted NI Availto Com Stockholders": 9495000.0,
        "Net Income Common Stockholders": 9495000.0,
        "Net Income": 9495000.0,
        "Net Income Including Noncontrolling Interests": 9495000.0,
        "Net Income Continuous Operations": 9495000.0,
        "Tax Provision": 2266000.0,
        "Pretax Income": 11761000.0,
        "Selling General And Administration": 8739000.0,
        "Selling And Marketing Expense": 155000.0,
        "General And Administrative Expense": 8584000.0,
        "Other Gand A": NaN,
        "Insurance And Claims": 454000.0,
        "Salaries And Wages": 8130000.0,
        "Total Revenue": 25704000.0,
        "Operating Revenue": 25704000.0
    }
}