{
    "2023-06-30": {
        "Tax Effect Of Unusual Items": 0.0,
        "Tax Rate For Calcs": 0.296,
        "Net Income From Continuing Operation Net Minority Interest": 13108000.0,
        "Reconciled Depreciation": 544000.0,
        "Net Interest Income": 24970000.0,
        "Interest Expense": 22512000.0,
        "Interest Income": 47482000.0,
        "Normalized Income": 13108000.0,
        "Net Income From Continuing And Discontinued Operation": 13108000.0,
        "Diluted Average Shares": 25477143.0,
        "Basic Average Shares": 25188567.0,
        "Diluted EPS": 0.51,
        "Basic EPS": 0.52,
        "Diluted NI Availto Com Stockholders": 13108000.0,
        "Net Income Common Stockholders": 13108000.0,
        "Net Income": 13108000.0,
        "Net Income Including Noncontrolling Interests": 13108000.0,
        "Net Income Continuous Operations": 13108000.0,
        "Tax Provision": 5505000.0,
        "Pretax Income": 18613000.0,
        "Selling General And Administration": 7268000.0,
        "Selling And Marketing Expense": 165000.0,
        "General And Administrative Expense": 7103000.0,
        "Other Gand A": NaN,
        "Salaries And Wages": 7103000.0,
        "Total Revenue": 29731000.0,
        "Operating Revenue": 29731000.0
    },
    "2023-03-31": {
        "Tax Effect Of Unusual Items": 0.0,
        "Tax Rate For Calcs": 0.271,
        "Net Income From Continuing Operation Net Minority Interest": 15730000.0,
        "Reconciled Depreciation": 705000.0,
        "Net Interest Income": 26233000.0,
        "Interest Expense": 19732000.0,
        "Interest Income": 45965000.0,
        "Normalized Income": 15730000.0,
        "Net Income From Continuing And Discontinued Operation": 15730000.0,
        "Diluted Average Shares": 25405855.0,
        "Basic Average Shares": 25144683.0,
        "Diluted EPS": 0.62,
        "Basic EPS": 0.63,
        "Diluted NI Availto Com Stockholders": 15730000.0,
        "Net Income Common Stockholders": 15730000.0,
        "Net Income": 15730000.0,
        "Net Income Including Noncontrolling Interests": 15730000.0,
        "Net Income Continuous Operations": 15730000.0,
        "Tax Provision": 5840000.0,
        "Pretax Income": 21570000.0,
        "Selling General And Administration": 6512000.0,
        "Selling And Marketing Expense": 146000.0,
        "General And Administrative Expense": 6366000.0,
        "Other Gand A": NaN,
        "Salaries And Wages": 6366000.0,
        "Total Revenue": 32249000.0,
        "Operating Revenue": 32249000.0
    },
    "2022-12-31": {
        "Tax Effect Of Unusual Items": 0.0,
        "Tax Rate For Calcs": 0.326,
        "Net Income From Continuing Operation Net Minority Interest": 13171000.0,
        "Reconciled Depreciation": 1210000.0,
        "Net Interest Income": 28950000.0,
        "Interest Expense": 14995000.0,
        "Interest Income": 43945000.0,
        "Normalized Income": 13171000.0,
        "Net Income From Continuing And Discontinued Operation": 13171000.0,
        "Diluted Average Shares": 25558772.0,
        "Basic Average Shares": 25281422.0,
        "Diluted EPS": 0.52,
        "Basic EPS": 0.52,
        "Diluted NI Availto Com Stockholders": 13171000.0,
        "Net Income Common Stockholders": 13171000.0,
        "Net Income": 13171000.0,
        "Net Income Including Noncontrolling Interests": 13171000.0,
        "Net Income Continuous Operations": 13171000.0,
        "Tax Provision": 6362000.0,
        "Pretax Income": 19533000.0,
        "Selling General And Administration": 7893000.0,
        "Selling And Marketing Expense": 172000.0,
        "General And Administrative Expense": 7721000.0,
        "Other Gand A": NaN,
        "Salaries And Wages": 7721000.0,
        "Total Revenue": 30744000.0,
        "Operating Revenue": 30744000.0
    },
    "2022-09-30": {
        "Tax Effect Of Unusual Items": 0.0,
        "Tax Rate For Calcs": 0.293,
        "Net Income From Continuing Operation Net Minority Interest": 16893000.0,
        "Reconciled Depreciation": 1249000.0,
        "Net Interest Income": 29788000.0,
        "Interest Expense": 8509000.0,
        "Interest Income": 38297000.0,
        "Normalized Income": 16893000.0,
        "Net Income From Continuing And Discontinued Operation": 16893000.0,
        "Diluted Average Shares": 25702023.0,
        "Basic Average Shares": 25433307.0,
        "Diluted EPS": 0.66,
        "Basic EPS": 0.66,
        "Diluted NI Availto Com Stockholders": 16893000.0,
        "Net Income Common Stockholders": 16893000.0,
        "Net Income": 16893000.0,
        "Net Income Including Noncontrolling Interests": 16893000.0,
        "Net Income Continuous Operations": 16893000.0,
        "Tax Provision": 7011000.0,
        "Pretax Income": 23904000.0,
        "Selling General And Administration": 7914000.0,
        "Selling And Marketing Expense": 158000.0,
        "General And Administrative Expense": 7756000.0,
        "Other Gand A": 270000.0,
        "Salaries And Wages": 7756000.0,
        "Total Revenue": 34889000.0,
        "Operating Revenue": 34889000.0
    },
    "2022-06-30": {
        "Tax Effect Of Unusual Items": 0.0,
        "Tax Rate For Calcs": 0.26,
        "Net Income From Continuing Operation Net Minority Interest": 16100000.0,
        "Reconciled Depreciation": 705000.0,
        "Net Interest Income": 30220000.0,
        "Interest Expense": 2805000.0,
        "Interest Income": 33025000.0,
        "Normalized Income": 16100000.0,
        "Net Income From Continuing And Discontinued Operation": 16100000.0,
        "Diluted Average Shares": 25729156.0,
        "Basic Average Shares": 25459003.0,
        "Diluted EPS": 0.63,
        "Basic EPS": 0.63,
        "Diluted NI Availto Com Stockholders": 16100000.0,
        "Net Income Common Stockholders": 16100000.0,
        "Net Income": 16100000.0,
        "Net Income Including Noncontrolling Interests": 16100000.0,
        "Net Income Continuous Operations": 16100000.0,
        "Tax Provision": 5654000.0,
        "Pretax Income": 21754000.0,
        "Selling General And Administration": 8055000.0,
        "Selling And Marketing Expense": 126000.0,
        "General And Administrative Expense": 7929000.0,
        "Other Gand A": 261000.0,
        "Salaries And Wages": 7929000.0,
        "Total Revenue": 34873000.0,
        "Operating Revenue": 34873000.0
    },
    "2022-03-31": {
        "Diluted EPS": 0.76,
        "Total Revenue": 40,
        "Gross Profit": 38,
        "Operating Income": 26,
        "EBIT": NaN,
        "Net Income": 19
    },
    "2021-12-31": {
        "Diluted EPS": 0.67,
        "Total Revenue": 38,
        "Gross Profit": 37,
        "Operating Income": 24,
        "EBIT": NaN,
        "Net Income": 17
    },
    "2021-09-30": {
        "Diluted EPS": 0.66,
        "Total Revenue": 39,
        "Gross Profit": 38,
        "Operating Income": 22,
        "EBIT": NaN,
        "Net Income": 17
    },
    "2021-06-30": {
        "Diluted EPS": 0.56,
        "Total Revenue": 34,
        "Gross Profit": 33,
        "Operating Income": 19,
        "EBIT": NaN,
        "Net Income": 14
    },
    "2021-03-31": {
        "Diluted EPS": 0.5,
        "Total Revenue": 31,
        "Gross Profit": 30,
        "Operating Income": 17,
        "EBIT": NaN,
        "Net Income": 13
    },
    "2020-12-31": {
        "Diluted EPS": 0.37,
        "Total Revenue": 26,
        "Gross Profit": 25,
        "Operating Income": 13,
        "EBIT": NaN,
        "Net Income": 9
    },
    "2020-09-30": {
        "Diluted EPS": 0.36,
        "Total Revenue": 26,
        "Gross Profit": 24,
        "Operating Income": 12,
        "EBIT": NaN,
        "Net Income": 9
    },
    "2020-06-30": {
        "Diluted EPS": 0.3,
        "Total Revenue": 25,
        "Gross Profit": 21,
        "Operating Income": 11,
        "EBIT": NaN,
        "Net Income": 8
    },
    "2020-03-31": {
        "Diluted EPS": 0.38,
        "Total Revenue": 28,
        "Gross Profit": 24,
        "Operating Income": 13,
        "EBIT": NaN,
        "Net Income": 10
    },
    "2019-12-31": {
        "Diluted EPS": 0.42,
        "Total Revenue": 30,
        "Gross Profit": 24,
        "Operating Income": 14,
        "EBIT": NaN,
        "Net Income": 11
    },
    "2019-09-30": {
        "Diluted EPS": 0.5,
        "Total Revenue": 33,
        "Gross Profit": 27,
        "Operating Income": 17,
        "EBIT": NaN,
        "Net Income": 12
    },
    "2019-06-30": {
        "Diluted EPS": 0.53,
        "Total Revenue": 33,
        "Gross Profit": 27,
        "Operating Income": 17,
        "EBIT": NaN,
        "Net Income": 13
    },
    "2019-03-31": {
        "Diluted EPS": 0.36,
        "Total Revenue": 27,
        "Gross Profit": 22,
        "Operating Income": 12,
        "EBIT": NaN,
        "Net Income": 9
    },
    "2018-12-31": {
        "Diluted EPS": 0.0,
        "Total Revenue": NaN,
        "Gross Profit": NaN,
        "Operating Income": NaN,
        "EBIT": NaN,
        "Net Income": NaN
    },
    "2018-09-30": {
        "Diluted EPS": 0.4,
        "Total Revenue": 28,
        "Gross Profit": 24,
        "Operating Income": 13,
        "EBIT": NaN,
        "Net Income": 10
    },
    "2017-12-31": {
        "Diluted EPS": 0.0,
        "Total Revenue": NaN,
        "Gross Profit": NaN,
        "Operating Income": NaN,
        "EBIT": NaN,
        "Net Income": NaN
    }
}