{
    "2023-03-31": {
        "Tax Effect Of Unusual Items": 0.0,
        "Tax Rate For Calcs": 0.228,
        "Normalized EBITDA": 32843000.0,
        "Total Unusual Items": 0.0,
        "Total Unusual Items Excluding Goodwill": 0.0,
        "Net Income From Continuing Operation Net Minority Interest": 22782000.0,
        "Reconciled Depreciation": 2622000.0,
        "Reconciled Cost Of Revenue": 122045000.0,
        "EBITDA": 32843000.0,
        "EBIT": 30221000.0,
        "Net Interest Income": 500000.0,
        "Interest Expense": 695000.0,
        "Interest Income": 1195000.0,
        "Normalized Income": 22782000.0,
        "Net Income From Continuing And Discontinued Operation": 22510000.0,
        "Total Expenses": 137750000.0,
        "Total Operating Income As Reported": 29026000.0,
        "Diluted Average Shares": 17748910.0,
        "Basic Average Shares": 17559920.0,
        "Diluted EPS": 1.27,
        "Basic EPS": 1.28,
        "Diluted NI Availto Com Stockholders": 22510000.0,
        "Net Income Common Stockholders": 22510000.0,
        "Net Income": 22510000.0,
        "Net Income Including Noncontrolling Interests": 22510000.0,
        "Net Income Discontinuous Operations": -272000.0,
        "Net Income Continuous Operations": 22782000.0,
        "Tax Provision": 6744000.0,
        "Pretax Income": 29526000.0,
        "Special Income Charges": 0.0,
        "Impairment Of Capital Assets": 0.0,
        "Net Non Operating Interest Income Expense": 500000.0,
        "Interest Expense Non Operating": 695000.0,
        "Interest Income Non Operating": 1195000.0,
        "Operating Income": 29026000.0,
        "Operating Expense": 13572000.0,
        "Depreciation Amortization Depletion Income Statement": 489000.0,
        "Depreciation And Amortization In Income Statement": 489000.0,
        "Amortization": 489000.0,
        "Amortization Of Intangibles Income Statement": 489000.0,
        "Selling General And Administration": 13083000.0,
        "Selling And Marketing Expense": 3927000.0,
        "General And Administrative Expense": 9156000.0,
        "Other Gand A": 9156000.0,
        "Gross Profit": 42598000.0,
        "Cost Of Revenue": 124178000.0,
        "Total Revenue": 166776000.0,
        "Operating Revenue": 166776000.0
    },
    "2022-12-31": {
        "Tax Effect Of Unusual Items": NaN,
        "Tax Rate For Calcs": NaN,
        "Normalized EBITDA": NaN,
        "Total Unusual Items": 0.0,
        "Total Unusual Items Excluding Goodwill": 0.0,
        "Net Income From Continuing Operation Net Minority Interest": NaN,
        "Reconciled Depreciation": NaN,
        "Reconciled Cost Of Revenue": NaN,
        "EBITDA": NaN,
        "EBIT": NaN,
        "Net Interest Income": NaN,
        "Interest Expense": NaN,
        "Interest Income": NaN,
        "Normalized Income": NaN,
        "Net Income From Continuing And Discontinued Operation": NaN,
        "Total Expenses": NaN,
        "Total Operating Income As Reported": NaN,
        "Diluted Average Shares": NaN,
        "Basic Average Shares": NaN,
        "Diluted EPS": NaN,
        "Basic EPS": NaN,
        "Diluted NI Availto Com Stockholders": NaN,
        "Net Income Common Stockholders": NaN,
        "Net Income": NaN,
        "Net Income Including Noncontrolling Interests": NaN,
        "Net Income Discontinuous Operations": NaN,
        "Net Income Continuous Operations": NaN,
        "Tax Provision": NaN,
        "Pretax Income": NaN,
        "Special Income Charges": 0.0,
        "Impairment Of Capital Assets": 0.0,
        "Net Non Operating Interest Income Expense": NaN,
        "Interest Expense Non Operating": NaN,
        "Interest Income Non Operating": NaN,
        "Operating Income": NaN,
        "Operating Expense": NaN,
        "Depreciation Amortization Depletion Income Statement": NaN,
        "Depreciation And Amortization In Income Statement": NaN,
        "Amortization": NaN,
        "Amortization Of Intangibles Income Statement": NaN,
        "Selling General And Administration": NaN,
        "Selling And Marketing Expense": NaN,
        "General And Administrative Expense": NaN,
        "Other Gand A": NaN,
        "Gross Profit": NaN,
        "Cost Of Revenue": NaN,
        "Total Revenue": NaN,
        "Operating Revenue": NaN
    },
    "2022-09-30": {
        "Tax Effect Of Unusual Items": NaN,
        "Tax Rate For Calcs": NaN,
        "Normalized EBITDA": NaN,
        "Total Unusual Items": 0.0,
        "Total Unusual Items Excluding Goodwill": 0.0,
        "Net Income From Continuing Operation Net Minority Interest": NaN,
        "Reconciled Depreciation": NaN,
        "Reconciled Cost Of Revenue": NaN,
        "EBITDA": NaN,
        "EBIT": NaN,
        "Net Interest Income": NaN,
        "Interest Expense": NaN,
        "Interest Income": NaN,
        "Normalized Income": NaN,
        "Net Income From Continuing And Discontinued Operation": NaN,
        "Total Expenses": NaN,
        "Total Operating Income As Reported": NaN,
        "Diluted Average Shares": NaN,
        "Basic Average Shares": NaN,
        "Diluted EPS": NaN,
        "Basic EPS": NaN,
        "Diluted NI Availto Com Stockholders": NaN,
        "Net Income Common Stockholders": NaN,
        "Net Income": NaN,
        "Net Income Including Noncontrolling Interests": NaN,
        "Net Income Discontinuous Operations": NaN,
        "Net Income Continuous Operations": NaN,
        "Tax Provision": NaN,
        "Pretax Income": NaN,
        "Special Income Charges": 0.0,
        "Impairment Of Capital Assets": 0.0,
        "Net Non Operating Interest Income Expense": NaN,
        "Interest Expense Non Operating": NaN,
        "Interest Income Non Operating": NaN,
        "Operating Income": NaN,
        "Operating Expense": NaN,
        "Depreciation Amortization Depletion Income Statement": NaN,
        "Depreciation And Amortization In Income Statement": NaN,
        "Amortization": NaN,
        "Amortization Of Intangibles Income Statement": NaN,
        "Selling General And Administration": NaN,
        "Selling And Marketing Expense": NaN,
        "General And Administrative Expense": NaN,
        "Other Gand A": NaN,
        "Gross Profit": NaN,
        "Cost Of Revenue": NaN,
        "Total Revenue": NaN,
        "Operating Revenue": NaN
    },
    "2022-06-30": {
        "Tax Effect Of Unusual Items": -6028748.082174,
        "Tax Rate For Calcs": 0.252958,
        "Normalized EBITDA": 40594000.0,
        "Total Unusual Items": -23833000.0,
        "Total Unusual Items Excluding Goodwill": -23833000.0,
        "Net Income From Continuing Operation Net Minority Interest": 11491000.0,
        "Reconciled Depreciation": 988000.0,
        "Reconciled Cost Of Revenue": 162643000.0,
        "EBITDA": 16761000.0,
        "EBIT": 15773000.0,
        "Net Interest Income": -391000.0,
        "Interest Expense": 391000.0,
        "Interest Income": NaN,
        "Normalized Income": 29295251.917826,
        "Net Income From Continuing And Discontinued Operation": 11491000.0,
        "Total Expenses": 178046000.0,
        "Total Operating Income As Reported": 15773000.0,
        "Diluted Average Shares": 18155447.0,
        "Basic Average Shares": 17952270.0,
        "Diluted EPS": 0.63,
        "Basic EPS": 0.64,
        "Diluted NI Availto Com Stockholders": 11491000.0,
        "Net Income Common Stockholders": 11491000.0,
        "Net Income": 11491000.0,
        "Net Income Including Noncontrolling Interests": 11491000.0,
        "Net Income Discontinuous Operations": NaN,
        "Net Income Continuous Operations": 11491000.0,
        "Tax Provision": 3891000.0,
        "Pretax Income": 15382000.0,
        "Other Income Expense": -23833000.0,
        "Special Income Charges": -23833000.0,
        "Impairment Of Capital Assets": 23833000.0,
        "Net Non Operating Interest Income Expense": -391000.0,
        "Interest Expense Non Operating": 391000.0,
        "Interest Income Non Operating": NaN,
        "Operating Income": 39606000.0,
        "Operating Expense": 15403000.0,
        "Depreciation Amortization Depletion Income Statement": 988000.0,
        "Depreciation And Amortization In Income Statement": 988000.0,
        "Amortization": 988000.0,
        "Amortization Of Intangibles Income Statement": 988000.0,
        "Selling General And Administration": 14415000.0,
        "Selling And Marketing Expense": 3336000.0,
        "General And Administrative Expense": 11079000.0,
        "Other Gand A": 11079000.0,
        "Gross Profit": 55009000.0,
        "Cost Of Revenue": 162643000.0,
        "Total Revenue": 217652000.0,
        "Operating Revenue": 217652000.0
    },
    "2022-03-31": {
        "Diluted EPS": 1.13,
        "Total Revenue": 169,
        "Gross Profit": 44,
        "Operating Income": 32,
        "EBIT": 34,
        "Net Income": 21
    },
    "2021-12-31": {
        "Diluted EPS": 0.81,
        "Total Revenue": 144,
        "Gross Profit": 36,
        "Operating Income": 24,
        "EBIT": 26,
        "Net Income": 15
    },
    "2021-09-30": {
        "Diluted EPS": 0.55,
        "Total Revenue": 131,
        "Gross Profit": 31,
        "Operating Income": 16,
        "EBIT": 20,
        "Net Income": 10
    },
    "2021-06-30": {
        "Diluted EPS": 0.86,
        "Total Revenue": 156,
        "Gross Profit": 37,
        "Operating Income": 23,
        "EBIT": 26,
        "Net Income": 17
    },
    "2021-03-31": {
        "Diluted EPS": 0.93,
        "Total Revenue": 148,
        "Gross Profit": 37,
        "Operating Income": 23,
        "EBIT": 26,
        "Net Income": 18
    },
    "2020-12-31": {
        "Diluted EPS": 0.66,
        "Total Revenue": 119,
        "Gross Profit": 29,
        "Operating Income": 17,
        "EBIT": 20,
        "Net Income": 13
    },
    "2020-09-30": {
        "Diluted EPS": 0.51,
        "Total Revenue": 104,
        "Gross Profit": 26,
        "Operating Income": 13,
        "EBIT": 16,
        "Net Income": 10
    },
    "2020-06-30": {
        "Diluted EPS": -0.15,
        "Total Revenue": 51,
        "Gross Profit": 7,
        "Operating Income": -2,
        "EBIT": 1,
        "Net Income": -3
    },
    "2020-03-31": {
        "Diluted EPS": -1.96,
        "Total Revenue": 103,
        "Gross Profit": 21,
        "Operating Income": -47,
        "EBIT": -44,
        "Net Income": -37
    },
    "2019-12-31": {
        "Diluted EPS": 0.37,
        "Total Revenue": 100,
        "Gross Profit": 21,
        "Operating Income": 10,
        "EBIT": 13,
        "Net Income": 7
    },
    "2019-09-30": {
        "Diluted EPS": 0.46,
        "Total Revenue": 110,
        "Gross Profit": 26,
        "Operating Income": 13,
        "EBIT": 15,
        "Net Income": 9
    },
    "2019-06-30": {
        "Diluted EPS": -0.53,
        "Total Revenue": 123,
        "Gross Profit": 31,
        "Operating Income": -12,
        "EBIT": -9,
        "Net Income": -10
    },
    "2019-03-31": {
        "Diluted EPS": 0.68,
        "Total Revenue": 128,
        "Gross Profit": 31,
        "Operating Income": 18,
        "EBIT": 21,
        "Net Income": 13
    },
    "2018-12-31": {
        "Diluted EPS": 0.54,
        "Total Revenue": 122,
        "Gross Profit": 27,
        "Operating Income": 15,
        "EBIT": 17,
        "Net Income": 10
    },
    "2018-09-30": {
        "Diluted EPS": 0.45,
        "Total Revenue": 94,
        "Gross Profit": 23,
        "Operating Income": 12,
        "EBIT": 13,
        "Net Income": 8
    },
    "2018-06-30": {
        "Diluted EPS": 0.7,
        "Total Revenue": 95,
        "Gross Profit": 28,
        "Operating Income": 19,
        "EBIT": 20,
        "Net Income": 13
    },
    "2018-03-31": {
        "Diluted EPS": 0.61,
        "Total Revenue": 94,
        "Gross Profit": 24,
        "Operating Income": 15,
        "EBIT": 17,
        "Net Income": 11
    },
    "2017-12-31": {
        "Diluted EPS": 0.43,
        "Total Revenue": 78,
        "Gross Profit": 20,
        "Operating Income": 11,
        "EBIT": 12,
        "Net Income": 8
    },
    "2017-09-30": {
        "Diluted EPS": 0.38,
        "Total Revenue": 65,
        "Gross Profit": 18,
        "Operating Income": 11,
        "EBIT": 12,
        "Net Income": 7
    },
    "2017-06-30": {
        "Diluted EPS": 0.33,
        "Total Revenue": 58,
        "Gross Profit": 16,
        "Operating Income": 11,
        "EBIT": 11,
        "Net Income": 6
    },
    "2017-03-31": {
        "Diluted EPS": 0.12,
        "Total Revenue": 58,
        "Gross Profit": 15,
        "Operating Income": 4,
        "EBIT": 5,
        "Net Income": 2
    },
    "2016-12-31": {
        "Diluted EPS": 0.22,
        "Total Revenue": 51,
        "Gross Profit": 14,
        "Operating Income": 7,
        "EBIT": 8,
        "Net Income": 4
    },
    "2016-09-30": {
        "Diluted EPS": 0.38,
        "Total Revenue": 61,
        "Gross Profit": 18,
        "Operating Income": 12,
        "EBIT": 13,
        "Net Income": 7
    },
    "2016-06-30": {
        "Diluted EPS": 0.28,
        "Total Revenue": 53,
        "Gross Profit": 14,
        "Operating Income": 8,
        "EBIT": 9,
        "Net Income": 5
    },
    "2016-03-31": {
        "Diluted EPS": 0.26,
        "Total Revenue": 57,
        "Gross Profit": 16,
        "Operating Income": 8,
        "EBIT": 8,
        "Net Income": 5
    },
    "2015-12-31": {
        "Diluted EPS": 0.1,
        "Total Revenue": 55,
        "Gross Profit": 15,
        "Operating Income": 3,
        "EBIT": 4,
        "Net Income": 2
    },
    "2015-09-30": {
        "Diluted EPS": -0.08,
        "Total Revenue": 56,
        "Gross Profit": 16,
        "Operating Income": 4,
        "EBIT": 5,
        "Net Income": -1
    },
    "2015-06-30": {
        "Diluted EPS": 0.21,
        "Total Revenue": 55,
        "Gross Profit": 13,
        "Operating Income": 7,
        "EBIT": 8,
        "Net Income": 3
    },
    "2015-03-31": {
        "Diluted EPS": 0.01,
        "Total Revenue": 54,
        "Gross Profit": 13,
        "Operating Income": 1,
        "EBIT": 2,
        "Net Income": 0
    },
    "2014-12-31": {
        "Diluted EPS": 0.13,
        "Total Revenue": 53,
        "Gross Profit": 13,
        "Operating Income": 8,
        "EBIT": 9,
        "Net Income": 1
    },
    "2014-09-30": {
        "Diluted EPS": 0.12,
        "Total Revenue": 52,
        "Gross Profit": 13,
        "Operating Income": 8,
        "EBIT": 9,
        "Net Income": 1
    },
    "2014-06-30": {
        "Diluted EPS": 0.0,
        "Total Revenue": NaN,
        "Gross Profit": NaN,
        "Operating Income": NaN,
        "EBIT": NaN,
        "Net Income": NaN
    },
    "2013-06-30": {
        "Diluted EPS": 0.0,
        "Total Revenue": NaN,
        "Gross Profit": NaN,
        "Operating Income": NaN,
        "EBIT": NaN,
        "Net Income": NaN
    },
    "2023-06-30": {
        "Tax Effect Of Unusual Items": 0.0,
        "Tax Rate For Calcs": 0.227325,
        "Normalized EBITDA": 33326000.0,
        "Total Unusual Items": 0.0,
        "Total Unusual Items Excluding Goodwill": 0.0,
        "Net Income From Continuing Operation Net Minority Interest": 23052000.0,
        "Reconciled Depreciation": 2736000.0,
        "Reconciled Cost Of Revenue": 121404000.0,
        "EBITDA": 33326000.0,
        "EBIT": 30590000.0,
        "Net Interest Income": 628000.0,
        "Interest Expense": 756000.0,
        "Interest Income": 1384000.0,
        "Normalized Income": 23052000.0,
        "Net Income From Continuing And Discontinued Operation": 22676000.0,
        "Total Expenses": 137360000.0,
        "Total Operating Income As Reported": 29206000.0,
        "Diluted Average Shares": 17505504.0,
        "Basic Average Shares": 17299562.0,
        "Diluted EPS": 1.3,
        "Basic EPS": 1.31,
        "Diluted NI Availto Com Stockholders": 22676000.0,
        "Net Income Common Stockholders": 22676000.0,
        "Net Income": 22676000.0,
        "Net Income Including Noncontrolling Interests": 22676000.0,
        "Net Income Discontinuous Operations": -376000.0,
        "Net Income Continuous Operations": 23052000.0,
        "Tax Provision": 6782000.0,
        "Pretax Income": 29834000.0,
        "Special Income Charges": 0.0,
        "Impairment Of Capital Assets": 0.0,
        "Net Non Operating Interest Income Expense": 628000.0,
        "Interest Expense Non Operating": 756000.0,
        "Interest Income Non Operating": 1384000.0,
        "Operating Income": 29206000.0,
        "Operating Expense": 13709000.0,
        "Depreciation Amortization Depletion Income Statement": 489000.0,
        "Depreciation And Amortization In Income Statement": 489000.0,
        "Amortization": 489000.0,
        "Amortization Of Intangibles Income Statement": 489000.0,
        "Selling General And Administration": 13220000.0,
        "Selling And Marketing Expense": 3060000.0,
        "General And Administrative Expense": 10160000.0,
        "Other Gand A": 10160000.0,
        "Gross Profit": 42915000.0,
        "Cost Of Revenue": 123651000.0,
        "Total Revenue": 166566000.0,
        "Operating Revenue": 166566000.0
    },
    "2023-09-30": {
        "Tax Effect Of Unusual Items": 0.0,
        "Tax Rate For Calcs": 0.216,
        "Normalized EBITDA": 12631000.0,
        "Total Unusual Items": NaN,
        "Total Unusual Items Excluding Goodwill": NaN,
        "Net Income From Continuing Operation Net Minority Interest": 7076000.0,
        "Reconciled Depreciation": 2727000.0,
        "Reconciled Cost Of Revenue": 80116000.0,
        "EBITDA": 12631000.0,
        "EBIT": 9904000.0,
        "Net Interest Income": 473000.0,
        "Interest Expense": 878000.0,
        "Interest Income": 1351000.0,
        "Normalized Income": 7076000.0,
        "Net Income From Continuing And Discontinued Operation": 6195000.0,
        "Total Expenses": 95664000.0,
        "Total Operating Income As Reported": 8553000.0,
        "Diluted Average Shares": 17224608.0,
        "Basic Average Shares": 17156283.0,
        "Diluted EPS": 0.36,
        "Basic EPS": 0.36,
        "Diluted NI Availto Com Stockholders": 6195000.0,
        "Net Income Common Stockholders": 6195000.0,
        "Net Income": 6195000.0,
        "Net Income Including Noncontrolling Interests": 6195000.0,
        "Net Income Discontinuous Operations": -881000.0,
        "Net Income Continuous Operations": 7076000.0,
        "Tax Provision": 1950000.0,
        "Pretax Income": 9026000.0,
        "Special Income Charges": NaN,
        "Impairment Of Capital Assets": NaN,
        "Net Non Operating Interest Income Expense": 473000.0,
        "Interest Expense Non Operating": 878000.0,
        "Interest Income Non Operating": 1351000.0,
        "Operating Income": 8553000.0,
        "Operating Expense": 13283000.0,
        "Depreciation Amortization Depletion Income Statement": 462000.0,
        "Depreciation And Amortization In Income Statement": 462000.0,
        "Amortization": 462000.0,
        "Amortization Of Intangibles Income Statement": 462000.0,
        "Selling General And Administration": 12821000.0,
        "Selling And Marketing Expense": 3464000.0,
        "General And Administrative Expense": 9357000.0,
        "Other Gand A": 9357000.0,
        "Gross Profit": 21836000.0,
        "Cost Of Revenue": 82381000.0,
        "Total Revenue": 104217000.0,
        "Operating Revenue": 104217000.0
    },
    "2023-12-31": {
        "Tax Effect Of Unusual Items": 0.0,
        "Tax Rate For Calcs": 0.218,
        "Normalized EBITDA": 11190000.0,
        "Total Unusual Items": NaN,
        "Total Unusual Items Excluding Goodwill": NaN,
        "Net Income From Continuing Operation Net Minority Interest": 5927000.0,
        "Reconciled Depreciation": 2757000.0,
        "Reconciled Cost Of Revenue": 78445000.0,
        "EBITDA": 11190000.0,
        "EBIT": 8433000.0,
        "Net Interest Income": 561000.0,
        "Interest Expense": 854000.0,
        "Interest Income": 1415000.0,
        "Normalized Income": 5927000.0,
        "Net Income From Continuing And Discontinued Operation": 5886000.0,
        "Total Expenses": 92463000.0,
        "Total Operating Income As Reported": 7018000.0,
        "Diluted Average Shares": 17091633.0,
        "Basic Average Shares": 17010116.0,
        "Diluted EPS": 0.34,
        "Basic EPS": 0.35,
        "Diluted NI Availto Com Stockholders": 5886000.0,
        "Net Income Common Stockholders": 5886000.0,
        "Net Income": 5886000.0,
        "Net Income Including Noncontrolling Interests": 5886000.0,
        "Net Income Discontinuous Operations": -41000.0,
        "Net Income Continuous Operations": 5927000.0,
        "Tax Provision": 1652000.0,
        "Pretax Income": 7579000.0,
        "Special Income Charges": NaN,
        "Impairment Of Capital Assets": NaN,
        "Net Non Operating Interest Income Expense": 561000.0,
        "Interest Expense Non Operating": 854000.0,
        "Interest Income Non Operating": 1415000.0,
        "Operating Income": 7018000.0,
        "Operating Expense": 11711000.0,
        "Depreciation Amortization Depletion Income Statement": 450000.0,
        "Depreciation And Amortization In Income Statement": 450000.0,
        "Amortization": 450000.0,
        "Amortization Of Intangibles Income Statement": 450000.0,
        "Selling General And Administration": 11261000.0,
        "Selling And Marketing Expense": 3150000.0,
        "General And Administrative Expense": 8111000.0,
        "Other Gand A": 8111000.0,
        "Gross Profit": 18729000.0,
        "Cost Of Revenue": 80752000.0,
        "Total Revenue": 99481000.0,
        "Operating Revenue": 98966000.0
    },
    "2024-03-31": {
        "Tax Effect Of Unusual Items": 0.0,
        "Tax Rate For Calcs": 0.174,
        "Normalized EBITDA": 8237000.0,
        "Total Unusual Items": NaN,
        "Total Unusual Items Excluding Goodwill": NaN,
        "Net Income From Continuing Operation Net Minority Interest": 3826000.0,
        "Reconciled Depreciation": 2843000.0,
        "Reconciled Cost Of Revenue": 74967000.0,
        "EBITDA": 8237000.0,
        "EBIT": 5394000.0,
        "Net Interest Income": 636000.0,
        "Interest Expense": 762000.0,
        "Interest Income": 1398000.0,
        "Normalized Income": 3826000.0,
        "Net Income From Continuing And Discontinued Operation": 3755000.0,
        "Total Expenses": 91712000.0,
        "Total Operating Income As Reported": 3996000.0,
        "Diluted Average Shares": 16965624.0,
        "Basic Average Shares": 16844440.0,
        "Diluted EPS": 0.22,
        "Basic EPS": 0.22,
        "Diluted NI Availto Com Stockholders": 3755000.0,
        "Net Income Common Stockholders": 3755000.0,
        "Net Income": 3755000.0,
        "Net Income Including Noncontrolling Interests": 3755000.0,
        "Net Income Discontinuous Operations": -71000.0,
        "Net Income Continuous Operations": 3826000.0,
        "Tax Provision": 806000.0,
        "Pretax Income": 4632000.0,
        "Special Income Charges": NaN,
        "Impairment Of Capital Assets": NaN,
        "Net Non Operating Interest Income Expense": 636000.0,
        "Interest Expense Non Operating": 762000.0,
        "Interest Income Non Operating": 1398000.0,
        "Operating Income": 3996000.0,
        "Operating Expense": 14352000.0,
        "Depreciation Amortization Depletion Income Statement": 450000.0,
        "Depreciation And Amortization In Income Statement": 450000.0,
        "Amortization": 450000.0,
        "Amortization Of Intangibles Income Statement": 450000.0,
        "Selling General And Administration": 13902000.0,
        "Selling And Marketing Expense": 3924000.0,
        "General And Administrative Expense": 9978000.0,
        "Other Gand A": 9978000.0,
        "Gross Profit": 18348000.0,
        "Cost Of Revenue": 77360000.0,
        "Total Revenue": 95708000.0,
        "Operating Revenue": 95708000.0
    }
}