{
    "2023-03-31": {
        "Tax Effect Of Unusual Items": -518059.366426,
        "Tax Rate For Calcs": 0.246695,
        "Normalized EBITDA": 1092200000.0,
        "Total Unusual Items": -2100000.0,
        "Total Unusual Items Excluding Goodwill": -2100000.0,
        "Net Income From Continuing Operation Net Minority Interest": 604000000.0,
        "Reconciled Depreciation": 243200000.0,
        "Reconciled Cost Of Revenue": 637600000.0,
        "EBITDA": 1090100000.0,
        "EBIT": 846900000.0,
        "Net Interest Income": -46500000.0,
        "Interest Expense": 45100000.0,
        "Interest Income": 1000000.0,
        "Normalized Income": 605581940.633574,
        "Net Income From Continuing And Discontinued Operation": 604000000.0,
        "Total Expenses": 1382600000.0,
        "Total Operating Income As Reported": 848000000.0,
        "Diluted Average Shares": 553900000.0,
        "Basic Average Shares": 546900000.0,
        "Diluted EPS": 1.09,
        "Basic EPS": 1.1,
        "Diluted NI Availto Com Stockholders": 604000000.0,
        "Net Income Common Stockholders": 604000000.0,
        "Net Income": 604000000.0,
        "Net Income Including Noncontrolling Interests": 604000000.0,
        "Net Income Continuous Operations": 604000000.0,
        "Tax Provision": 197800000.0,
        "Pretax Income": 801800000.0,
        "Other Income Expense": -1800000.0,
        "Other Non Operating Income Expenses": 300000.0,
        "Special Income Charges": -2100000.0,
        "Other Special Charges": 2100000.0,
        "Net Non Operating Interest Income Expense": -46500000.0,
        "Total Other Finance Cost": 2400000.0,
        "Interest Expense Non Operating": 45100000.0,
        "Interest Income Non Operating": 1000000.0,
        "Operating Income": 850100000.0,
        "Operating Expense": 669200000.0,
        "Depreciation Amortization Depletion Income Statement": 167400000.0,
        "Depreciation And Amortization In Income Statement": 167400000.0,
        "Amortization": 167400000.0,
        "Amortization Of Intangibles Income Statement": 167400000.0,
        "Research And Development": 298300000.0,
        "Selling General And Administration": 203500000.0,
        "Gross Profit": 1519300000.0,
        "Cost Of Revenue": 713400000.0,
        "Total Revenue": 2232700000.0,
        "Operating Revenue": 2232700000.0
    },
    "2022-12-31": {
        "Tax Effect Of Unusual Items": -1551233.272107,
        "Tax Rate For Calcs": 0.238651,
        "Normalized EBITDA": 1063100000.0,
        "Total Unusual Items": -6500000.0,
        "Total Unusual Items Excluding Goodwill": -6500000.0,
        "Net Income From Continuing Operation Net Minority Interest": 580300000.0,
        "Reconciled Depreciation": 244000000.0,
        "Reconciled Cost Of Revenue": 621800000.0,
        "EBITDA": 1056600000.0,
        "EBIT": 812600000.0,
        "Net Interest Income": -52000000.0,
        "Interest Expense": 50400000.0,
        "Interest Income": 800000.0,
        "Normalized Income": 585248766.727893,
        "Net Income From Continuing And Discontinued Operation": 580300000.0,
        "Total Expenses": 1351100000.0,
        "Total Operating Income As Reported": 811600000.0,
        "Diluted Average Shares": NaN,
        "Basic Average Shares": NaN,
        "Diluted EPS": NaN,
        "Basic EPS": NaN,
        "Diluted NI Availto Com Stockholders": 580300000.0,
        "Net Income Common Stockholders": 580300000.0,
        "Net Income": 580300000.0,
        "Net Income Including Noncontrolling Interests": 580300000.0,
        "Net Income Continuous Operations": 580300000.0,
        "Tax Provision": 181900000.0,
        "Pretax Income": 762200000.0,
        "Other Income Expense": -3900000.0,
        "Other Non Operating Income Expenses": 2600000.0,
        "Special Income Charges": -6500000.0,
        "Other Special Charges": 6500000.0,
        "Net Non Operating Interest Income Expense": -52000000.0,
        "Total Other Finance Cost": 2400000.0,
        "Interest Expense Non Operating": 50400000.0,
        "Interest Income Non Operating": 800000.0,
        "Operating Income": 818100000.0,
        "Operating Expense": 652700000.0,
        "Depreciation Amortization Depletion Income Statement": 167400000.0,
        "Depreciation And Amortization In Income Statement": 167400000.0,
        "Amortization": 167400000.0,
        "Amortization Of Intangibles Income Statement": 167400000.0,
        "Research And Development": 282400000.0,
        "Selling General And Administration": 202900000.0,
        "Gross Profit": 1470800000.0,
        "Cost Of Revenue": 698400000.0,
        "Total Revenue": 2169200000.0,
        "Operating Revenue": 2169200000.0
    },
    "2022-09-30": {
        "Tax Effect Of Unusual Items": NaN,
        "Tax Rate For Calcs": NaN,
        "Normalized EBITDA": NaN,
        "Total Unusual Items": NaN,
        "Total Unusual Items Excluding Goodwill": NaN,
        "Net Income From Continuing Operation Net Minority Interest": NaN,
        "Reconciled Depreciation": NaN,
        "Reconciled Cost Of Revenue": NaN,
        "EBITDA": NaN,
        "EBIT": NaN,
        "Net Interest Income": NaN,
        "Interest Expense": NaN,
        "Interest Income": NaN,
        "Normalized Income": NaN,
        "Net Income From Continuing And Discontinued Operation": NaN,
        "Total Expenses": NaN,
        "Total Operating Income As Reported": NaN,
        "Diluted Average Shares": NaN,
        "Basic Average Shares": NaN,
        "Diluted EPS": NaN,
        "Basic EPS": NaN,
        "Diluted NI Availto Com Stockholders": NaN,
        "Net Income Common Stockholders": NaN,
        "Net Income": NaN,
        "Net Income Including Noncontrolling Interests": NaN,
        "Net Income Continuous Operations": NaN,
        "Tax Provision": NaN,
        "Pretax Income": NaN,
        "Other Income Expense": NaN,
        "Other Non Operating Income Expenses": -800000.0,
        "Special Income Charges": NaN,
        "Other Special Charges": NaN,
        "Net Non Operating Interest Income Expense": NaN,
        "Total Other Finance Cost": NaN,
        "Interest Expense Non Operating": NaN,
        "Interest Income Non Operating": NaN,
        "Operating Income": NaN,
        "Operating Expense": NaN,
        "Depreciation Amortization Depletion Income Statement": NaN,
        "Depreciation And Amortization In Income Statement": NaN,
        "Amortization": NaN,
        "Amortization Of Intangibles Income Statement": NaN,
        "Research And Development": NaN,
        "Selling General And Administration": NaN,
        "Gross Profit": NaN,
        "Cost Of Revenue": NaN,
        "Total Revenue": NaN,
        "Operating Revenue": NaN
    },
    "2022-06-30": {
        "Tax Effect Of Unusual Items": 2306804.82524,
        "Tax Rate For Calcs": 0.215589,
        "Normalized EBITDA": 943300000.0,
        "Total Unusual Items": 10700000.0,
        "Total Unusual Items Excluding Goodwill": 10700000.0,
        "Net Income From Continuing Operation Net Minority Interest": 507200000.0,
        "Reconciled Depreciation": 259400000.0,
        "Reconciled Cost Of Revenue": 561900000.0,
        "EBITDA": 954000000.0,
        "EBIT": 694600000.0,
        "Net Interest Income": -50200000.0,
        "Interest Expense": 48000000.0,
        "Interest Income": 100000.0,
        "Normalized Income": 498806804.82524,
        "Net Income From Continuing And Discontinued Operation": 507200000.0,
        "Total Expenses": 1279200000.0,
        "Total Operating Income As Reported": 701300000.0,
        "Diluted Average Shares": 561500000.0,
        "Basic Average Shares": 553800000.0,
        "Diluted EPS": 0.9,
        "Basic EPS": 0.92,
        "Diluted NI Availto Com Stockholders": 507200000.0,
        "Net Income Common Stockholders": 507200000.0,
        "Net Income": 507200000.0,
        "Net Income Including Noncontrolling Interests": 507200000.0,
        "Net Income Continuous Operations": 507200000.0,
        "Tax Provision": 139400000.0,
        "Pretax Income": 646600000.0,
        "Other Income Expense": 12400000.0,
        "Other Non Operating Income Expenses": 1700000.0,
        "Special Income Charges": 10700000.0,
        "Other Special Charges": -10700000.0,
        "Net Non Operating Interest Income Expense": -50200000.0,
        "Total Other Finance Cost": 2300000.0,
        "Interest Expense Non Operating": 48000000.0,
        "Interest Income Non Operating": 100000.0,
        "Operating Income": 684400000.0,
        "Operating Expense": 625500000.0,
        "Depreciation Amortization Depletion Income Statement": 167600000.0,
        "Depreciation And Amortization In Income Statement": 167600000.0,
        "Amortization": 167600000.0,
        "Amortization Of Intangibles Income Statement": 167600000.0,
        "Research And Development": 269000000.0,
        "Selling General And Administration": 188900000.0,
        "Gross Profit": 1309900000.0,
        "Cost Of Revenue": 653700000.0,
        "Total Revenue": 1963600000.0,
        "Operating Revenue": 1963600000.0
    },
    "2023-06-30": {
        "Tax Effect Of Unusual Items": -2315831.663327,
        "Tax Rate For Calcs": 0.214429,
        "Normalized EBITDA": 1127000000.0,
        "Total Unusual Items": -10800000.0,
        "Total Unusual Items Excluding Goodwill": -10800000.0,
        "Net Income From Continuing Operation Net Minority Interest": 666400000.0,
        "Reconciled Depreciation": 222900000.0,
        "Reconciled Cost Of Revenue": 658800000.0,
        "EBITDA": 1116200000.0,
        "EBIT": 893300000.0,
        "Net Interest Income": -45700000.0,
        "Interest Expense": 45000000.0,
        "Interest Income": 1500000.0,
        "Normalized Income": 674884168.336673,
        "Net Income From Continuing And Discontinued Operation": 666400000.0,
        "Total Expenses": 1383800000.0,
        "Total Operating Income As Reported": 903100000.0,
        "Diluted Average Shares": 551400000.0,
        "Basic Average Shares": 545100000.0,
        "Diluted EPS": 1.21,
        "Basic EPS": 1.22,
        "Diluted NI Availto Com Stockholders": 666400000.0,
        "Net Income Common Stockholders": 666400000.0,
        "Net Income": 666400000.0,
        "Net Income Including Noncontrolling Interests": 666400000.0,
        "Net Income Continuous Operations": 666400000.0,
        "Tax Provision": 181900000.0,
        "Pretax Income": 848300000.0,
        "Other Income Expense": -10800000.0,
        "Other Non Operating Income Expenses": NaN,
        "Special Income Charges": -10800000.0,
        "Other Special Charges": 10800000.0,
        "Net Non Operating Interest Income Expense": -45700000.0,
        "Total Other Finance Cost": 2200000.0,
        "Interest Expense Non Operating": 45000000.0,
        "Interest Income Non Operating": 1500000.0,
        "Operating Income": 904800000.0,
        "Operating Expense": 653600000.0,
        "Depreciation Amortization Depletion Income Statement": 151500000.0,
        "Depreciation And Amortization In Income Statement": 151500000.0,
        "Amortization": 151500000.0,
        "Amortization Of Intangibles Income Statement": 151500000.0,
        "Research And Development": 298500000.0,
        "Selling General And Administration": 203600000.0,
        "Gross Profit": 1558400000.0,
        "Cost Of Revenue": 730200000.0,
        "Total Revenue": 2288600000.0,
        "Operating Revenue": 2288600000.0
    },
    "2022-03-31": {
        "Diluted EPS": 0.77,
        "Total Revenue": NaN,
        "Gross Profit": NaN,
        "Operating Income": 550,
        "EBIT": 855,
        "Net Income": 438
    },
    "2021-12-31": {
        "Diluted EPS": 0.62,
        "Total Revenue": NaN,
        "Gross Profit": NaN,
        "Operating Income": 515,
        "EBIT": 829,
        "Net Income": 353
    },
    "2021-09-30": {
        "Diluted EPS": 0.43,
        "Total Revenue": NaN,
        "Gross Profit": NaN,
        "Operating Income": 416,
        "EBIT": 708,
        "Net Income": 242
    },
    "2021-06-30": {
        "Diluted EPS": 0.45,
        "Total Revenue": NaN,
        "Gross Profit": NaN,
        "Operating Income": 369,
        "EBIT": 657,
        "Net Income": 253
    },
    "2021-03-31": {
        "Diluted EPS": 0.2,
        "Total Revenue": NaN,
        "Gross Profit": 927,
        "Operating Income": 308,
        "EBIT": 613,
        "Net Income": 116
    },
    "2020-12-31": {
        "Diluted EPS": 0.07,
        "Total Revenue": NaN,
        "Gross Profit": 846,
        "Operating Income": 246,
        "EBIT": 551,
        "Net Income": 36
    },
    "2020-09-30": {
        "Diluted EPS": 0.14,
        "Total Revenue": NaN,
        "Gross Profit": 808,
        "Operating Income": 226,
        "EBIT": 534,
        "Net Income": 74
    },
    "2020-06-30": {
        "Diluted EPS": 0.24,
        "Total Revenue": NaN,
        "Gross Profit": 798,
        "Operating Income": 218,
        "EBIT": 541,
        "Net Income": 124
    },
    "2020-03-31": {
        "Diluted EPS": 0.2,
        "Total Revenue": NaN,
        "Gross Profit": 814,
        "Operating Income": 161,
        "EBIT": 507,
        "Net Income": 100
    },
    "2019-12-31": {
        "Diluted EPS": 0.6,
        "Total Revenue": NaN,
        "Gross Profit": 786,
        "Operating Income": 131,
        "EBIT": 466,
        "Net Income": 311
    },
    "2019-09-30": {
        "Diluted EPS": 0.22,
        "Total Revenue": NaN,
        "Gross Profit": 828,
        "Operating Income": 184,
        "EBIT": 516,
        "Net Income": 109
    },
    "2019-06-30": {
        "Diluted EPS": 0.1,
        "Total Revenue": NaN,
        "Gross Profit": 815,
        "Operating Income": 172,
        "EBIT": 513,
        "Net Income": 51
    },
    "2019-03-31": {
        "Diluted EPS": 0.35,
        "Total Revenue": NaN,
        "Gross Profit": 820,
        "Operating Income": 285,
        "EBIT": 557,
        "Net Income": 175
    },
    "2018-12-31": {
        "Diluted EPS": 0.1,
        "Total Revenue": NaN,
        "Gross Profit": 780,
        "Operating Income": 195,
        "EBIT": 472,
        "Net Income": 49
    },
    "2018-09-30": {
        "Diluted EPS": 0.19,
        "Total Revenue": NaN,
        "Gross Profit": 689,
        "Operating Income": 103,
        "EBIT": 357,
        "Net Income": 96
    },
    "2018-06-30": {
        "Diluted EPS": 0.07,
        "Total Revenue": NaN,
        "Gross Profit": 642,
        "Operating Income": 132,
        "EBIT": 335,
        "Net Income": 36
    },
    "2018-03-31": {
        "Diluted EPS": 0.32,
        "Total Revenue": NaN,
        "Gross Profit": 615,
        "Operating Income": 244,
        "EBIT": 430,
        "Net Income": 147
    },
    "2017-12-31": {
        "Diluted EPS": -0.54,
        "Total Revenue": 994,
        "Gross Profit": 607,
        "Operating Income": 245,
        "EBIT": 428,
        "Net Income": -251
    },
    "2017-09-30": {
        "Diluted EPS": 0.39,
        "Total Revenue": NaN,
        "Gross Profit": 614,
        "Operating Income": 225,
        "EBIT": 406,
        "Net Income": 189
    },
    "2017-06-30": {
        "Diluted EPS": 0.35,
        "Total Revenue": 972,
        "Gross Profit": 584,
        "Operating Income": 222,
        "EBIT": 401,
        "Net Income": 171
    },
    "2017-03-31": {
        "Diluted EPS": 0.32,
        "Total Revenue": 903,
        "Gross Profit": 533,
        "Operating Income": 154,
        "EBIT": 303,
        "Net Income": 137
    },
    "2016-12-31": {
        "Diluted EPS": 0.23,
        "Total Revenue": 834,
        "Gross Profit": 465,
        "Operating Income": 118,
        "EBIT": 247,
        "Net Income": 107
    },
    "2016-09-30": {
        "Diluted EPS": 0.07,
        "Total Revenue": 871,
        "Gross Profit": 411,
        "Operating Income": 63,
        "EBIT": 189,
        "Net Income": 34
    },
    "2016-06-30": {
        "Diluted EPS": -0.27,
        "Total Revenue": 799,
        "Gross Profit": 348,
        "Operating Income": -59,
        "EBIT": 67,
        "Net Income": -113
    },
    "2016-03-31": {
        "Diluted EPS": 0.16,
        "Total Revenue": 558,
        "Gross Profit": 303,
        "Operating Income": 80,
        "EBIT": 170,
        "Net Income": 67
    },
    "2015-12-31": {
        "Diluted EPS": 0.14,
        "Total Revenue": 540,
        "Gross Profit": 293,
        "Operating Income": 76,
        "EBIT": 168,
        "Net Income": 61
    },
    "2015-09-30": {
        "Diluted EPS": 0.15,
        "Total Revenue": 541,
        "Gross Profit": 301,
        "Operating Income": 75,
        "EBIT": 161,
        "Net Income": 65
    },
    "2015-06-30": {
        "Diluted EPS": 0.3,
        "Total Revenue": 534,
        "Gross Profit": 309,
        "Operating Income": 121,
        "EBIT": 197,
        "Net Income": 131
    },
    "2015-03-31": {
        "Diluted EPS": 0.22,
        "Total Revenue": 543,
        "Gross Profit": 314,
        "Operating Income": 110,
        "EBIT": 194,
        "Net Income": 99
    },
    "2014-12-31": {
        "Diluted EPS": 0.2,
        "Total Revenue": 529,
        "Gross Profit": 302,
        "Operating Income": 98,
        "EBIT": 177,
        "Net Income": 86
    },
    "2014-09-30": {
        "Diluted EPS": 0.21,
        "Total Revenue": 546,
        "Gross Profit": 307,
        "Operating Income": 101,
        "EBIT": 178,
        "Net Income": 94
    },
    "2014-06-30": {
        "Diluted EPS": 0.2,
        "Total Revenue": 529,
        "Gross Profit": 307,
        "Operating Income": 116,
        "EBIT": 182,
        "Net Income": 90
    },
    "2014-03-31": {
        "Diluted EPS": 0.26,
        "Total Revenue": 493,
        "Gross Profit": 291,
        "Operating Income": 126,
        "EBIT": 177,
        "Net Income": 111
    },
    "2013-12-31": {
        "Diluted EPS": 0.24,
        "Total Revenue": 482,
        "Gross Profit": 283,
        "Operating Income": 117,
        "EBIT": 167,
        "Net Income": 105
    },
    "2013-09-30": {
        "Diluted EPS": 0.23,
        "Total Revenue": 493,
        "Gross Profit": 289,
        "Operating Income": 118,
        "EBIT": 171,
        "Net Income": 100
    },
    "2013-06-30": {
        "Diluted EPS": 0.19,
        "Total Revenue": 463,
        "Gross Profit": 267,
        "Operating Income": 98,
        "EBIT": 154,
        "Net Income": 79
    },
    "2013-03-31": {
        "Diluted EPS": 0.15,
        "Total Revenue": 430,
        "Gross Profit": 239,
        "Operating Income": 57,
        "EBIT": 125,
        "Net Income": 60
    },
    "2012-12-31": {
        "Diluted EPS": 0.03,
        "Total Revenue": 416,
        "Gross Profit": 200,
        "Operating Income": 17,
        "EBIT": 94,
        "Net Income": 10
    },
    "2012-09-30": {
        "Diluted EPS": -0.06,
        "Total Revenue": 383,
        "Gross Profit": 194,
        "Operating Income": 8,
        "EBIT": 61,
        "Net Income": -21
    },
    "2012-06-30": {
        "Diluted EPS": 0.2,
        "Total Revenue": 352,
        "Gross Profit": 205,
        "Operating Income": 96,
        "EBIT": 124,
        "Net Income": 79
    },
    "2012-03-31": {
        "Diluted EPS": 0.19,
        "Total Revenue": 339,
        "Gross Profit": 197,
        "Operating Income": 94,
        "EBIT": 136,
        "Net Income": 81
    },
    "2011-12-31": {
        "Diluted EPS": 0.19,
        "Total Revenue": 329,
        "Gross Profit": 185,
        "Operating Income": 88,
        "EBIT": 115,
        "Net Income": 77
    },
    "2011-09-30": {
        "Diluted EPS": 0.2,
        "Total Revenue": 341,
        "Gross Profit": 197,
        "Operating Income": 98,
        "EBIT": 125,
        "Net Income": 79
    },
    "2011-06-30": {
        "Diluted EPS": 0.25,
        "Total Revenue": 375,
        "Gross Profit": 220,
        "Operating Income": 117,
        "EBIT": 144,
        "Net Income": 99
    },
    "2011-03-31": {
        "Diluted EPS": 0.32,
        "Total Revenue": 380,
        "Gross Profit": 232,
        "Operating Income": 124,
        "EBIT": 152,
        "Net Income": 126
    },
    "2010-12-31": {
        "Diluted EPS": 0.26,
        "Total Revenue": 368,
        "Gross Profit": 216,
        "Operating Income": 117,
        "EBIT": 146,
        "Net Income": 101
    },
    "2010-09-30": {
        "Diluted EPS": 0.27,
        "Total Revenue": 382,
        "Gross Profit": 225,
        "Operating Income": 123,
        "EBIT": 152,
        "Net Income": 103
    },
    "2010-06-30": {
        "Diluted EPS": 0.24,
        "Total Revenue": 357,
        "Gross Profit": 207,
        "Operating Income": 109,
        "EBIT": 136,
        "Net Income": 90
    },
    "2010-03-31": {
        "Diluted EPS": 0.2,
        "Total Revenue": 278,
        "Gross Profit": 168,
        "Operating Income": 88,
        "EBIT": 112,
        "Net Income": 76
    },
    "2009-12-31": {
        "Diluted EPS": 0.19,
        "Total Revenue": 250,
        "Gross Profit": 146,
        "Operating Income": 73,
        "EBIT": 97,
        "Net Income": 69
    },
    "2009-09-30": {
        "Diluted EPS": 0.12,
        "Total Revenue": 227,
        "Gross Profit": 123,
        "Operating Income": 53,
        "EBIT": 77,
        "Net Income": 44
    },
    "2009-06-30": {
        "Diluted EPS": 0.08,
        "Total Revenue": 193,
        "Gross Profit": 96,
        "Operating Income": 31,
        "EBIT": 55,
        "Net Income": 27
    },
    "2009-03-31": {
        "Diluted EPS": 0.06,
        "Total Revenue": 173,
        "Gross Profit": 84,
        "Operating Income": 19,
        "EBIT": 47,
        "Net Income": 22
    },
    "2023-09-30": {
        "Tax Effect Of Unusual Items": -981645.873321,
        "Tax Rate For Calcs": 0.200336,
        "Normalized EBITDA": 1102500000.0,
        "Total Unusual Items": -4900000.0,
        "Total Unusual Items Excluding Goodwill": -4900000.0,
        "Net Income From Continuing Operation Net Minority Interest": 666600000.0,
        "Reconciled Depreciation": 219000000.0,
        "Reconciled Cost Of Revenue": 659300000.0,
        "EBITDA": 1097600000.0,
        "EBIT": 878600000.0,
        "Net Interest Income": -45200000.0,
        "Interest Expense": 45000000.0,
        "Interest Income": 1600000.0,
        "Normalized Income": 670518354.126679,
        "Net Income From Continuing And Discontinued Operation": 666600000.0,
        "Total Expenses": 1367500000.0,
        "Total Operating Income As Reported": 885000000.0,
        "Diluted Average Shares": 549200000.0,
        "Basic Average Shares": 543100000.0,
        "Diluted EPS": 1.21,
        "Basic EPS": 1.23,
        "Diluted NI Availto Com Stockholders": 666600000.0,
        "Net Income Common Stockholders": 666600000.0,
        "Net Income": 666600000.0,
        "Net Income Including Noncontrolling Interests": 666600000.0,
        "Net Income Continuous Operations": 666600000.0,
        "Tax Provision": 167000000.0,
        "Pretax Income": 833600000.0,
        "Other Income Expense": -8000000.0,
        "Other Non Operating Income Expenses": -3100000.0,
        "Special Income Charges": -4900000.0,
        "Other Special Charges": 4900000.0,
        "Net Non Operating Interest Income Expense": -45200000.0,
        "Total Other Finance Cost": 1800000.0,
        "Interest Expense Non Operating": 45000000.0,
        "Interest Income Non Operating": 1600000.0,
        "Operating Income": 886800000.0,
        "Operating Expense": 640600000.0,
        "Depreciation Amortization Depletion Income Statement": 151400000.0,
        "Depreciation And Amortization In Income Statement": 151400000.0,
        "Amortization": 151400000.0,
        "Amortization Of Intangibles Income Statement": 151400000.0,
        "Research And Development": 292600000.0,
        "Selling General And Administration": 196600000.0,
        "Gross Profit": 1527400000.0,
        "Cost Of Revenue": 726900000.0,
        "Total Revenue": 2254300000.0,
        "Operating Revenue": 2254300000.0
    },
    "2023-12-31": {
        "Tax Effect Of Unusual Items": -147862.8949,
        "Tax Rate For Calcs": 0.134421,
        "Normalized EBITDA": 752300000.0,
        "Total Unusual Items": -1100000.0,
        "Total Unusual Items Excluding Goodwill": -1100000.0,
        "Net Income From Continuing Operation Net Minority Interest": 419200000.0,
        "Reconciled Depreciation": 219400000.0,
        "Reconciled Cost Of Revenue": 577600000.0,
        "EBITDA": 751200000.0,
        "EBIT": 531800000.0,
        "Net Interest Income": -47200000.0,
        "Interest Expense": 47500000.0,
        "Interest Income": 2000000.0,
        "Normalized Income": 420152137.1051,
        "Net Income From Continuing And Discontinued Operation": 419200000.0,
        "Total Expenses": 1235200000.0,
        "Total Operating Income As Reported": 529400000.0,
        "Diluted Average Shares": 546500000.0,
        "Basic Average Shares": 540800000.0,
        "Diluted EPS": 0.77,
        "Basic EPS": 0.78,
        "Diluted NI Availto Com Stockholders": 419200000.0,
        "Net Income Common Stockholders": 419200000.0,
        "Net Income": 419200000.0,
        "Net Income Including Noncontrolling Interests": 419200000.0,
        "Net Income Continuous Operations": 419200000.0,
        "Tax Provision": 65100000.0,
        "Pretax Income": 484300000.0,
        "Other Income Expense": 1000000.0,
        "Other Non Operating Income Expenses": 2100000.0,
        "Special Income Charges": -1100000.0,
        "Other Special Charges": 1100000.0,
        "Net Non Operating Interest Income Expense": -47200000.0,
        "Total Other Finance Cost": 1700000.0,
        "Interest Expense Non Operating": 47500000.0,
        "Interest Income Non Operating": 2000000.0,
        "Operating Income": 530500000.0,
        "Operating Expense": 589500000.0,
        "Depreciation Amortization Depletion Income Statement": 151300000.0,
        "Depreciation And Amortization In Income Statement": 151300000.0,
        "Amortization": 151300000.0,
        "Amortization Of Intangibles Income Statement": 151300000.0,
        "Research And Development": 266000000.0,
        "Selling General And Administration": 172200000.0,
        "Gross Profit": 1120000000.0,
        "Cost Of Revenue": 645700000.0,
        "Total Revenue": 1765700000.0,
        "Operating Revenue": 1765700000.0
    },
    "2024-03-31": {
        "Tax Effect Of Unusual Items": NaN,
        "Tax Rate For Calcs": NaN,
        "Normalized EBITDA": NaN,
        "Total Unusual Items": NaN,
        "Total Unusual Items Excluding Goodwill": NaN,
        "Net Income From Continuing Operation Net Minority Interest": NaN,
        "Reconciled Depreciation": NaN,
        "Reconciled Cost Of Revenue": NaN,
        "EBITDA": NaN,
        "EBIT": NaN,
        "Net Interest Income": NaN,
        "Interest Expense": NaN,
        "Interest Income": NaN,
        "Normalized Income": NaN,
        "Net Income From Continuing And Discontinued Operation": NaN,
        "Total Expenses": NaN,
        "Total Operating Income As Reported": NaN,
        "Diluted Average Shares": 544800000.0,
        "Basic Average Shares": 538900000.0,
        "Diluted EPS": 0.28,
        "Basic EPS": 0.29,
        "Diluted NI Availto Com Stockholders": NaN,
        "Net Income Common Stockholders": NaN,
        "Net Income": NaN,
        "Net Income Including Noncontrolling Interests": NaN,
        "Net Income Continuous Operations": NaN,
        "Tax Provision": NaN,
        "Pretax Income": NaN,
        "Other Income Expense": NaN,
        "Other Non Operating Income Expenses": NaN,
        "Special Income Charges": NaN,
        "Other Special Charges": NaN,
        "Net Non Operating Interest Income Expense": NaN,
        "Total Other Finance Cost": NaN,
        "Interest Expense Non Operating": NaN,
        "Interest Income Non Operating": NaN,
        "Operating Income": NaN,
        "Operating Expense": NaN,
        "Depreciation Amortization Depletion Income Statement": NaN,
        "Depreciation And Amortization In Income Statement": NaN,
        "Amortization": NaN,
        "Amortization Of Intangibles Income Statement": NaN,
        "Research And Development": NaN,
        "Selling General And Administration": NaN,
        "Gross Profit": NaN,
        "Cost Of Revenue": NaN,
        "Total Revenue": NaN,
        "Operating Revenue": NaN
    }
}