{
    "2023-06-30": {
        "Tax Effect Of Unusual Items": 0.0,
        "Tax Rate For Calcs": 0.225214,
        "Normalized EBITDA": 41326000.0,
        "Net Income From Continuing Operation Net Minority Interest": 22413000.0,
        "Reconciled Depreciation": 11618000.0,
        "Reconciled Cost Of Revenue": 57876000.0,
        "EBITDA": 41326000.0,
        "EBIT": 29708000.0,
        "Net Interest Income": -780000.0,
        "Interest Expense": 780000.0,
        "Normalized Income": 22413000.0,
        "Net Income From Continuing And Discontinued Operation": 22413000.0,
        "Total Expenses": 93975000.0,
        "Total Operating Income As Reported": 29708000.0,
        "Diluted Average Shares": 19618000.0,
        "Basic Average Shares": 19243000.0,
        "Diluted EPS": 1.14,
        "Basic EPS": 1.16,
        "Diluted NI Availto Com Stockholders": 22413000.0,
        "Net Income Common Stockholders": 22413000.0,
        "Net Income": 22413000.0,
        "Net Income Including Noncontrolling Interests": 22413000.0,
        "Net Income Continuous Operations": 22413000.0,
        "Tax Provision": 6515000.0,
        "Pretax Income": 28928000.0,
        "Net Non Operating Interest Income Expense": -780000.0,
        "Interest Expense Non Operating": 780000.0,
        "Operating Income": 29708000.0,
        "Operating Expense": 36099000.0,
        "Other Operating Expenses": -474000.0,
        "Depreciation Amortization Depletion Income Statement": 11618000.0,
        "Depreciation And Amortization In Income Statement": 11618000.0,
        "Selling General And Administration": 24955000.0,
        "Gross Profit": 65807000.0,
        "Cost Of Revenue": 57876000.0,
        "Total Revenue": 123683000.0,
        "Operating Revenue": 118474000.0
    },
    "2023-03-31": {
        "Tax Effect Of Unusual Items": 0.0,
        "Tax Rate For Calcs": 0.217,
        "Normalized EBITDA": 34496000.0,
        "Net Income From Continuing Operation Net Minority Interest": 17670000.0,
        "Reconciled Depreciation": 11337000.0,
        "Reconciled Cost Of Revenue": 56522000.0,
        "EBITDA": 34496000.0,
        "EBIT": 23159000.0,
        "Net Interest Income": -587000.0,
        "Interest Expense": 587000.0,
        "Normalized Income": 17670000.0,
        "Net Income From Continuing And Discontinued Operation": 17670000.0,
        "Total Expenses": 93485000.0,
        "Total Operating Income As Reported": 23159000.0,
        "Diluted Average Shares": 19654000.0,
        "Basic Average Shares": 19215000.0,
        "Diluted EPS": 0.9,
        "Basic EPS": 0.92,
        "Diluted NI Availto Com Stockholders": 17670000.0,
        "Net Income Common Stockholders": 17670000.0,
        "Net Income": 17670000.0,
        "Net Income Including Noncontrolling Interests": 17670000.0,
        "Net Income Continuous Operations": 17670000.0,
        "Tax Provision": 4902000.0,
        "Pretax Income": 22572000.0,
        "Net Non Operating Interest Income Expense": -587000.0,
        "Interest Expense Non Operating": 587000.0,
        "Operating Income": 23159000.0,
        "Operating Expense": 36963000.0,
        "Other Operating Expenses": 510000.0,
        "Depreciation Amortization Depletion Income Statement": 11337000.0,
        "Depreciation And Amortization In Income Statement": 11337000.0,
        "Selling General And Administration": 25116000.0,
        "Gross Profit": 60122000.0,
        "Cost Of Revenue": 56522000.0,
        "Total Revenue": 116644000.0,
        "Operating Revenue": 111693000.0
    },
    "2022-12-31": {
        "Tax Effect Of Unusual Items": 0.0,
        "Tax Rate For Calcs": 0.195258,
        "Normalized EBITDA": 39264000.0,
        "Net Income From Continuing Operation Net Minority Interest": 22433000.0,
        "Reconciled Depreciation": 11188000.0,
        "Reconciled Cost Of Revenue": 55930000.0,
        "EBITDA": 39264000.0,
        "EBIT": 28076000.0,
        "Net Interest Income": -200000.0,
        "Interest Expense": 200000.0,
        "Normalized Income": 22433000.0,
        "Net Income From Continuing And Discontinued Operation": 22433000.0,
        "Total Expenses": 92460000.0,
        "Total Operating Income As Reported": 28076000.0,
        "Diluted Average Shares": 19628000.0,
        "Basic Average Shares": 19127000.0,
        "Diluted EPS": 1.14,
        "Basic EPS": 1.17,
        "Diluted NI Availto Com Stockholders": 22433000.0,
        "Net Income Common Stockholders": 22433000.0,
        "Net Income": 22433000.0,
        "Net Income Including Noncontrolling Interests": 22433000.0,
        "Net Income Continuous Operations": 22433000.0,
        "Tax Provision": 5443000.0,
        "Pretax Income": 27876000.0,
        "Net Non Operating Interest Income Expense": -200000.0,
        "Interest Expense Non Operating": 200000.0,
        "Operating Income": 28076000.0,
        "Operating Expense": 36530000.0,
        "Other Operating Expenses": 671000.0,
        "Depreciation Amortization Depletion Income Statement": 11188000.0,
        "Depreciation And Amortization In Income Statement": 11188000.0,
        "Selling General And Administration": 24671000.0,
        "Gross Profit": 64606000.0,
        "Cost Of Revenue": 55930000.0,
        "Total Revenue": 120536000.0,
        "Operating Revenue": 115394000.0
    },
    "2022-09-30": {
        "Tax Effect Of Unusual Items": 0.0,
        "Tax Rate For Calcs": 0.225244,
        "Normalized EBITDA": 47539000.0,
        "Net Income From Continuing Operation Net Minority Interest": 27493000.0,
        "Reconciled Depreciation": 11183000.0,
        "Reconciled Cost Of Revenue": 57639000.0,
        "EBITDA": 47539000.0,
        "EBIT": 36356000.0,
        "Net Interest Income": -870000.0,
        "Interest Expense": 870000.0,
        "Normalized Income": 27493000.0,
        "Net Income From Continuing And Discontinued Operation": 27493000.0,
        "Total Expenses": 97371000.0,
        "Total Operating Income As Reported": 36356000.0,
        "Diluted Average Shares": 19503000.0,
        "Basic Average Shares": 18999000.0,
        "Diluted EPS": 1.41,
        "Basic EPS": 1.45,
        "Diluted NI Availto Com Stockholders": 27493000.0,
        "Net Income Common Stockholders": 27493000.0,
        "Net Income": 27493000.0,
        "Net Income Including Noncontrolling Interests": 27493000.0,
        "Net Income Continuous Operations": 27493000.0,
        "Tax Provision": 7993000.0,
        "Pretax Income": 35486000.0,
        "Net Non Operating Interest Income Expense": -870000.0,
        "Interest Expense Non Operating": 870000.0,
        "Operating Income": 36356000.0,
        "Operating Expense": 39732000.0,
        "Other Operating Expenses": 2898000.0,
        "Depreciation Amortization Depletion Income Statement": 11183000.0,
        "Depreciation And Amortization In Income Statement": 11183000.0,
        "Selling General And Administration": 25651000.0,
        "Gross Profit": 76088000.0,
        "Cost Of Revenue": 57639000.0,
        "Total Revenue": 133727000.0,
        "Operating Revenue": 129006000.0
    },
    "2022-06-30": {
        "Tax Effect Of Unusual Items": 0.0,
        "Tax Rate For Calcs": 0.221385,
        "Normalized EBITDA": 36207000.0,
        "Net Income From Continuing Operation Net Minority Interest": 19435000.0,
        "Reconciled Depreciation": 10546000.0,
        "Reconciled Cost Of Revenue": 53756000.0,
        "EBITDA": 36207000.0,
        "EBIT": 25661000.0,
        "Net Interest Income": -700000.0,
        "Interest Expense": 700000.0,
        "Normalized Income": 19435000.0,
        "Net Income From Continuing And Discontinued Operation": 19435000.0,
        "Total Expenses": 89628000.0,
        "Total Operating Income As Reported": 25661000.0,
        "Diluted Average Shares": 19582000.0,
        "Basic Average Shares": 18987000.0,
        "Diluted EPS": 0.99,
        "Basic EPS": 1.02,
        "Diluted NI Availto Com Stockholders": 19435000.0,
        "Net Income Common Stockholders": 19435000.0,
        "Net Income": 19435000.0,
        "Net Income Including Noncontrolling Interests": 19435000.0,
        "Net Income Continuous Operations": 19435000.0,
        "Tax Provision": 5526000.0,
        "Pretax Income": 24961000.0,
        "Net Non Operating Interest Income Expense": -700000.0,
        "Interest Expense Non Operating": 700000.0,
        "Operating Income": 25661000.0,
        "Operating Expense": 35872000.0,
        "Other Operating Expenses": 2229000.0,
        "Depreciation Amortization Depletion Income Statement": 10546000.0,
        "Depreciation And Amortization In Income Statement": 10546000.0,
        "Selling General And Administration": 23097000.0,
        "Gross Profit": 61533000.0,
        "Cost Of Revenue": 53756000.0,
        "Total Revenue": 115289000.0,
        "Operating Revenue": 110621000.0
    },
    "2022-03-31": {
        "Diluted EPS": 0.92,
        "Total Revenue": 108,
        "Gross Profit": 57,
        "Operating Income": 21,
        "EBIT": 32,
        "Net Income": 18
    },
    "2021-12-31": {
        "Diluted EPS": 1.03,
        "Total Revenue": 111,
        "Gross Profit": 60,
        "Operating Income": 26,
        "EBIT": 36,
        "Net Income": 20
    },
    "2021-09-30": {
        "Diluted EPS": 1.15,
        "Total Revenue": 112,
        "Gross Profit": 61,
        "Operating Income": 29,
        "EBIT": 39,
        "Net Income": 22
    },
    "2021-06-30": {
        "Diluted EPS": 0.93,
        "Total Revenue": 98,
        "Gross Profit": 55,
        "Operating Income": 24,
        "EBIT": 33,
        "Net Income": 18
    },
    "2021-03-31": {
        "Diluted EPS": 0.42,
        "Total Revenue": 75,
        "Gross Profit": 41,
        "Operating Income": 11,
        "EBIT": 21,
        "Net Income": 8
    },
    "2020-12-31": {
        "Diluted EPS": 0.81,
        "Total Revenue": 58,
        "Gross Profit": 31,
        "Operating Income": 5,
        "EBIT": 11,
        "Net Income": 15
    },
    "2020-09-30": {
        "Diluted EPS": 0.57,
        "Total Revenue": 60,
        "Gross Profit": 36,
        "Operating Income": 13,
        "EBIT": 18,
        "Net Income": 11
    },
    "2020-06-30": {
        "Diluted EPS": -0.24,
        "Total Revenue": 15,
        "Gross Profit": 8,
        "Operating Income": -5,
        "EBIT": -2,
        "Net Income": -4
    },
    "2020-03-31": {
        "Diluted EPS": 0.11,
        "Total Revenue": 51,
        "Gross Profit": 24,
        "Operating Income": 2,
        "EBIT": 6,
        "Net Income": 2
    },
    "2019-12-31": {
        "Diluted EPS": 0.32,
        "Total Revenue": 62,
        "Gross Profit": 31,
        "Operating Income": 8,
        "EBIT": 12,
        "Net Income": 6
    },
    "2019-09-30": {
        "Diluted EPS": 0.5,
        "Total Revenue": 66,
        "Gross Profit": 34,
        "Operating Income": 12,
        "EBIT": 15,
        "Net Income": 9
    },
    "2019-06-30": {
        "Diluted EPS": 0.5,
        "Total Revenue": 63,
        "Gross Profit": 32,
        "Operating Income": 12,
        "EBIT": 15,
        "Net Income": 9
    },
    "2019-03-31": {
        "Diluted EPS": 0.38,
        "Total Revenue": 59,
        "Gross Profit": 29,
        "Operating Income": 9,
        "EBIT": 12,
        "Net Income": 7
    },
    "2018-12-31": {
        "Diluted EPS": 0.39,
        "Total Revenue": 60,
        "Gross Profit": 30,
        "Operating Income": 9,
        "EBIT": 13,
        "Net Income": 7
    },
    "2018-09-30": {
        "Diluted EPS": 0.58,
        "Total Revenue": 64,
        "Gross Profit": 34,
        "Operating Income": 14,
        "EBIT": 18,
        "Net Income": 11
    },
    "2018-06-30": {
        "Diluted EPS": 0.5,
        "Total Revenue": 60,
        "Gross Profit": 31,
        "Operating Income": 11,
        "EBIT": 15,
        "Net Income": 9
    },
    "2018-03-31": {
        "Diluted EPS": 0.36,
        "Total Revenue": 56,
        "Gross Profit": 27,
        "Operating Income": 9,
        "EBIT": 12,
        "Net Income": 7
    },
    "2017-12-31": {
        "Diluted EPS": 0.23,
        "Total Revenue": 56,
        "Gross Profit": 28,
        "Operating Income": 8,
        "EBIT": 12,
        "Net Income": 4
    },
    "2017-09-30": {
        "Diluted EPS": 0.49,
        "Total Revenue": 63,
        "Gross Profit": 33,
        "Operating Income": 13,
        "EBIT": 17,
        "Net Income": 9
    },
    "2017-06-30": {
        "Diluted EPS": 0.4,
        "Total Revenue": 58,
        "Gross Profit": 30,
        "Operating Income": 12,
        "EBIT": 15,
        "Net Income": 7
    },
    "2017-03-31": {
        "Diluted EPS": 0.27,
        "Total Revenue": 53,
        "Gross Profit": 26,
        "Operating Income": 8,
        "EBIT": 12,
        "Net Income": 5
    },
    "2016-12-31": {
        "Diluted EPS": 0.36,
        "Total Revenue": 56,
        "Gross Profit": 30,
        "Operating Income": 10,
        "EBIT": 14,
        "Net Income": 6
    },
    "2016-09-30": {
        "Diluted EPS": 0.45,
        "Total Revenue": 57,
        "Gross Profit": 30,
        "Operating Income": 12,
        "EBIT": 16,
        "Net Income": 8
    },
    "2016-06-30": {
        "Diluted EPS": 0.32,
        "Total Revenue": 55,
        "Gross Profit": 28,
        "Operating Income": 9,
        "EBIT": 13,
        "Net Income": 6
    },
    "2016-03-31": {
        "Diluted EPS": 0.26,
        "Total Revenue": 50,
        "Gross Profit": 24,
        "Operating Income": 7,
        "EBIT": 11,
        "Net Income": 5
    },
    "2015-12-31": {
        "Diluted EPS": 0.29,
        "Total Revenue": 51,
        "Gross Profit": 26,
        "Operating Income": 8,
        "EBIT": 12,
        "Net Income": 5
    },
    "2015-09-30": {
        "Diluted EPS": 0.37,
        "Total Revenue": 54,
        "Gross Profit": 28,
        "Operating Income": 10,
        "EBIT": 14,
        "Net Income": 6
    },
    "2015-06-30": {
        "Diluted EPS": 0.29,
        "Total Revenue": 50,
        "Gross Profit": 25,
        "Operating Income": 8,
        "EBIT": 12,
        "Net Income": 5
    },
    "2015-03-31": {
        "Diluted EPS": 0.24,
        "Total Revenue": 47,
        "Gross Profit": 23,
        "Operating Income": 6,
        "EBIT": 11,
        "Net Income": 4
    },
    "2014-12-31": {
        "Diluted EPS": 0.22,
        "Total Revenue": 46,
        "Gross Profit": 22,
        "Operating Income": 5,
        "EBIT": 9,
        "Net Income": 4
    },
    "2014-09-30": {
        "Diluted EPS": 0.24,
        "Total Revenue": 49,
        "Gross Profit": 25,
        "Operating Income": 7,
        "EBIT": 11,
        "Net Income": 4
    },
    "2014-06-30": {
        "Diluted EPS": 0.18,
        "Total Revenue": 48,
        "Gross Profit": 25,
        "Operating Income": 5,
        "EBIT": 10,
        "Net Income": 3
    },
    "2014-03-31": {
        "Diluted EPS": 0.19,
        "Total Revenue": 46,
        "Gross Profit": 23,
        "Operating Income": 5,
        "EBIT": 10,
        "Net Income": 3
    },
    "2013-12-31": {
        "Diluted EPS": 0.11,
        "Total Revenue": 45,
        "Gross Profit": 22,
        "Operating Income": 4,
        "EBIT": 8,
        "Net Income": 2
    },
    "2013-09-30": {
        "Diluted EPS": 0.32,
        "Total Revenue": 49,
        "Gross Profit": 26,
        "Operating Income": 9,
        "EBIT": 13,
        "Net Income": 6
    },
    "2013-06-30": {
        "Diluted EPS": 0.37,
        "Total Revenue": 50,
        "Gross Profit": 27,
        "Operating Income": 10,
        "EBIT": 15,
        "Net Income": 6
    },
    "2013-03-31": {
        "Diluted EPS": 0.26,
        "Total Revenue": 46,
        "Gross Profit": 24,
        "Operating Income": 7,
        "EBIT": 12,
        "Net Income": 4
    },
    "2012-12-31": {
        "Diluted EPS": 0.09,
        "Total Revenue": 40,
        "Gross Profit": 19,
        "Operating Income": 3,
        "EBIT": 7,
        "Net Income": 1
    },
    "2012-09-30": {
        "Diluted EPS": 0.25,
        "Total Revenue": 46,
        "Gross Profit": 24,
        "Operating Income": 7,
        "EBIT": 12,
        "Net Income": 4
    },
    "2012-06-30": {
        "Diluted EPS": 0.11,
        "Total Revenue": 42,
        "Gross Profit": 22,
        "Operating Income": 3,
        "EBIT": 8,
        "Net Income": 2
    },
    "2012-03-31": {
        "Diluted EPS": 0.1,
        "Total Revenue": 35,
        "Gross Profit": 18,
        "Operating Income": 3,
        "EBIT": 6,
        "Net Income": 2
    },
    "2011-12-31": {
        "Diluted EPS": 0.04,
        "Total Revenue": 28,
        "Gross Profit": 11,
        "Operating Income": 1,
        "EBIT": 5,
        "Net Income": 1
    },
    "2011-09-30": {
        "Diluted EPS": 0.0,
        "Total Revenue": 36,
        "Gross Profit": 19,
        "Operating Income": 0,
        "EBIT": 4,
        "Net Income": 0
    },
    "2011-06-30": {
        "Diluted EPS": 0.22,
        "Total Revenue": 37,
        "Gross Profit": 20,
        "Operating Income": 6,
        "EBIT": 9,
        "Net Income": 4
    },
    "2011-03-31": {
        "Diluted EPS": 0.09,
        "Total Revenue": 33,
        "Gross Profit": 17,
        "Operating Income": 3,
        "EBIT": 6,
        "Net Income": 2
    },
    "2010-12-31": {
        "Diluted EPS": 0.03,
        "Total Revenue": 34,
        "Gross Profit": 17,
        "Operating Income": 1,
        "EBIT": 4,
        "Net Income": 0
    },
    "2010-09-30": {
        "Diluted EPS": 0.17,
        "Total Revenue": 38,
        "Gross Profit": 21,
        "Operating Income": 4,
        "EBIT": 8,
        "Net Income": 3
    },
    "2010-06-30": {
        "Diluted EPS": 0.16,
        "Total Revenue": 36,
        "Gross Profit": 20,
        "Operating Income": 4,
        "EBIT": 8,
        "Net Income": 3
    },
    "2010-03-31": {
        "Diluted EPS": 0.15,
        "Total Revenue": 34,
        "Gross Profit": 19,
        "Operating Income": 4,
        "EBIT": 8,
        "Net Income": 2
    },
    "2009-12-31": {
        "Diluted EPS": 0.0,
        "Total Revenue": 32,
        "Gross Profit": 17,
        "Operating Income": 0,
        "EBIT": 4,
        "Net Income": 0
    },
    "2009-09-30": {
        "Diluted EPS": 0.13,
        "Total Revenue": 35,
        "Gross Profit": 19,
        "Operating Income": 4,
        "EBIT": 7,
        "Net Income": 2
    },
    "2009-06-30": {
        "Diluted EPS": 0.11,
        "Total Revenue": 34,
        "Gross Profit": 19,
        "Operating Income": 3,
        "EBIT": 6,
        "Net Income": 2
    },
    "2009-03-31": {
        "Diluted EPS": 0.06,
        "Total Revenue": 33,
        "Gross Profit": 17,
        "Operating Income": 2,
        "EBIT": 5,
        "Net Income": 1
    },
    "2023-09-30": {
        "Tax Effect Of Unusual Items": 0.0,
        "Tax Rate For Calcs": 0.233723,
        "Normalized EBITDA": 44099000.0,
        "Net Income From Continuing Operation Net Minority Interest": 24163000.0,
        "Reconciled Depreciation": 12197000.0,
        "Reconciled Cost Of Revenue": 58799000.0,
        "EBITDA": 44099000.0,
        "EBIT": 31902000.0,
        "Net Interest Income": -369000.0,
        "Interest Expense": 369000.0,
        "Normalized Income": 24163000.0,
        "Net Income From Continuing And Discontinued Operation": 24163000.0,
        "Total Expenses": 101063000.0,
        "Total Operating Income As Reported": 31902000.0,
        "Diluted Average Shares": 19608000.0,
        "Basic Average Shares": 19252000.0,
        "Diluted EPS": 1.23,
        "Basic EPS": 1.26,
        "Diluted NI Availto Com Stockholders": 24163000.0,
        "Net Income Common Stockholders": 24163000.0,
        "Net Income": 24163000.0,
        "Net Income Including Noncontrolling Interests": 24163000.0,
        "Net Income Continuous Operations": 24163000.0,
        "Tax Provision": 7370000.0,
        "Pretax Income": 31533000.0,
        "Net Non Operating Interest Income Expense": -369000.0,
        "Interest Expense Non Operating": 369000.0,
        "Operating Income": 31902000.0,
        "Operating Expense": 42264000.0,
        "Other Operating Expenses": 2976000.0,
        "Depreciation Amortization Depletion Income Statement": 12197000.0,
        "Depreciation And Amortization In Income Statement": 12197000.0,
        "Selling General And Administration": 27091000.0,
        "Gross Profit": 74166000.0,
        "Cost Of Revenue": 58799000.0,
        "Total Revenue": 132965000.0,
        "Operating Revenue": 127396000.0
    },
    "2023-12-31": {
        "Tax Effect Of Unusual Items": NaN,
        "Tax Rate For Calcs": NaN,
        "Normalized EBITDA": NaN,
        "Net Income From Continuing Operation Net Minority Interest": NaN,
        "Reconciled Depreciation": NaN,
        "Reconciled Cost Of Revenue": NaN,
        "EBITDA": NaN,
        "EBIT": NaN,
        "Net Interest Income": NaN,
        "Interest Expense": NaN,
        "Normalized Income": NaN,
        "Net Income From Continuing And Discontinued Operation": NaN,
        "Total Expenses": NaN,
        "Total Operating Income As Reported": NaN,
        "Diluted Average Shares": 19595000.0,
        "Basic Average Shares": 19266000.0,
        "Diluted EPS": 0.93,
        "Basic EPS": 0.94,
        "Diluted NI Availto Com Stockholders": NaN,
        "Net Income Common Stockholders": NaN,
        "Net Income": NaN,
        "Net Income Including Noncontrolling Interests": NaN,
        "Net Income Continuous Operations": NaN,
        "Tax Provision": NaN,
        "Pretax Income": NaN,
        "Net Non Operating Interest Income Expense": NaN,
        "Interest Expense Non Operating": NaN,
        "Operating Income": NaN,
        "Operating Expense": NaN,
        "Other Operating Expenses": NaN,
        "Depreciation Amortization Depletion Income Statement": NaN,
        "Depreciation And Amortization In Income Statement": NaN,
        "Selling General And Administration": NaN,
        "Gross Profit": NaN,
        "Cost Of Revenue": NaN,
        "Total Revenue": NaN,
        "Operating Revenue": NaN
    }
}