{
    "2023-03-31": {
        "Tax Effect Of Unusual Items": NaN,
        "Tax Rate For Calcs": NaN,
        "Normalized EBITDA": NaN,
        "Total Unusual Items": NaN,
        "Total Unusual Items Excluding Goodwill": NaN,
        "Net Income From Continuing Operation Net Minority Interest": NaN,
        "Reconciled Depreciation": NaN,
        "Reconciled Cost Of Revenue": NaN,
        "EBITDA": NaN,
        "EBIT": NaN,
        "Net Interest Income": NaN,
        "Interest Expense": NaN,
        "Normalized Income": NaN,
        "Net Income From Continuing And Discontinued Operation": NaN,
        "Total Expenses": NaN,
        "Rent Expense Supplemental": NaN,
        "Total Operating Income As Reported": NaN,
        "Diluted Average Shares": NaN,
        "Basic Average Shares": NaN,
        "Diluted EPS": NaN,
        "Basic EPS": NaN,
        "Diluted NI Availto Com Stockholders": NaN,
        "Net Income Common Stockholders": NaN,
        "Net Income": NaN,
        "Minority Interests": 0.0,
        "Net Income Including Noncontrolling Interests": NaN,
        "Net Income Continuous Operations": NaN,
        "Tax Provision": NaN,
        "Pretax Income": NaN,
        "Other Income Expense": NaN,
        "Other Non Operating Income Expenses": NaN,
        "Special Income Charges": NaN,
        "Gain On Sale Of Ppe": -398000.0,
        "Other Special Charges": NaN,
        "Write Off": NaN,
        "Impairment Of Capital Assets": NaN,
        "Earnings From Equity Interest": NaN,
        "Gain On Sale Of Security": NaN,
        "Net Non Operating Interest Income Expense": NaN,
        "Interest Expense Non Operating": NaN,
        "Operating Income": NaN,
        "Operating Expense": NaN,
        "Other Operating Expenses": NaN,
        "Other Taxes": NaN,
        "Depreciation Amortization Depletion Income Statement": NaN,
        "Depreciation And Amortization In Income Statement": NaN,
        "Selling General And Administration": NaN,
        "Selling And Marketing Expense": NaN,
        "General And Administrative Expense": NaN,
        "Other Gand A": NaN,
        "Rent And Landing Fees": NaN,
        "Gross Profit": NaN,
        "Cost Of Revenue": NaN,
        "Total Revenue": NaN,
        "Operating Revenue": NaN
    },
    "2022-12-31": {
        "Tax Effect Of Unusual Items": NaN,
        "Tax Rate For Calcs": NaN,
        "Normalized EBITDA": NaN,
        "Total Unusual Items": NaN,
        "Total Unusual Items Excluding Goodwill": NaN,
        "Net Income From Continuing Operation Net Minority Interest": NaN,
        "Reconciled Depreciation": NaN,
        "Reconciled Cost Of Revenue": NaN,
        "EBITDA": NaN,
        "EBIT": NaN,
        "Net Interest Income": NaN,
        "Interest Expense": NaN,
        "Normalized Income": NaN,
        "Net Income From Continuing And Discontinued Operation": NaN,
        "Total Expenses": NaN,
        "Rent Expense Supplemental": NaN,
        "Total Operating Income As Reported": NaN,
        "Diluted Average Shares": NaN,
        "Basic Average Shares": NaN,
        "Diluted EPS": NaN,
        "Basic EPS": NaN,
        "Diluted NI Availto Com Stockholders": NaN,
        "Net Income Common Stockholders": NaN,
        "Net Income": NaN,
        "Minority Interests": -2868000.0,
        "Net Income Including Noncontrolling Interests": NaN,
        "Net Income Continuous Operations": NaN,
        "Tax Provision": NaN,
        "Pretax Income": NaN,
        "Other Income Expense": NaN,
        "Other Non Operating Income Expenses": NaN,
        "Special Income Charges": NaN,
        "Gain On Sale Of Ppe": 7078000.0,
        "Other Special Charges": NaN,
        "Write Off": 1525000.0,
        "Impairment Of Capital Assets": 1525000.0,
        "Earnings From Equity Interest": NaN,
        "Gain On Sale Of Security": NaN,
        "Net Non Operating Interest Income Expense": NaN,
        "Interest Expense Non Operating": NaN,
        "Operating Income": NaN,
        "Operating Expense": NaN,
        "Other Operating Expenses": NaN,
        "Other Taxes": NaN,
        "Depreciation Amortization Depletion Income Statement": NaN,
        "Depreciation And Amortization In Income Statement": NaN,
        "Selling General And Administration": NaN,
        "Selling And Marketing Expense": NaN,
        "General And Administrative Expense": NaN,
        "Other Gand A": NaN,
        "Rent And Landing Fees": NaN,
        "Gross Profit": NaN,
        "Cost Of Revenue": NaN,
        "Total Revenue": NaN,
        "Operating Revenue": NaN
    },
    "2022-09-30": {
        "Tax Effect Of Unusual Items": NaN,
        "Tax Rate For Calcs": NaN,
        "Normalized EBITDA": NaN,
        "Total Unusual Items": NaN,
        "Total Unusual Items Excluding Goodwill": NaN,
        "Net Income From Continuing Operation Net Minority Interest": NaN,
        "Reconciled Depreciation": NaN,
        "Reconciled Cost Of Revenue": NaN,
        "EBITDA": NaN,
        "EBIT": NaN,
        "Net Interest Income": NaN,
        "Interest Expense": NaN,
        "Normalized Income": NaN,
        "Net Income From Continuing And Discontinued Operation": NaN,
        "Total Expenses": NaN,
        "Rent Expense Supplemental": NaN,
        "Total Operating Income As Reported": NaN,
        "Diluted Average Shares": NaN,
        "Basic Average Shares": NaN,
        "Diluted EPS": NaN,
        "Basic EPS": NaN,
        "Diluted NI Availto Com Stockholders": NaN,
        "Net Income Common Stockholders": NaN,
        "Net Income": NaN,
        "Minority Interests": 0.0,
        "Net Income Including Noncontrolling Interests": NaN,
        "Net Income Continuous Operations": NaN,
        "Tax Provision": NaN,
        "Pretax Income": NaN,
        "Other Income Expense": NaN,
        "Other Non Operating Income Expenses": NaN,
        "Special Income Charges": NaN,
        "Gain On Sale Of Ppe": -88000.0,
        "Impairment Of Capital Assets": 0.0,
        "Earnings From Equity Interest": NaN,
        "Gain On Sale Of Security": NaN,
        "Net Non Operating Interest Income Expense": NaN,
        "Interest Expense Non Operating": NaN,
        "Operating Income": NaN,
        "Operating Expense": NaN,
        "Other Operating Expenses": NaN,
        "Other Taxes": NaN,
        "Depreciation Amortization Depletion Income Statement": NaN,
        "Depreciation And Amortization In Income Statement": NaN,
        "Selling General And Administration": NaN,
        "Selling And Marketing Expense": NaN,
        "General And Administrative Expense": NaN,
        "Other Gand A": NaN,
        "Rent And Landing Fees": NaN,
        "Gross Profit": NaN,
        "Cost Of Revenue": NaN,
        "Total Revenue": NaN,
        "Operating Revenue": NaN
    },
    "2022-06-30": {
        "Tax Effect Of Unusual Items": -183309.289617,
        "Tax Rate For Calcs": 0.347177,
        "Normalized EBITDA": 35068000.0,
        "Total Unusual Items": -528000.0,
        "Total Unusual Items Excluding Goodwill": -528000.0,
        "Net Income From Continuing Operation Net Minority Interest": 8960000.0,
        "Reconciled Depreciation": 16752000.0,
        "Reconciled Cost Of Revenue": 118486000.0,
        "EBITDA": 34540000.0,
        "EBIT": 17788000.0,
        "Net Interest Income": -4063000.0,
        "Interest Expense": 4063000.0,
        "Normalized Income": 9304690.710383,
        "Net Income From Continuing And Discontinued Operation": 8960000.0,
        "Total Expenses": 179662000.0,
        "Rent Expense Supplemental": 6578000.0,
        "Total Operating Income As Reported": 18893000.0,
        "Diluted Average Shares": 40617000.0,
        "Basic Average Shares": 31492000.0,
        "Diluted EPS": 0.24,
        "Basic EPS": 0.29,
        "Diluted NI Availto Com Stockholders": 8960000.0,
        "Net Income Common Stockholders": 8960000.0,
        "Net Income": 8960000.0,
        "Minority Interests": 0.0,
        "Net Income Including Noncontrolling Interests": 8960000.0,
        "Net Income Continuous Operations": 8960000.0,
        "Tax Provision": 4765000.0,
        "Pretax Income": 13725000.0,
        "Other Income Expense": -1105000.0,
        "Other Non Operating Income Expenses": -584000.0,
        "Special Income Charges": -69000.0,
        "Gain On Sale Of Ppe": -69000.0,
        "Impairment Of Capital Assets": 0.0,
        "Earnings From Equity Interest": 7000.0,
        "Gain On Sale Of Security": -459000.0,
        "Net Non Operating Interest Income Expense": -4063000.0,
        "Interest Expense Non Operating": 4063000.0,
        "Operating Income": 18893000.0,
        "Operating Expense": 61176000.0,
        "Other Operating Expenses": 9261000.0,
        "Other Taxes": 4980000.0,
        "Depreciation Amortization Depletion Income Statement": 16752000.0,
        "Depreciation And Amortization In Income Statement": 16752000.0,
        "Selling General And Administration": 30183000.0,
        "Selling And Marketing Expense": 5978000.0,
        "General And Administrative Expense": 24205000.0,
        "Other Gand A": 17627000.0,
        "Rent And Landing Fees": 6578000.0,
        "Gross Profit": 80069000.0,
        "Cost Of Revenue": 118486000.0,
        "Total Revenue": 198555000.0,
        "Operating Revenue": 169113000.0
    },
    "2023-06-30": {
        "Tax Effect Of Unusual Items": NaN,
        "Tax Rate For Calcs": NaN,
        "Normalized EBITDA": NaN,
        "Total Unusual Items": NaN,
        "Total Unusual Items Excluding Goodwill": NaN,
        "Net Income From Continuing Operation Net Minority Interest": NaN,
        "Reconciled Depreciation": NaN,
        "Reconciled Cost Of Revenue": NaN,
        "EBITDA": NaN,
        "EBIT": NaN,
        "Net Interest Income": NaN,
        "Interest Expense": NaN,
        "Normalized Income": NaN,
        "Net Income From Continuing And Discontinued Operation": NaN,
        "Total Expenses": NaN,
        "Rent Expense Supplemental": NaN,
        "Total Operating Income As Reported": NaN,
        "Diluted Average Shares": 40935000.0,
        "Basic Average Shares": 31673000.0,
        "Diluted EPS": 0.35,
        "Basic EPS": 0.43,
        "Diluted NI Availto Com Stockholders": NaN,
        "Net Income Common Stockholders": NaN,
        "Net Income": NaN,
        "Minority Interests": NaN,
        "Net Income Including Noncontrolling Interests": NaN,
        "Net Income Continuous Operations": NaN,
        "Tax Provision": NaN,
        "Pretax Income": NaN,
        "Other Income Expense": NaN,
        "Other Non Operating Income Expenses": NaN,
        "Special Income Charges": NaN,
        "Gain On Sale Of Ppe": -379000.0,
        "Other Special Charges": NaN,
        "Write Off": 0.0,
        "Impairment Of Capital Assets": NaN,
        "Earnings From Equity Interest": NaN,
        "Gain On Sale Of Security": NaN,
        "Net Non Operating Interest Income Expense": NaN,
        "Interest Expense Non Operating": NaN,
        "Operating Income": NaN,
        "Operating Expense": NaN,
        "Other Operating Expenses": NaN,
        "Other Taxes": NaN,
        "Depreciation Amortization Depletion Income Statement": NaN,
        "Depreciation And Amortization In Income Statement": NaN,
        "Selling General And Administration": NaN,
        "Selling And Marketing Expense": NaN,
        "General And Administrative Expense": NaN,
        "Other Gand A": NaN,
        "Rent And Landing Fees": NaN,
        "Gross Profit": NaN,
        "Cost Of Revenue": NaN,
        "Total Revenue": NaN,
        "Operating Revenue": NaN
    },
    "2022-03-31": {
        "Diluted EPS": -0.47,
        "Total Revenue": 132,
        "Gross Profit": 52,
        "Operating Income": -17,
        "EBIT": 1,
        "Net Income": -15
    },
    "2021-12-31": {
        "Diluted EPS": 0.2,
        "Total Revenue": 169,
        "Gross Profit": 78,
        "Operating Income": 14,
        "EBIT": 32,
        "Net Income": 6
    },
    "2021-09-30": {
        "Diluted EPS": 0.06,
        "Total Revenue": 146,
        "Gross Profit": 68,
        "Operating Income": 6,
        "EBIT": 25,
        "Net Income": 2
    },
    "2021-06-30": {
        "Diluted EPS": -0.74,
        "Total Revenue": 93,
        "Gross Profit": 39,
        "Operating Income": -26,
        "EBIT": -7,
        "Net Income": -23
    },
    "2021-03-31": {
        "Diluted EPS": -0.9,
        "Total Revenue": 51,
        "Gross Profit": 17,
        "Operating Income": -36,
        "EBIT": -17,
        "Net Income": -28
    },
    "2020-12-31": {
        "Diluted EPS": -1.26,
        "Total Revenue": 37,
        "Gross Profit": 7,
        "Operating Income": -55,
        "EBIT": -35,
        "Net Income": -39
    },
    "2020-09-30": {
        "Diluted EPS": -1.27,
        "Total Revenue": 34,
        "Gross Profit": 7,
        "Operating Income": -48,
        "EBIT": -29,
        "Net Income": -39
    },
    "2020-06-30": {
        "Diluted EPS": -0.87,
        "Total Revenue": 8,
        "Gross Profit": -5,
        "Operating Income": -53,
        "EBIT": -34,
        "Net Income": -27
    },
    "2020-03-31": {
        "Diluted EPS": -0.62,
        "Total Revenue": 159,
        "Gross Profit": 59,
        "Operating Income": -22,
        "EBIT": -3,
        "Net Income": -19
    },
    "2019-12-31": {
        "Diluted EPS": 0.25,
        "Total Revenue": 207,
        "Gross Profit": 90,
        "Operating Income": 13,
        "EBIT": 32,
        "Net Income": 8
    },
    "2019-09-30": {
        "Diluted EPS": 0.46,
        "Total Revenue": 211,
        "Gross Profit": 96,
        "Operating Income": 22,
        "EBIT": 42,
        "Net Income": 14
    },
    "2019-06-30": {
        "Diluted EPS": 0.58,
        "Total Revenue": 233,
        "Gross Profit": 106,
        "Operating Income": 27,
        "EBIT": 46,
        "Net Income": 18
    },
    "2019-03-31": {
        "Diluted EPS": 0.06,
        "Total Revenue": 170,
        "Gross Profit": 74,
        "Operating Income": 5,
        "EBIT": 21,
        "Net Income": 2
    },
    "2018-12-31": {
        "Diluted EPS": 0.3,
        "Total Revenue": 175,
        "Gross Profit": 84,
        "Operating Income": 15,
        "EBIT": 33,
        "Net Income": 9
    },
    "2018-09-30": {
        "Diluted EPS": 0.56,
        "Total Revenue": 171,
        "Gross Profit": 86,
        "Operating Income": 22,
        "EBIT": 37,
        "Net Income": 16
    },
    "2018-06-30": {
        "Diluted EPS": 0.65,
        "Total Revenue": 193,
        "Gross Profit": 94,
        "Operating Income": 29,
        "EBIT": 44,
        "Net Income": 19
    },
    "2018-03-31": {
        "Diluted EPS": 0.35,
        "Total Revenue": 168,
        "Gross Profit": 78,
        "Operating Income": 17,
        "EBIT": 31,
        "Net Income": 10
    },
    "2017-12-31": {
        "Diluted EPS": 1.21,
        "Total Revenue": 166,
        "Gross Profit": 76,
        "Operating Income": 18,
        "EBIT": 32,
        "Net Income": 34
    },
    "2017-09-30": {
        "Diluted EPS": 0.39,
        "Total Revenue": 162,
        "Gross Profit": 83,
        "Operating Income": 22,
        "EBIT": 35,
        "Net Income": 11
    },
    "2017-06-30": {
        "Diluted EPS": 0.36,
        "Total Revenue": 160,
        "Gross Profit": 78,
        "Operating Income": 19,
        "EBIT": 32,
        "Net Income": 10
    },
    "2017-03-31": {
        "Diluted EPS": 0.33,
        "Total Revenue": 165,
        "Gross Profit": 77,
        "Operating Income": 18,
        "EBIT": 31,
        "Net Income": 9
    },
    "2016-12-31": {
        "Diluted EPS": 0.31,
        "Total Revenue": 169,
        "Gross Profit": 95,
        "Operating Income": 17,
        "EBIT": 28,
        "Net Income": 9
    },
    "2016-09-30": {
        "Diluted EPS": 0.51,
        "Total Revenue": 145,
        "Gross Profit": 71,
        "Operating Income": 25,
        "EBIT": 35,
        "Net Income": 14
    },
    "2016-06-30": {
        "Diluted EPS": 0.34,
        "Total Revenue": 135,
        "Gross Profit": 64,
        "Operating Income": 18,
        "EBIT": 29,
        "Net Income": 9
    },
    "2016-03-31": {
        "Diluted EPS": 0.2,
        "Total Revenue": 125,
        "Gross Profit": 55,
        "Operating Income": 11,
        "EBIT": 22,
        "Net Income": 5
    },
    "2015-12-31": {
        "Diluted EPS": 0.0,
        "Total Revenue": NaN,
        "Gross Profit": NaN,
        "Operating Income": NaN,
        "EBIT": NaN,
        "Net Income": NaN
    },
    "2015-11-30": {
        "Diluted EPS": 0.18,
        "Total Revenue": 116,
        "Gross Profit": 55,
        "Operating Income": 11,
        "EBIT": 20,
        "Net Income": 5
    },
    "2015-09-30": {
        "Diluted EPS": 0.39,
        "Total Revenue": 134,
        "Gross Profit": 65,
        "Operating Income": 20,
        "EBIT": 30,
        "Net Income": 11
    },
    "2015-08-31": {
        "Diluted EPS": 0.53,
        "Total Revenue": 149,
        "Gross Profit": 73,
        "Operating Income": 26,
        "EBIT": 36,
        "Net Income": 15
    },
    "2015-06-30": {
        "Diluted EPS": 0.32,
        "Total Revenue": 138,
        "Gross Profit": 64,
        "Operating Income": 18,
        "EBIT": 28,
        "Net Income": 9
    },
    "2015-05-31": {
        "Diluted EPS": 0.0,
        "Total Revenue": NaN,
        "Gross Profit": NaN,
        "Operating Income": NaN,
        "EBIT": NaN,
        "Net Income": NaN
    },
    "2015-03-31": {
        "Diluted EPS": 0.12,
        "Total Revenue": 119,
        "Gross Profit": 52,
        "Operating Income": 8,
        "EBIT": 17,
        "Net Income": 3
    },
    "2015-02-28": {
        "Diluted EPS": 0.11,
        "Total Revenue": 120,
        "Gross Profit": 52,
        "Operating Income": 7,
        "EBIT": 17,
        "Net Income": 3
    },
    "2014-11-30": {
        "Diluted EPS": 0.19,
        "Total Revenue": 116,
        "Gross Profit": 56,
        "Operating Income": 12,
        "EBIT": 37,
        "Net Income": 5
    },
    "2014-08-31": {
        "Diluted EPS": 0.45,
        "Total Revenue": 132,
        "Gross Profit": 67,
        "Operating Income": 23,
        "EBIT": 23,
        "Net Income": 12
    },
    "2014-05-31": {
        "Diluted EPS": 0.0,
        "Total Revenue": NaN,
        "Gross Profit": NaN,
        "Operating Income": NaN,
        "EBIT": NaN,
        "Net Income": NaN
    },
    "2014-02-28": {
        "Diluted EPS": 0.15,
        "Total Revenue": 110,
        "Gross Profit": 46,
        "Operating Income": 6,
        "EBIT": 31,
        "Net Income": 4
    },
    "2013-11-30": {
        "Diluted EPS": 0.12,
        "Total Revenue": 101,
        "Gross Profit": 49,
        "Operating Income": 9,
        "EBIT": 26,
        "Net Income": 3
    },
    "2013-08-31": {
        "Diluted EPS": 0.5,
        "Total Revenue": 129,
        "Gross Profit": 66,
        "Operating Income": 24,
        "EBIT": 24,
        "Net Income": 13
    },
    "2013-05-31": {
        "Diluted EPS": 0.0,
        "Total Revenue": NaN,
        "Gross Profit": NaN,
        "Operating Income": NaN,
        "EBIT": NaN,
        "Net Income": NaN
    },
    "2013-02-28": {
        "Diluted EPS": -0.05,
        "Total Revenue": 94,
        "Gross Profit": 40,
        "Operating Income": 0,
        "EBIT": 17,
        "Net Income": -1
    },
    "2012-11-30": {
        "Diluted EPS": 0.17,
        "Total Revenue": 101,
        "Gross Profit": 51,
        "Operating Income": 10,
        "EBIT": 27,
        "Net Income": 5
    },
    "2012-08-31": {
        "Diluted EPS": 0.37,
        "Total Revenue": 118,
        "Gross Profit": 59,
        "Operating Income": 20,
        "EBIT": 20,
        "Net Income": 11
    },
    "2012-05-31": {
        "Diluted EPS": 0.0,
        "Total Revenue": NaN,
        "Gross Profit": NaN,
        "Operating Income": NaN,
        "EBIT": NaN,
        "Net Income": NaN
    },
    "2012-02-29": {
        "Diluted EPS": 0.03,
        "Total Revenue": 92,
        "Gross Profit": 41,
        "Operating Income": 4,
        "EBIT": 21,
        "Net Income": 1
    },
    "2011-11-30": {
        "Diluted EPS": 0.1,
        "Total Revenue": 90,
        "Gross Profit": 45,
        "Operating Income": 6,
        "EBIT": 32,
        "Net Income": 3
    },
    "2011-08-31": {
        "Diluted EPS": 0.42,
        "Total Revenue": 124,
        "Gross Profit": 62,
        "Operating Income": 23,
        "EBIT": 23,
        "Net Income": 12
    },
    "2011-05-31": {
        "Diluted EPS": 0.0,
        "Total Revenue": NaN,
        "Gross Profit": NaN,
        "Operating Income": NaN,
        "EBIT": NaN,
        "Net Income": NaN
    },
    "2011-02-28": {
        "Diluted EPS": -0.07,
        "Total Revenue": 84,
        "Gross Profit": 35,
        "Operating Income": 0,
        "EBIT": 26,
        "Net Income": -2
    },
    "2010-11-30": {
        "Diluted EPS": 0.07,
        "Total Revenue": 87,
        "Gross Profit": 41,
        "Operating Income": 5,
        "EBIT": 30,
        "Net Income": 2
    },
    "2010-08-31": {
        "Diluted EPS": 0.34,
        "Total Revenue": 114,
        "Gross Profit": 56,
        "Operating Income": 19,
        "EBIT": 19,
        "Net Income": 10
    },
    "2010-05-31": {
        "Diluted EPS": 0.0,
        "Total Revenue": NaN,
        "Gross Profit": NaN,
        "Operating Income": NaN,
        "EBIT": NaN,
        "Net Income": NaN
    },
    "2010-02-28": {
        "Diluted EPS": 0.11,
        "Total Revenue": 96,
        "Gross Profit": 42,
        "Operating Income": 8,
        "EBIT": 32,
        "Net Income": 3
    },
    "2009-11-30": {
        "Diluted EPS": -0.01,
        "Total Revenue": 83,
        "Gross Profit": 38,
        "Operating Income": 2,
        "EBIT": 18,
        "Net Income": 0
    },
    "2009-08-31": {
        "Diluted EPS": 0.34,
        "Total Revenue": 110,
        "Gross Profit": 53,
        "Operating Income": 19,
        "EBIT": 19,
        "Net Income": 10
    },
    "2009-05-31": {
        "Diluted EPS": 0.0,
        "Total Revenue": NaN,
        "Gross Profit": NaN,
        "Operating Income": NaN,
        "EBIT": NaN,
        "Net Income": NaN
    },
    "2009-02-28": {
        "Diluted EPS": 0.06,
        "Total Revenue": 91,
        "Gross Profit": 40,
        "Operating Income": 6,
        "EBIT": 23,
        "Net Income": 2
    },
    "2023-09-30": {
        "Tax Effect Of Unusual Items": -77436.0,
        "Tax Rate For Calcs": 0.324,
        "Normalized EBITDA": 40373000.0,
        "Total Unusual Items": -239000.0,
        "Total Unusual Items Excluding Goodwill": -239000.0,
        "Net Income From Continuing Operation Net Minority Interest": 12234000.0,
        "Reconciled Depreciation": 19158000.0,
        "Reconciled Cost Of Revenue": 110340000.0,
        "EBITDA": 40134000.0,
        "EBIT": 20976000.0,
        "Net Interest Income": -2869000.0,
        "Interest Expense": 2869000.0,
        "Normalized Income": 12395564.0,
        "Net Income From Continuing And Discontinued Operation": 12234000.0,
        "Total Expenses": 187149000.0,
        "Rent Expense Supplemental": 6592000.0,
        "Total Operating Income As Reported": 20933000.0,
        "Diluted Average Shares": 40974000.0,
        "Basic Average Shares": 31695566.0,
        "Diluted EPS": 0.32,
        "Basic EPS": 0.385985,
        "Diluted NI Availto Com Stockholders": 12234000.0,
        "Net Income Common Stockholders": 12234000.0,
        "Net Income": 12234000.0,
        "Minority Interests": NaN,
        "Net Income Including Noncontrolling Interests": 12234000.0,
        "Net Income Continuous Operations": 12234000.0,
        "Tax Provision": 5873000.0,
        "Pretax Income": 18107000.0,
        "Other Income Expense": -641000.0,
        "Other Non Operating Income Expenses": -477000.0,
        "Special Income Charges": -684000.0,
        "Gain On Sale Of Ppe": NaN,
        "Other Special Charges": NaN,
        "Write Off": 684000.0,
        "Impairment Of Capital Assets": 684000.0,
        "Earnings From Equity Interest": 75000.0,
        "Gain On Sale Of Security": 445000.0,
        "Net Non Operating Interest Income Expense": -2869000.0,
        "Interest Expense Non Operating": 2869000.0,
        "Operating Income": 21617000.0,
        "Operating Expense": 76809000.0,
        "Other Operating Expenses": 20517000.0,
        "Other Taxes": 4663000.0,
        "Depreciation Amortization Depletion Income Statement": 19158000.0,
        "Depreciation And Amortization In Income Statement": 19158000.0,
        "Selling General And Administration": 32471000.0,
        "Selling And Marketing Expense": 6025000.0,
        "General And Administrative Expense": 26446000.0,
        "Other Gand A": 19854000.0,
        "Rent And Landing Fees": 6592000.0,
        "Gross Profit": 98426000.0,
        "Cost Of Revenue": 110340000.0,
        "Total Revenue": 208766000.0,
        "Operating Revenue": 174873000.0
    },
    "2023-12-31": {
        "Tax Effect Of Unusual Items": 158907.979033,
        "Tax Rate For Calcs": 0.161328,
        "Normalized EBITDA": 17322000.0,
        "Total Unusual Items": 985000.0,
        "Total Unusual Items Excluding Goodwill": 985000.0,
        "Net Income From Continuing Operation Net Minority Interest": -1440000.0,
        "Reconciled Depreciation": 16273000.0,
        "Reconciled Cost Of Revenue": 91313000.0,
        "EBITDA": 18307000.0,
        "EBIT": 2034000.0,
        "Net Interest Income": -3751000.0,
        "Interest Expense": 3751000.0,
        "Normalized Income": -2266092.020967,
        "Net Income From Continuing And Discontinued Operation": -1440000.0,
        "Total Expenses": 159978000.0,
        "Rent Expense Supplemental": 6475000.0,
        "Total Operating Income As Reported": 1171000.0,
        "Diluted Average Shares": 31722042.0,
        "Basic Average Shares": 31722042.0,
        "Diluted EPS": -0.05,
        "Basic EPS": -0.045394,
        "Diluted NI Availto Com Stockholders": -1440000.0,
        "Net Income Common Stockholders": -1440000.0,
        "Net Income": -1440000.0,
        "Minority Interests": NaN,
        "Net Income Including Noncontrolling Interests": -1440000.0,
        "Net Income Continuous Operations": -1440000.0,
        "Tax Provision": -277000.0,
        "Pretax Income": -1717000.0,
        "Other Income Expense": 486000.0,
        "Other Non Operating Income Expenses": -477000.0,
        "Special Income Charges": -377000.0,
        "Gain On Sale Of Ppe": NaN,
        "Other Special Charges": NaN,
        "Write Off": 377000.0,
        "Impairment Of Capital Assets": 377000.0,
        "Earnings From Equity Interest": -22000.0,
        "Gain On Sale Of Security": 1362000.0,
        "Net Non Operating Interest Income Expense": -3751000.0,
        "Interest Expense Non Operating": 3751000.0,
        "Operating Income": 1548000.0,
        "Operating Expense": 68665000.0,
        "Other Operating Expenses": 16469000.0,
        "Other Taxes": 3919000.0,
        "Depreciation Amortization Depletion Income Statement": 16273000.0,
        "Depreciation And Amortization In Income Statement": 16273000.0,
        "Selling General And Administration": 32004000.0,
        "Selling And Marketing Expense": 6135000.0,
        "General And Administrative Expense": 25869000.0,
        "Other Gand A": 19394000.0,
        "Rent And Landing Fees": 6475000.0,
        "Gross Profit": 70213000.0,
        "Cost Of Revenue": 91313000.0,
        "Total Revenue": 161526000.0,
        "Operating Revenue": 132889000.0
    },
    "2024-03-31": {
        "Tax Effect Of Unusual Items": 256227.0,
        "Tax Rate For Calcs": 0.383,
        "Normalized EBITDA": -1355000.0,
        "Total Unusual Items": 669000.0,
        "Total Unusual Items Excluding Goodwill": 669000.0,
        "Net Income From Continuing Operation Net Minority Interest": -11866000.0,
        "Reconciled Depreciation": 16015000.0,
        "Reconciled Cost Of Revenue": 83145000.0,
        "EBITDA": -686000.0,
        "EBIT": -16701000.0,
        "Net Interest Income": -2534000.0,
        "Interest Expense": 2534000.0,
        "Normalized Income": -12278773.0,
        "Net Income From Continuing And Discontinued Operation": -11866000.0,
        "Total Expenses": 155189000.0,
        "Rent Expense Supplemental": 6347000.0,
        "Total Operating Income As Reported": -16665000.0,
        "Diluted Average Shares": 31892000.0,
        "Basic Average Shares": 31892000.0,
        "Diluted EPS": -0.38,
        "Basic EPS": -0.38,
        "Diluted NI Availto Com Stockholders": -11866000.0,
        "Net Income Common Stockholders": -11866000.0,
        "Net Income": -11866000.0,
        "Minority Interests": NaN,
        "Net Income Including Noncontrolling Interests": -11866000.0,
        "Net Income Continuous Operations": -11866000.0,
        "Tax Provision": -7369000.0,
        "Pretax Income": -19235000.0,
        "Other Income Expense": -59000.0,
        "Other Non Operating Income Expenses": -341000.0,
        "Special Income Charges": -23000.0,
        "Gain On Sale Of Ppe": -23000.0,
        "Other Special Charges": NaN,
        "Write Off": NaN,
        "Impairment Of Capital Assets": NaN,
        "Earnings From Equity Interest": -387000.0,
        "Gain On Sale Of Security": 692000.0,
        "Net Non Operating Interest Income Expense": -2534000.0,
        "Interest Expense Non Operating": 2534000.0,
        "Operating Income": -16642000.0,
        "Operating Expense": 72044000.0,
        "Other Operating Expenses": 19048000.0,
        "Other Taxes": 3931000.0,
        "Depreciation Amortization Depletion Income Statement": 16015000.0,
        "Depreciation And Amortization In Income Statement": 16015000.0,
        "Selling General And Administration": 33050000.0,
        "Selling And Marketing Expense": 5301000.0,
        "General And Administrative Expense": 27749000.0,
        "Other Gand A": 21402000.0,
        "Rent And Landing Fees": 6347000.0,
        "Gross Profit": 55402000.0,
        "Cost Of Revenue": 83145000.0,
        "Total Revenue": 138547000.0,
        "Operating Revenue": 109667000.0
    },
    "2024-06-30": {
        "Tax Effect Of Unusual Items": -2974440.0,
        "Tax Rate For Calcs": 0.21,
        "Normalized EBITDA": 18925000.0,
        "Total Unusual Items": -14164000.0,
        "Total Unusual Items Excluding Goodwill": -14164000.0,
        "Net Income From Continuing Operation Net Minority Interest": -20221000.0,
        "Reconciled Depreciation": 16699000.0,
        "Reconciled Cost Of Revenue": 96877000.0,
        "EBITDA": 4761000.0,
        "EBIT": -11938000.0,
        "Net Interest Income": -2564000.0,
        "Interest Expense": 2564000.0,
        "Normalized Income": -9031440.0,
        "Net Income From Continuing And Discontinued Operation": -20221000.0,
        "Total Expenses": 173366000.0,
        "Rent Expense Supplemental": 6496000.0,
        "Total Operating Income As Reported": 2237000.0,
        "Diluted Average Shares": 32173578.0,
        "Basic Average Shares": 32173578.0,
        "Diluted EPS": -0.64,
        "Basic EPS": -0.628497,
        "Diluted NI Availto Com Stockholders": -20221000.0,
        "Net Income Common Stockholders": -20221000.0,
        "Net Income": -20221000.0,
        "Minority Interests": NaN,
        "Net Income Including Noncontrolling Interests": -20221000.0,
        "Net Income Continuous Operations": -20221000.0,
        "Tax Provision": 5719000.0,
        "Pretax Income": -14502000.0,
        "Other Income Expense": -14604000.0,
        "Other Non Operating Income Expenses": -390000.0,
        "Special Income Charges": -14337000.0,
        "Gain On Sale Of Ppe": 43000.0,
        "Other Special Charges": 13908000.0,
        "Write Off": 472000.0,
        "Impairment Of Capital Assets": NaN,
        "Earnings From Equity Interest": -50000.0,
        "Gain On Sale Of Security": 173000.0,
        "Net Non Operating Interest Income Expense": -2564000.0,
        "Interest Expense Non Operating": 2564000.0,
        "Operating Income": 2666000.0,
        "Operating Expense": 76489000.0,
        "Other Operating Expenses": 20474000.0,
        "Other Taxes": 3688000.0,
        "Depreciation Amortization Depletion Income Statement": 16699000.0,
        "Depreciation And Amortization In Income Statement": 16699000.0,
        "Selling General And Administration": 35628000.0,
        "Selling And Marketing Expense": 6502000.0,
        "General And Administrative Expense": 29126000.0,
        "Other Gand A": 22630000.0,
        "Rent And Landing Fees": 6496000.0,
        "Gross Profit": 79155000.0,
        "Cost Of Revenue": 96877000.0,
        "Total Revenue": 176032000.0,
        "Operating Revenue": 142765000.0
    },
    "2024-09-30": {
        "Tax Effect Of Unusual Items": -134773.537604,
        "Tax Rate For Calcs": 0.188231,
        "Normalized EBITDA": 49772000.0,
        "Total Unusual Items": -716000.0,
        "Total Unusual Items Excluding Goodwill": -716000.0,
        "Net Income From Continuing Operation Net Minority Interest": 23314000.0,
        "Reconciled Depreciation": 17274000.0,
        "Reconciled Cost Of Revenue": 120906000.0,
        "EBITDA": 49056000.0,
        "EBIT": 31782000.0,
        "Net Interest Income": -3062000.0,
        "Interest Expense": 3062000.0,
        "Normalized Income": 23895226.462396,
        "Net Income From Continuing And Discontinued Operation": 23314000.0,
        "Total Expenses": 199771000.0,
        "Rent Expense Supplemental": 6631000.0,
        "Total Operating Income As Reported": 32782000.0,
        "Diluted Average Shares": NaN,
        "Basic Average Shares": NaN,
        "Diluted EPS": NaN,
        "Basic EPS": NaN,
        "Diluted NI Availto Com Stockholders": 23314000.0,
        "Net Income Common Stockholders": 23314000.0,
        "Net Income": 23314000.0,
        "Minority Interests": NaN,
        "Net Income Including Noncontrolling Interests": 23314000.0,
        "Net Income Continuous Operations": 23314000.0,
        "Tax Provision": 5406000.0,
        "Pretax Income": 28720000.0,
        "Other Income Expense": -1115000.0,
        "Other Non Operating Income Expenses": -390000.0,
        "Special Income Charges": -1525000.0,
        "Gain On Sale Of Ppe": -115000.0,
        "Other Special Charges": 1410000.0,
        "Write Off": 0.0,
        "Impairment Of Capital Assets": NaN,
        "Earnings From Equity Interest": -9000.0,
        "Gain On Sale Of Security": 809000.0,
        "Net Non Operating Interest Income Expense": -3062000.0,
        "Interest Expense Non Operating": 3062000.0,
        "Operating Income": 32897000.0,
        "Operating Expense": 78865000.0,
        "Other Operating Expenses": 20671000.0,
        "Other Taxes": 4442000.0,
        "Depreciation Amortization Depletion Income Statement": 17274000.0,
        "Depreciation And Amortization In Income Statement": 17274000.0,
        "Selling General And Administration": 36478000.0,
        "Selling And Marketing Expense": 6645000.0,
        "General And Administrative Expense": 29833000.0,
        "Other Gand A": 23202000.0,
        "Rent And Landing Fees": 6631000.0,
        "Gross Profit": 111762000.0,
        "Cost Of Revenue": 120906000.0,
        "Total Revenue": 232668000.0,
        "Operating Revenue": 193400000.0
    }
}