{
    "2023-03-31": {
        "Tax Effect Of Unusual Items": 15183.0,
        "Tax Rate For Calcs": 0.241,
        "Normalized EBITDA": 62826000.0,
        "Total Unusual Items": 63000.0,
        "Total Unusual Items Excluding Goodwill": 63000.0,
        "Net Income From Continuing Operation Net Minority Interest": 21136000.0,
        "Reconciled Depreciation": 17307000.0,
        "Reconciled Cost Of Revenue": 66792000.0,
        "EBITDA": 62889000.0,
        "EBIT": 45582000.0,
        "Net Interest Income": -17748000.0,
        "Interest Expense": 17748000.0,
        "Normalized Income": 21088183.0,
        "Net Income From Continuing And Discontinued Operation": 21136000.0,
        "Total Expenses": 180441000.0,
        "Total Operating Income As Reported": 45582000.0,
        "Diluted Average Shares": 327608266.0,
        "Basic Average Shares": 307291909.0,
        "Diluted EPS": 0.06,
        "Basic EPS": 0.07,
        "Diluted NI Availto Com Stockholders": 21136000.0,
        "Net Income Common Stockholders": 21136000.0,
        "Net Income": 21136000.0,
        "Net Income Including Noncontrolling Interests": 21136000.0,
        "Net Income Continuous Operations": 21136000.0,
        "Tax Provision": 6698000.0,
        "Pretax Income": 27834000.0,
        "Other Income Expense": 63000.0,
        "Other Non Operating Income Expenses": NaN,
        "Special Income Charges": 63000.0,
        "Gain On Sale Of Ppe": 63000.0,
        "Other Special Charges": NaN,
        "Net Non Operating Interest Income Expense": -17748000.0,
        "Interest Expense Non Operating": 17748000.0,
        "Operating Income": 45519000.0,
        "Operating Expense": 113649000.0,
        "Other Operating Expenses": 89466000.0,
        "Selling General And Administration": 24183000.0,
        "General And Administrative Expense": 24183000.0,
        "Other Gand A": 24183000.0,
        "Gross Profit": 159168000.0,
        "Cost Of Revenue": 66792000.0,
        "Total Revenue": 225960000.0,
        "Operating Revenue": 225861000.0
    },
    "2022-12-31": {
        "Tax Effect Of Unusual Items": -598059.76701,
        "Tax Rate For Calcs": 0.250549,
        "Normalized EBITDA": 57252000.0,
        "Total Unusual Items": -2387000.0,
        "Total Unusual Items Excluding Goodwill": -2387000.0,
        "Net Income From Continuing Operation Net Minority Interest": 17756000.0,
        "Reconciled Depreciation": 16306000.0,
        "Reconciled Cost Of Revenue": 65350000.0,
        "EBITDA": 54865000.0,
        "EBIT": 38559000.0,
        "Net Interest Income": -14867000.0,
        "Interest Expense": 14867000.0,
        "Normalized Income": 19544940.23299,
        "Net Income From Continuing And Discontinued Operation": 17756000.0,
        "Total Expenses": 173406000.0,
        "Total Operating Income As Reported": 38559000.0,
        "Diluted Average Shares": 326903609.0,
        "Basic Average Shares": 305545143.0,
        "Diluted EPS": 0.05,
        "Basic EPS": 0.06,
        "Diluted NI Availto Com Stockholders": 17756000.0,
        "Net Income Common Stockholders": 17756000.0,
        "Net Income": 17756000.0,
        "Net Income Including Noncontrolling Interests": 17756000.0,
        "Net Income Continuous Operations": 17756000.0,
        "Tax Provision": 5936000.0,
        "Pretax Income": 23692000.0,
        "Other Income Expense": -2387000.0,
        "Special Income Charges": -2387000.0,
        "Gain On Sale Of Ppe": -2387000.0,
        "Net Non Operating Interest Income Expense": -14867000.0,
        "Interest Expense Non Operating": 14867000.0,
        "Operating Income": 40946000.0,
        "Operating Expense": 108056000.0,
        "Other Operating Expenses": 83241000.0,
        "Selling General And Administration": 24815000.0,
        "General And Administrative Expense": 24815000.0,
        "Other Gand A": 24815000.0,
        "Gross Profit": 149002000.0,
        "Cost Of Revenue": 65350000.0,
        "Total Revenue": 214352000.0,
        "Operating Revenue": 214262000.0
    },
    "2022-09-30": {
        "Tax Effect Of Unusual Items": 174340.495566,
        "Tax Rate For Calcs": 0.268629,
        "Normalized EBITDA": 57455000.0,
        "Total Unusual Items": 649000.0,
        "Total Unusual Items Excluding Goodwill": 649000.0,
        "Net Income From Continuing Operation Net Minority Interest": 23997000.0,
        "Reconciled Depreciation": 15193000.0,
        "Reconciled Cost Of Revenue": 68228000.0,
        "EBITDA": 58104000.0,
        "EBIT": 42911000.0,
        "Net Interest Income": -10100000.0,
        "Interest Expense": 10100000.0,
        "Normalized Income": 23522340.495566,
        "Net Income From Continuing And Discontinued Operation": 23997000.0,
        "Total Expenses": 175314000.0,
        "Total Operating Income As Reported": 42911000.0,
        "Diluted Average Shares": 326881152.0,
        "Basic Average Shares": 304290590.0,
        "Diluted EPS": 0.07,
        "Basic EPS": 0.08,
        "Diluted NI Availto Com Stockholders": 23997000.0,
        "Net Income Common Stockholders": 23997000.0,
        "Net Income": 23997000.0,
        "Net Income Including Noncontrolling Interests": 23997000.0,
        "Net Income Continuous Operations": 23997000.0,
        "Tax Provision": 8814000.0,
        "Pretax Income": 32811000.0,
        "Other Income Expense": 649000.0,
        "Special Income Charges": 649000.0,
        "Gain On Sale Of Ppe": 649000.0,
        "Net Non Operating Interest Income Expense": -10100000.0,
        "Interest Expense Non Operating": 10100000.0,
        "Operating Income": 42262000.0,
        "Operating Expense": 107086000.0,
        "Other Operating Expenses": 82343000.0,
        "Selling General And Administration": 24743000.0,
        "General And Administrative Expense": 24743000.0,
        "Other Gand A": 24743000.0,
        "Gross Profit": 149348000.0,
        "Cost Of Revenue": 68228000.0,
        "Total Revenue": 217576000.0,
        "Operating Revenue": 217576000.0
    },
    "2022-06-30": {
        "Tax Effect Of Unusual Items": 683303.492635,
        "Tax Rate For Calcs": 0.217198,
        "Normalized EBITDA": 51169000.0,
        "Total Unusual Items": 3146000.0,
        "Total Unusual Items Excluding Goodwill": 3146000.0,
        "Net Income From Continuing Operation Net Minority Interest": 35659000.0,
        "Reconciled Depreciation": 15136000.0,
        "Reconciled Cost Of Revenue": 69351000.0,
        "EBITDA": 54315000.0,
        "EBIT": 54315000.0,
        "Net Interest Income": -8762000.0,
        "Interest Expense": 8762000.0,
        "Normalized Income": 33196303.492635,
        "Net Income From Continuing And Discontinued Operation": 35659000.0,
        "Total Expenses": 173990000.0,
        "Total Operating Income As Reported": 54315000.0,
        "Diluted Average Shares": 327229531.0,
        "Basic Average Shares": 302666291.0,
        "Diluted EPS": 0.11,
        "Basic EPS": 0.12,
        "Diluted NI Availto Com Stockholders": 35659000.0,
        "Net Income Common Stockholders": 35659000.0,
        "Net Income": 35659000.0,
        "Net Income Including Noncontrolling Interests": 35659000.0,
        "Net Income Continuous Operations": 35659000.0,
        "Tax Provision": 9894000.0,
        "Pretax Income": 45553000.0,
        "Other Income Expense": 3146000.0,
        "Special Income Charges": 3146000.0,
        "Gain On Sale Of Ppe": 3146000.0,
        "Net Non Operating Interest Income Expense": -8762000.0,
        "Interest Expense Non Operating": 8762000.0,
        "Operating Income": 51169000.0,
        "Operating Expense": 104639000.0,
        "Other Operating Expenses": 79029000.0,
        "Selling General And Administration": 25610000.0,
        "General And Administrative Expense": 25610000.0,
        "Other Gand A": 25610000.0,
        "Gross Profit": 155808000.0,
        "Cost Of Revenue": 69351000.0,
        "Total Revenue": 225159000.0,
        "Operating Revenue": 225159000.0
    },
    "2022-03-31": {
        "Diluted EPS": 0.11,
        "Total Revenue": 219,
        "Gross Profit": 154,
        "Operating Income": 52,
        "EBIT": 67,
        "Net Income": 35
    },
    "2021-12-31": {
        "Diluted EPS": 0.17,
        "Total Revenue": 191,
        "Gross Profit": 129,
        "Operating Income": 47,
        "EBIT": 61,
        "Net Income": 36
    },
    "2021-09-30": {
        "Diluted EPS": 0.08,
        "Total Revenue": 194,
        "Gross Profit": 131,
        "Operating Income": 40,
        "EBIT": 53,
        "Net Income": 27
    },
    "2021-06-30": {
        "Diluted EPS": -0.42,
        "Total Revenue": 197,
        "Gross Profit": 109,
        "Operating Income": -138,
        "EBIT": -126,
        "Net Income": -110
    },
    "2021-03-31": {
        "Diluted EPS": 0.09,
        "Total Revenue": 176,
        "Gross Profit": 124,
        "Operating Income": 47,
        "EBIT": 59,
        "Net Income": 25
    },
    "2020-12-31": {
        "Diluted EPS": 0.15,
        "Total Revenue": 162,
        "Gross Profit": 110,
        "Operating Income": 70,
        "EBIT": 81,
        "Net Income": 40
    },
    "2020-09-30": {
        "Diluted EPS": 0.07,
        "Total Revenue": 156,
        "Gross Profit": 106,
        "Operating Income": 43,
        "EBIT": 55,
        "Net Income": 20
    },
    "2020-06-30": {
        "Diluted EPS": -0.03,
        "Total Revenue": 102,
        "Gross Profit": 68,
        "Operating Income": 4,
        "EBIT": 16,
        "Net Income": -9
    },
    "2020-03-31": {
        "Diluted EPS": 0.03,
        "Total Revenue": 155,
        "Gross Profit": 98,
        "Operating Income": 26,
        "EBIT": 37,
        "Net Income": 9
    },
    "2019-12-31": {
        "Diluted EPS": 0.0,
        "Total Revenue": NaN,
        "Gross Profit": NaN,
        "Operating Income": NaN,
        "EBIT": NaN,
        "Net Income": NaN
    },
    "2023-06-30": {
        "Tax Effect Of Unusual Items": 992085.505431,
        "Tax Rate For Calcs": 0.209832,
        "Normalized EBITDA": 64416000.0,
        "Total Unusual Items": 4728000.0,
        "Total Unusual Items Excluding Goodwill": 4728000.0,
        "Net Income From Continuing Operation Net Minority Interest": 27132000.0,
        "Reconciled Depreciation": 16512000.0,
        "Reconciled Cost Of Revenue": 70824000.0,
        "EBITDA": 69144000.0,
        "EBIT": 52632000.0,
        "Net Interest Income": -18295000.0,
        "Interest Expense": 18295000.0,
        "Normalized Income": 23396085.505431,
        "Net Income From Continuing And Discontinued Operation": 27132000.0,
        "Total Expenses": 188990000.0,
        "Total Operating Income As Reported": 52632000.0,
        "Diluted Average Shares": 328283353.0,
        "Basic Average Shares": 309314858.0,
        "Diluted EPS": 0.08,
        "Basic EPS": 0.09,
        "Diluted NI Availto Com Stockholders": 27132000.0,
        "Net Income Common Stockholders": 27132000.0,
        "Net Income": 27132000.0,
        "Net Income Including Noncontrolling Interests": 27132000.0,
        "Net Income Continuous Operations": 27132000.0,
        "Tax Provision": 7205000.0,
        "Pretax Income": 34337000.0,
        "Other Income Expense": 4728000.0,
        "Other Non Operating Income Expenses": NaN,
        "Special Income Charges": 4728000.0,
        "Gain On Sale Of Ppe": 4728000.0,
        "Other Special Charges": NaN,
        "Net Non Operating Interest Income Expense": -18295000.0,
        "Interest Expense Non Operating": 18295000.0,
        "Operating Income": 47904000.0,
        "Operating Expense": 118166000.0,
        "Other Operating Expenses": 90337000.0,
        "Selling General And Administration": 27829000.0,
        "General And Administrative Expense": 27829000.0,
        "Other Gand A": 27829000.0,
        "Gross Profit": 166070000.0,
        "Cost Of Revenue": 70824000.0,
        "Total Revenue": 236894000.0,
        "Operating Revenue": 236762000.0
    },
    "2023-09-30": {
        "Tax Effect Of Unusual Items": -246498.434565,
        "Tax Rate For Calcs": 0.1866,
        "Normalized EBITDA": 61975000.0,
        "Total Unusual Items": -1321000.0,
        "Total Unusual Items Excluding Goodwill": -1321000.0,
        "Net Income From Continuing Operation Net Minority Interest": 19485000.0,
        "Reconciled Depreciation": 17599000.0,
        "Reconciled Cost Of Revenue": 72760000.0,
        "EBITDA": 60654000.0,
        "EBIT": 43055000.0,
        "Net Interest Income": -19100000.0,
        "Interest Expense": 19100000.0,
        "Normalized Income": 20559501.565435,
        "Net Income From Continuing And Discontinued Operation": 19485000.0,
        "Total Expenses": 189700000.0,
        "Total Operating Income As Reported": 43055000.0,
        "Diluted Average Shares": 328844569.0,
        "Basic Average Shares": 312883586.0,
        "Diluted EPS": 0.06,
        "Basic EPS": 0.06,
        "Diluted NI Availto Com Stockholders": 19485000.0,
        "Net Income Common Stockholders": 19485000.0,
        "Net Income": 19485000.0,
        "Net Income Including Noncontrolling Interests": 19485000.0,
        "Net Income Continuous Operations": 19485000.0,
        "Tax Provision": 4470000.0,
        "Pretax Income": 23955000.0,
        "Other Income Expense": -1321000.0,
        "Other Non Operating Income Expenses": NaN,
        "Special Income Charges": -1321000.0,
        "Gain On Sale Of Ppe": -1321000.0,
        "Other Special Charges": NaN,
        "Net Non Operating Interest Income Expense": -19100000.0,
        "Interest Expense Non Operating": 19100000.0,
        "Operating Income": 44376000.0,
        "Operating Expense": 116940000.0,
        "Other Operating Expenses": 90514000.0,
        "Selling General And Administration": 26426000.0,
        "General And Administrative Expense": 26426000.0,
        "Other Gand A": 26426000.0,
        "Gross Profit": 161316000.0,
        "Cost Of Revenue": 72760000.0,
        "Total Revenue": 234076000.0,
        "Operating Revenue": 233990000.0
    },
    "2023-12-31": {
        "Tax Effect Of Unusual Items": -964475.908957,
        "Tax Rate For Calcs": 0.268283,
        "Normalized EBITDA": 59044000.0,
        "Total Unusual Items": -3595000.0,
        "Total Unusual Items Excluding Goodwill": -3595000.0,
        "Net Income From Continuing Operation Net Minority Interest": 12377000.0,
        "Reconciled Depreciation": 18573000.0,
        "Reconciled Cost Of Revenue": 68999000.0,
        "EBITDA": 55449000.0,
        "EBIT": 36876000.0,
        "Net Interest Income": -19961000.0,
        "Interest Expense": 19961000.0,
        "Normalized Income": 15007524.091043,
        "Net Income From Continuing And Discontinued Operation": 12377000.0,
        "Total Expenses": 189669000.0,
        "Total Operating Income As Reported": 36876000.0,
        "Diluted Average Shares": 328122154.0,
        "Basic Average Shares": 314550061.0,
        "Diluted EPS": 0.04,
        "Basic EPS": 0.04,
        "Diluted NI Availto Com Stockholders": 12377000.0,
        "Net Income Common Stockholders": 12377000.0,
        "Net Income": 12377000.0,
        "Net Income Including Noncontrolling Interests": 12377000.0,
        "Net Income Continuous Operations": 12377000.0,
        "Tax Provision": 4538000.0,
        "Pretax Income": 16915000.0,
        "Other Income Expense": -3595000.0,
        "Other Non Operating Income Expenses": NaN,
        "Special Income Charges": -3595000.0,
        "Gain On Sale Of Ppe": -3595000.0,
        "Other Special Charges": NaN,
        "Net Non Operating Interest Income Expense": -19961000.0,
        "Interest Expense Non Operating": 19961000.0,
        "Operating Income": 40471000.0,
        "Operating Expense": 120670000.0,
        "Other Operating Expenses": 93400000.0,
        "Selling General And Administration": 27270000.0,
        "General And Administrative Expense": 27270000.0,
        "Other Gand A": 27270000.0,
        "Gross Profit": 161141000.0,
        "Cost Of Revenue": 68999000.0,
        "Total Revenue": 230140000.0,
        "Operating Revenue": 230066000.0
    },
    "2024-03-31": {
        "Tax Effect Of Unusual Items": -124244.0,
        "Tax Rate For Calcs": 0.356,
        "Normalized EBITDA": 65796000.0,
        "Total Unusual Items": -349000.0,
        "Total Unusual Items Excluding Goodwill": -349000.0,
        "Net Income From Continuing Operation Net Minority Interest": 16637000.0,
        "Reconciled Depreciation": 19595000.0,
        "Reconciled Cost Of Revenue": 71658000.0,
        "EBITDA": 65447000.0,
        "EBIT": 45852000.0,
        "Net Interest Income": -20024000.0,
        "Interest Expense": 20024000.0,
        "Normalized Income": 16861756.0,
        "Net Income From Continuing And Discontinued Operation": 16637000.0,
        "Total Expenses": 198171000.0,
        "Total Operating Income As Reported": 42545000.0,
        "Diluted Average Shares": 330012144.0,
        "Basic Average Shares": 315838788.0,
        "Diluted EPS": 0.05,
        "Basic EPS": 0.05,
        "Diluted NI Availto Com Stockholders": 16637000.0,
        "Net Income Common Stockholders": 16637000.0,
        "Net Income": 16637000.0,
        "Net Income Including Noncontrolling Interests": 16637000.0,
        "Net Income Continuous Operations": 16637000.0,
        "Tax Provision": 9191000.0,
        "Pretax Income": 25828000.0,
        "Other Income Expense": 4840000.0,
        "Other Non Operating Income Expenses": 5189000.0,
        "Special Income Charges": -349000.0,
        "Gain On Sale Of Ppe": 1533000.0,
        "Other Special Charges": 1882000.0,
        "Net Non Operating Interest Income Expense": -20024000.0,
        "Interest Expense Non Operating": 20024000.0,
        "Operating Income": 41012000.0,
        "Operating Expense": 126513000.0,
        "Other Operating Expenses": 96803000.0,
        "Selling General And Administration": 29710000.0,
        "General And Administrative Expense": 29710000.0,
        "Other Gand A": 29710000.0,
        "Gross Profit": 167525000.0,
        "Cost Of Revenue": 71658000.0,
        "Total Revenue": 239183000.0,
        "Operating Revenue": 239105000.0
    },
    "2024-06-30": {
        "Tax Effect Of Unusual Items": -1055129.655212,
        "Tax Rate For Calcs": 0.364215,
        "Normalized EBITDA": 78158000.0,
        "Total Unusual Items": -2897000.0,
        "Total Unusual Items Excluding Goodwill": -2897000.0,
        "Net Income From Continuing Operation Net Minority Interest": 22091000.0,
        "Reconciled Depreciation": 20261000.0,
        "Reconciled Cost Of Revenue": 72691000.0,
        "EBITDA": 75261000.0,
        "EBIT": 55000000.0,
        "Net Interest Income": -20254000.0,
        "Interest Expense": 20254000.0,
        "Normalized Income": 23932870.344788,
        "Net Income From Continuing And Discontinued Operation": 22091000.0,
        "Total Expenses": 197146000.0,
        "Total Operating Income As Reported": 55000000.0,
        "Diluted Average Shares": 328325135.0,
        "Basic Average Shares": 319415156.0,
        "Diluted EPS": 0.07,
        "Basic EPS": 0.07,
        "Diluted NI Availto Com Stockholders": 22091000.0,
        "Net Income Common Stockholders": 22091000.0,
        "Net Income": 22091000.0,
        "Net Income Including Noncontrolling Interests": 22091000.0,
        "Net Income Continuous Operations": 22091000.0,
        "Tax Provision": 12655000.0,
        "Pretax Income": 34746000.0,
        "Other Income Expense": -2897000.0,
        "Other Non Operating Income Expenses": NaN,
        "Special Income Charges": -2897000.0,
        "Gain On Sale Of Ppe": -2897000.0,
        "Other Special Charges": NaN,
        "Net Non Operating Interest Income Expense": -20254000.0,
        "Interest Expense Non Operating": 20254000.0,
        "Operating Income": 57897000.0,
        "Operating Expense": 124455000.0,
        "Other Operating Expenses": 99543000.0,
        "Selling General And Administration": 24912000.0,
        "General And Administrative Expense": 24912000.0,
        "Other Gand A": 24912000.0,
        "Gross Profit": 182352000.0,
        "Cost Of Revenue": 72691000.0,
        "Total Revenue": 255043000.0,
        "Operating Revenue": 254943000.0
    },
    "2024-09-30": {
        "Tax Effect Of Unusual Items": 436417.807272,
        "Tax Rate For Calcs": 0.227775,
        "Normalized EBITDA": 68851000.0,
        "Total Unusual Items": 1916000.0,
        "Total Unusual Items Excluding Goodwill": 1916000.0,
        "Net Income From Continuing Operation Net Minority Interest": 22342000.0,
        "Reconciled Depreciation": 21182000.0,
        "Reconciled Cost Of Revenue": 73617000.0,
        "EBITDA": 70767000.0,
        "EBIT": 49585000.0,
        "Net Interest Income": -20653000.0,
        "Interest Expense": 20653000.0,
        "Normalized Income": 20862417.807272,
        "Net Income From Continuing And Discontinued Operation": 22342000.0,
        "Total Expenses": 201660000.0,
        "Total Operating Income As Reported": 49585000.0,
        "Diluted Average Shares": 329299326.0,
        "Basic Average Shares": 321917525.0,
        "Diluted EPS": 0.07,
        "Basic EPS": 0.07,
        "Diluted NI Availto Com Stockholders": 22342000.0,
        "Net Income Common Stockholders": 22342000.0,
        "Net Income": 22342000.0,
        "Net Income Including Noncontrolling Interests": 22342000.0,
        "Net Income Continuous Operations": 22342000.0,
        "Tax Provision": 6590000.0,
        "Pretax Income": 28932000.0,
        "Other Income Expense": 1916000.0,
        "Other Non Operating Income Expenses": NaN,
        "Special Income Charges": 1916000.0,
        "Gain On Sale Of Ppe": 1916000.0,
        "Other Special Charges": NaN,
        "Net Non Operating Interest Income Expense": -20653000.0,
        "Interest Expense Non Operating": 20653000.0,
        "Operating Income": 47669000.0,
        "Operating Expense": 128043000.0,
        "Other Operating Expenses": 102607000.0,
        "Selling General And Administration": 25436000.0,
        "General And Administrative Expense": 25436000.0,
        "Other Gand A": 25436000.0,
        "Gross Profit": 175712000.0,
        "Cost Of Revenue": 73617000.0,
        "Total Revenue": 249329000.0,
        "Operating Revenue": 249166000.0
    }
}