{
    "2023-06-30": {
        "Tax Effect Of Unusual Items": 0.0,
        "Tax Rate For Calcs": 0.173,
        "Normalized EBITDA": 119003000.0,
        "Total Unusual Items": NaN,
        "Total Unusual Items Excluding Goodwill": NaN,
        "Net Income From Continuing Operation Net Minority Interest": 93493000.0,
        "Reconciled Depreciation": 5953000.0,
        "Reconciled Cost Of Revenue": 937978000.0,
        "EBITDA": 119003000.0,
        "EBIT": 113050000.0,
        "Net Interest Income": 17939000.0,
        "Interest Expense": 0.0,
        "Interest Income": 17939000.0,
        "Normalized Income": 93493000.0,
        "Net Income From Continuing And Discontinued Operation": 93493000.0,
        "Total Expenses": 1044711000.0,
        "Diluted Average Shares": 74956026.0,
        "Basic Average Shares": 72934920.0,
        "Diluted EPS": 1.24,
        "Basic EPS": 1.28,
        "Diluted NI Availto Com Stockholders": 93021000.0,
        "Average Dilution Earnings": 6000.0,
        "Net Income Common Stockholders": 93015000.0,
        "Otherunder Preferred Stock Dividend": 478000.0,
        "Net Income": 93493000.0,
        "Net Income Including Noncontrolling Interests": 93493000.0,
        "Net Income Continuous Operations": 93493000.0,
        "Tax Provision": 19557000.0,
        "Pretax Income": 113050000.0,
        "Other Income Expense": 3733000.0,
        "Other Non Operating Income Expenses": 3733000.0,
        "Special Income Charges": NaN,
        "Net Non Operating Interest Income Expense": 17939000.0,
        "Interest Expense Non Operating": 0.0,
        "Interest Income Non Operating": 17939000.0,
        "Operating Income": 91378000.0,
        "Operating Expense": 106733000.0,
        "Selling General And Administration": 106733000.0,
        "Selling And Marketing Expense": 54528000.0,
        "General And Administrative Expense": 52205000.0,
        "Other Gand A": 52205000.0,
        "Gross Profit": 198111000.0,
        "Cost Of Revenue": 937978000.0,
        "Total Revenue": 1136089000.0,
        "Operating Revenue": 1136089000.0
    },
    "2023-03-31": {
        "Tax Effect Of Unusual Items": 0.0,
        "Tax Rate For Calcs": 0.259,
        "Normalized EBITDA": 114469000.0,
        "Total Unusual Items": NaN,
        "Total Unusual Items Excluding Goodwill": NaN,
        "Net Income From Continuing Operation Net Minority Interest": 80700000.0,
        "Reconciled Depreciation": 5500000.0,
        "Reconciled Cost Of Revenue": 863797000.0,
        "EBITDA": 114469000.0,
        "EBIT": 108969000.0,
        "Net Interest Income": 13459000.0,
        "Interest Expense": 0.0,
        "Interest Income": 13459000.0,
        "Normalized Income": 80700000.0,
        "Net Income From Continuing And Discontinued Operation": 80700000.0,
        "Total Expenses": 958785000.0,
        "Diluted Average Shares": 74021989.0,
        "Basic Average Shares": 72647659.0,
        "Diluted EPS": 1.08,
        "Basic EPS": 1.1,
        "Diluted NI Availto Com Stockholders": 80258000.0,
        "Average Dilution Earnings": 4000.0,
        "Net Income Common Stockholders": 80254000.0,
        "Otherunder Preferred Stock Dividend": 446000.0,
        "Net Income": 80700000.0,
        "Net Income Including Noncontrolling Interests": 80700000.0,
        "Net Income Continuous Operations": 80700000.0,
        "Tax Provision": 28269000.0,
        "Pretax Income": 108969000.0,
        "Other Income Expense": 4793000.0,
        "Other Non Operating Income Expenses": 4793000.0,
        "Special Income Charges": NaN,
        "Net Non Operating Interest Income Expense": 13459000.0,
        "Interest Expense Non Operating": 0.0,
        "Interest Income Non Operating": 13459000.0,
        "Operating Income": 90717000.0,
        "Operating Expense": 94988000.0,
        "Selling General And Administration": 94988000.0,
        "Selling And Marketing Expense": 52212000.0,
        "General And Administrative Expense": 42776000.0,
        "Other Gand A": 42776000.0,
        "Gross Profit": 185705000.0,
        "Cost Of Revenue": 863797000.0,
        "Total Revenue": 1049502000.0,
        "Operating Revenue": 1049502000.0
    },
    "2022-12-31": {
        "Tax Effect Of Unusual Items": 0.0,
        "Tax Rate For Calcs": 0.29539,
        "Normalized EBITDA": 134465000.0,
        "Total Unusual Items": 0.0,
        "Total Unusual Items Excluding Goodwill": 0.0,
        "Net Income From Continuing Operation Net Minority Interest": 79776000.0,
        "Reconciled Depreciation": 7088000.0,
        "Reconciled Cost Of Revenue": 1280676000.0,
        "EBITDA": 134465000.0,
        "EBIT": 127377000.0,
        "Net Interest Income": 13360000.0,
        "Interest Expense": NaN,
        "Interest Income": 13360000.0,
        "Normalized Income": 79776000.0,
        "Net Income From Continuing And Discontinued Operation": 79776000.0,
        "Total Expenses": 1412473000.0,
        "Diluted Average Shares": 73179135.0,
        "Basic Average Shares": 71646237.0,
        "Diluted EPS": 1.08,
        "Basic EPS": 1.11,
        "Diluted NI Availto Com Stockholders": 79352000.0,
        "Average Dilution Earnings": 0.0,
        "Net Income Common Stockholders": 79352000.0,
        "Otherunder Preferred Stock Dividend": 424000.0,
        "Net Income": 79776000.0,
        "Net Income Including Noncontrolling Interests": 79776000.0,
        "Net Income Continuous Operations": 79776000.0,
        "Tax Provision": 33444000.0,
        "Pretax Income": 113220000.0,
        "Other Income Expense": -7208000.0,
        "Other Non Operating Income Expenses": -7208000.0,
        "Special Income Charges": 0.0,
        "Net Non Operating Interest Income Expense": 13360000.0,
        "Interest Expense Non Operating": NaN,
        "Interest Income Non Operating": 13360000.0,
        "Operating Income": 107068000.0,
        "Operating Expense": 131797000.0,
        "Selling General And Administration": 131797000.0,
        "Selling And Marketing Expense": 65183000.0,
        "General And Administrative Expense": 66614000.0,
        "Other Gand A": 66614000.0,
        "Gross Profit": 238865000.0,
        "Cost Of Revenue": 1280676000.0,
        "Total Revenue": 1519541000.0,
        "Operating Revenue": 1519541000.0
    },
    "2022-09-30": {
        "Tax Effect Of Unusual Items": 0.0,
        "Tax Rate For Calcs": 0.223,
        "Normalized EBITDA": 192549000.0,
        "Total Unusual Items": 0.0,
        "Total Unusual Items Excluding Goodwill": 0.0,
        "Net Income From Continuing Operation Net Minority Interest": 144400000.0,
        "Reconciled Depreciation": 6760000.0,
        "Reconciled Cost Of Revenue": 1107115000.0,
        "EBITDA": 192549000.0,
        "EBIT": 185789000.0,
        "Net Interest Income": 2220000.0,
        "Interest Expense": 0.0,
        "Interest Income": 2220000.0,
        "Normalized Income": 144400000.0,
        "Net Income From Continuing And Discontinued Operation": 144400000.0,
        "Total Expenses": 1248550000.0,
        "Diluted Average Shares": 72729453.0,
        "Basic Average Shares": 70880405.0,
        "Diluted EPS": 1.98,
        "Basic EPS": 2.03,
        "Diluted NI Availto Com Stockholders": 143707000.0,
        "Average Dilution Earnings": 9000.0,
        "Net Income Common Stockholders": 143698000.0,
        "Otherunder Preferred Stock Dividend": 702000.0,
        "Net Income": 144400000.0,
        "Net Income Including Noncontrolling Interests": 144400000.0,
        "Net Income Continuous Operations": 144400000.0,
        "Tax Provision": 41389000.0,
        "Pretax Income": 185789000.0,
        "Other Income Expense": -9624000.0,
        "Other Non Operating Income Expenses": -9624000.0,
        "Special Income Charges": 0.0,
        "Net Non Operating Interest Income Expense": 2220000.0,
        "Total Other Finance Cost": NaN,
        "Interest Expense Non Operating": 0.0,
        "Interest Income Non Operating": 2220000.0,
        "Operating Income": 193193000.0,
        "Operating Expense": 141435000.0,
        "Selling General And Administration": 141435000.0,
        "Selling And Marketing Expense": 60577000.0,
        "General And Administrative Expense": 80858000.0,
        "Other Gand A": 80858000.0,
        "Gross Profit": 334628000.0,
        "Cost Of Revenue": 1107115000.0,
        "Total Revenue": 1441743000.0,
        "Operating Revenue": 1441743000.0
    },
    "2022-06-30": {
        "Tax Effect Of Unusual Items": 0.0,
        "Tax Rate For Calcs": 0.268,
        "Normalized EBITDA": 266214000.0,
        "Total Unusual Items": NaN,
        "Total Unusual Items Excluding Goodwill": NaN,
        "Net Income From Continuing Operation Net Minority Interest": 189542000.0,
        "Reconciled Depreciation": 7251000.0,
        "Reconciled Cost Of Revenue": 1080817000.0,
        "EBITDA": 266214000.0,
        "EBIT": 258963000.0,
        "Net Interest Income": 822000.0,
        "Interest Expense": 0.0,
        "Interest Income": 822000.0,
        "Normalized Income": 189542000.0,
        "Net Income From Continuing And Discontinued Operation": 189542000.0,
        "Total Expenses": 1214666000.0,
        "Diluted Average Shares": 72881012.0,
        "Basic Average Shares": 70841476.0,
        "Diluted EPS": 2.59,
        "Basic EPS": 2.66,
        "Diluted NI Availto Com Stockholders": 188705000.0,
        "Average Dilution Earnings": 13000.0,
        "Net Income Common Stockholders": 188692000.0,
        "Otherunder Preferred Stock Dividend": 850000.0,
        "Net Income": 189542000.0,
        "Net Income Including Noncontrolling Interests": 189542000.0,
        "Net Income Continuous Operations": 189542000.0,
        "Tax Provision": 69421000.0,
        "Pretax Income": 258963000.0,
        "Other Income Expense": -14245000.0,
        "Other Non Operating Income Expenses": -14245000.0,
        "Special Income Charges": NaN,
        "Net Non Operating Interest Income Expense": 822000.0,
        "Total Other Finance Cost": NaN,
        "Interest Expense Non Operating": 0.0,
        "Interest Income Non Operating": 822000.0,
        "Operating Income": 272386000.0,
        "Operating Expense": 133849000.0,
        "Selling General And Administration": 133849000.0,
        "Selling And Marketing Expense": 60955000.0,
        "General And Administrative Expense": 72894000.0,
        "Other Gand A": 72894000.0,
        "Gross Profit": 406235000.0,
        "Cost Of Revenue": 1080817000.0,
        "Total Revenue": 1487052000.0,
        "Operating Revenue": 1487052000.0
    },
    "2022-03-31": {
        "Diluted EPS": 2.02,
        "Total Revenue": NaN,
        "Gross Profit": 348,
        "Operating Income": 217,
        "EBIT": 224,
        "Net Income": 148
    },
    "2021-12-31": {
        "Diluted EPS": 2.22,
        "Total Revenue": NaN,
        "Gross Profit": 367,
        "Operating Income": 237,
        "EBIT": 245,
        "Net Income": 160
    },
    "2021-09-30": {
        "Diluted EPS": 1.99,
        "Total Revenue": NaN,
        "Gross Profit": 339,
        "Operating Income": 219,
        "EBIT": 226,
        "Net Income": 146
    },
    "2021-06-30": {
        "Diluted EPS": 2.11,
        "Total Revenue": NaN,
        "Gross Profit": 350,
        "Operating Income": 221,
        "EBIT": 230,
        "Net Income": 154
    },
    "2021-03-31": {
        "Diluted EPS": 1.51,
        "Total Revenue": NaN,
        "Gross Profit": 273,
        "Operating Income": 158,
        "EBIT": 165,
        "Net Income": 111
    },
    "2020-12-31": {
        "Diluted EPS": 2.06,
        "Total Revenue": NaN,
        "Gross Profit": 316,
        "Operating Income": 198,
        "EBIT": 207,
        "Net Income": 147
    },
    "2020-09-30": {
        "Diluted EPS": 1.38,
        "Total Revenue": NaN,
        "Gross Profit": 242,
        "Operating Income": 139,
        "EBIT": 146,
        "Net Income": 98
    },
    "2020-06-30": {
        "Diluted EPS": 1.21,
        "Total Revenue": 920,
        "Gross Profit": 200,
        "Operating Income": 107,
        "EBIT": 114,
        "Net Income": 84
    },
    "2020-03-31": {
        "Diluted EPS": 0.52,
        "Total Revenue": 719,
        "Gross Profit": 160,
        "Operating Income": 71,
        "EBIT": 76,
        "Net Income": 37
    },
    "2019-12-31": {
        "Diluted EPS": 1.32,
        "Total Revenue": NaN,
        "Gross Profit": 257,
        "Operating Income": 152,
        "EBIT": 159,
        "Net Income": 92
    },
    "2019-09-30": {
        "Diluted EPS": 0.73,
        "Total Revenue": 773,
        "Gross Profit": 153,
        "Operating Income": 60,
        "EBIT": 66,
        "Net Income": 50
    },
    "2019-06-30": {
        "Diluted EPS": 0.8,
        "Total Revenue": 751,
        "Gross Profit": 152,
        "Operating Income": 69,
        "EBIT": 74,
        "Net Income": 54
    },
    "2019-03-31": {
        "Diluted EPS": 0.59,
        "Total Revenue": 665,
        "Gross Profit": 131,
        "Operating Income": 48,
        "EBIT": 53,
        "Net Income": 40
    },
    "2018-12-31": {
        "Diluted EPS": 0.81,
        "Total Revenue": 882,
        "Gross Profit": 159,
        "Operating Income": 67,
        "EBIT": 73,
        "Net Income": 53
    },
    "2018-09-30": {
        "Diluted EPS": 0.8,
        "Total Revenue": 786,
        "Gross Profit": 155,
        "Operating Income": 72,
        "EBIT": 77,
        "Net Income": 53
    },
    "2018-06-30": {
        "Diluted EPS": 0.95,
        "Total Revenue": 771,
        "Gross Profit": 155,
        "Operating Income": 72,
        "EBIT": 77,
        "Net Income": 64
    },
    "2018-03-31": {
        "Diluted EPS": 0.58,
        "Total Revenue": 627,
        "Gross Profit": 121,
        "Operating Income": 49,
        "EBIT": 54,
        "Net Income": 39
    },
    "2017-12-31": {
        "Diluted EPS": 0.36,
        "Total Revenue": 724,
        "Gross Profit": 114,
        "Operating Income": 33,
        "EBIT": 35,
        "Net Income": 24
    },
    "2017-09-30": {
        "Diluted EPS": 0.92,
        "Total Revenue": 604,
        "Gross Profit": 113,
        "Operating Income": 44,
        "EBIT": 45,
        "Net Income": 61
    },
    "2017-06-30": {
        "Diluted EPS": 0.51,
        "Total Revenue": 668,
        "Gross Profit": 128,
        "Operating Income": 57,
        "EBIT": 58,
        "Net Income": 34
    },
    "2017-03-31": {
        "Diluted EPS": 0.34,
        "Total Revenue": 582,
        "Gross Profit": 100,
        "Operating Income": 33,
        "EBIT": 34,
        "Net Income": 22
    },
    "2016-12-31": {
        "Diluted EPS": 0.62,
        "Total Revenue": 736,
        "Gross Profit": 110,
        "Operating Income": 39,
        "EBIT": 40,
        "Net Income": 40
    },
    "2016-09-30": {
        "Diluted EPS": 0.41,
        "Total Revenue": 595,
        "Gross Profit": 107,
        "Operating Income": 45,
        "EBIT": 46,
        "Net Income": 26
    },
    "2016-06-30": {
        "Diluted EPS": 0.41,
        "Total Revenue": 587,
        "Gross Profit": 110,
        "Operating Income": 45,
        "EBIT": 47,
        "Net Income": 27
    },
    "2016-03-31": {
        "Diluted EPS": 0.15,
        "Total Revenue": 408,
        "Gross Profit": 70,
        "Operating Income": 14,
        "EBIT": 15,
        "Net Income": 10
    },
    "2015-12-31": {
        "Diluted EPS": 0.35,
        "Total Revenue": 579,
        "Gross Profit": 88,
        "Operating Income": 25,
        "EBIT": 26,
        "Net Income": 23
    },
    "2015-09-30": {
        "Diluted EPS": 0.23,
        "Total Revenue": 468,
        "Gross Profit": 87,
        "Operating Income": 30,
        "EBIT": 31,
        "Net Income": 15
    },
    "2015-06-30": {
        "Diluted EPS": 0.31,
        "Total Revenue": 473,
        "Gross Profit": 88,
        "Operating Income": 32,
        "EBIT": 33,
        "Net Income": 20
    },
    "2015-03-31": {
        "Diluted EPS": 0.13,
        "Total Revenue": 389,
        "Gross Profit": 62,
        "Operating Income": 12,
        "EBIT": 13,
        "Net Income": 8
    },
    "2014-12-31": {
        "Diluted EPS": 0.23,
        "Total Revenue": 506,
        "Gross Profit": 86,
        "Operating Income": 33,
        "EBIT": 34,
        "Net Income": 14
    },
    "2014-09-30": {
        "Diluted EPS": 0.24,
        "Total Revenue": 418,
        "Gross Profit": 73,
        "Operating Income": 21,
        "EBIT": 22,
        "Net Income": 15
    },
    "2014-06-30": {
        "Diluted EPS": 0.33,
        "Total Revenue": 443,
        "Gross Profit": 80,
        "Operating Income": 30,
        "EBIT": 31,
        "Net Income": 22
    },
    "2014-03-31": {
        "Diluted EPS": 0.17,
        "Total Revenue": 328,
        "Gross Profit": 63,
        "Operating Income": 15,
        "EBIT": 16,
        "Net Income": 12
    },
    "2013-12-31": {
        "Diluted EPS": 0.45,
        "Total Revenue": 472,
        "Gross Profit": 71,
        "Operating Income": 16,
        "EBIT": 16,
        "Net Income": 28
    },
    "2013-09-30": {
        "Diluted EPS": 0.56,
        "Total Revenue": 448,
        "Gross Profit": 93,
        "Operating Income": 35,
        "EBIT": 35,
        "Net Income": 36
    },
    "2013-06-30": {
        "Diluted EPS": 3.44,
        "Total Revenue": 416,
        "Gross Profit": 87,
        "Operating Income": 35,
        "EBIT": 37,
        "Net Income": 223
    },
    "2013-03-31": {
        "Diluted EPS": 0.34,
        "Total Revenue": 344,
        "Gross Profit": 65,
        "Operating Income": 16,
        "EBIT": 18,
        "Net Income": 23
    },
    "2012-12-31": {
        "Diluted EPS": 0.47,
        "Total Revenue": 406,
        "Gross Profit": 73,
        "Operating Income": 23,
        "EBIT": 24,
        "Net Income": 29
    },
    "2012-09-30": {
        "Diluted EPS": 0.31,
        "Total Revenue": 334,
        "Gross Profit": 58,
        "Operating Income": 13,
        "EBIT": 15,
        "Net Income": 20
    },
    "2012-06-30": {
        "Diluted EPS": 0.17,
        "Total Revenue": 269,
        "Gross Profit": 42,
        "Operating Income": 3,
        "EBIT": 4,
        "Net Income": 10
    },
    "2012-03-31": {
        "Diluted EPS": 0.03,
        "Total Revenue": 194,
        "Gross Profit": 30,
        "Operating Income": -4,
        "EBIT": -3,
        "Net Income": 2
    },
    "2011-12-31": {
        "Diluted EPS": -0.31,
        "Total Revenue": 246,
        "Gross Profit": 26,
        "Operating Income": -10,
        "EBIT": -9,
        "Net Income": -19
    },
    "2011-09-30": {
        "Diluted EPS": -0.51,
        "Total Revenue": 212,
        "Gross Profit": 34,
        "Operating Income": -16,
        "EBIT": -14,
        "Net Income": -32
    },
    "2011-06-30": {
        "Diluted EPS": -0.45,
        "Total Revenue": 215,
        "Gross Profit": 31,
        "Operating Income": -27,
        "EBIT": -25,
        "Net Income": -28
    },
    "2011-03-31": {
        "Diluted EPS": -0.33,
        "Total Revenue": 169,
        "Gross Profit": 28,
        "Operating Income": -20,
        "EBIT": -18,
        "Net Income": -20
    },
    "2010-12-31": {
        "Diluted EPS": -0.49,
        "Total Revenue": 258,
        "Gross Profit": 26,
        "Operating Income": -31,
        "EBIT": -34,
        "Net Income": -30
    },
    "2010-09-30": {
        "Diluted EPS": -0.17,
        "Total Revenue": 226,
        "Gross Profit": 54,
        "Operating Income": -9,
        "EBIT": -6,
        "Net Income": -10
    },
    "2010-06-30": {
        "Diluted EPS": -0.06,
        "Total Revenue": 326,
        "Gross Profit": 66,
        "Operating Income": -2,
        "EBIT": 3,
        "Net Income": -4
    },
    "2010-03-31": {
        "Diluted EPS": -0.34,
        "Total Revenue": 147,
        "Gross Profit": 37,
        "Operating Income": -15,
        "EBIT": -12,
        "Net Income": -21
    },
    "2009-12-31": {
        "Diluted EPS": 2.06,
        "Total Revenue": 324,
        "Gross Profit": 69,
        "Operating Income": -9,
        "EBIT": -4,
        "Net Income": 127
    },
    "2009-09-30": {
        "Diluted EPS": -0.52,
        "Total Revenue": 203,
        "Gross Profit": 42,
        "Operating Income": -25,
        "EBIT": -21,
        "Net Income": -32
    },
    "2009-06-30": {
        "Diluted EPS": -0.48,
        "Total Revenue": 195,
        "Gross Profit": 42,
        "Operating Income": -13,
        "EBIT": -10,
        "Net Income": -30
    },
    "2009-03-31": {
        "Diluted EPS": -0.67,
        "Total Revenue": 176,
        "Gross Profit": 33,
        "Operating Income": -35,
        "EBIT": -31,
        "Net Income": -41
    },
    "2023-09-30": {
        "Tax Effect Of Unusual Items": 0.0,
        "Tax Rate For Calcs": 0.232,
        "Normalized EBITDA": 146224000.0,
        "Total Unusual Items": NaN,
        "Total Unusual Items Excluding Goodwill": NaN,
        "Net Income From Continuing Operation Net Minority Interest": 107305000.0,
        "Reconciled Depreciation": 6417000.0,
        "Reconciled Cost Of Revenue": 894318000.0,
        "EBITDA": 146224000.0,
        "EBIT": 139807000.0,
        "Net Interest Income": 20414000.0,
        "Interest Expense": 0.0,
        "Interest Income": 20414000.0,
        "Normalized Income": 107305000.0,
        "Net Income From Continuing And Discontinued Operation": 107305000.0,
        "Total Expenses": 995629000.0,
        "Diluted Average Shares": 76253178.0,
        "Basic Average Shares": 74198016.0,
        "Diluted EPS": 1.4,
        "Basic EPS": 1.44,
        "Diluted NI Availto Com Stockholders": 106685000.0,
        "Average Dilution Earnings": 6000.0,
        "Net Income Common Stockholders": 106679000.0,
        "Otherunder Preferred Stock Dividend": 626000.0,
        "Net Income": 107305000.0,
        "Net Income Including Noncontrolling Interests": 107305000.0,
        "Net Income Continuous Operations": 107305000.0,
        "Tax Provision": 32502000.0,
        "Pretax Income": 139807000.0,
        "Other Income Expense": 4203000.0,
        "Other Non Operating Income Expenses": 4203000.0,
        "Special Income Charges": NaN,
        "Net Non Operating Interest Income Expense": 20414000.0,
        "Interest Expense Non Operating": 0.0,
        "Interest Income Non Operating": 20414000.0,
        "Operating Income": 115190000.0,
        "Operating Expense": 101311000.0,
        "Selling General And Administration": 101311000.0,
        "Selling And Marketing Expense": 55079000.0,
        "General And Administrative Expense": 46232000.0,
        "Other Gand A": 46232000.0,
        "Gross Profit": 216501000.0,
        "Cost Of Revenue": 894318000.0,
        "Total Revenue": 1110819000.0,
        "Operating Revenue": 1110819000.0
    },
    "2023-12-31": {
        "Tax Effect Of Unusual Items": 0.0,
        "Tax Rate For Calcs": 0.272536,
        "Normalized EBITDA": 171962000.0,
        "Total Unusual Items": NaN,
        "Total Unusual Items Excluding Goodwill": NaN,
        "Net Income From Continuing Operation Net Minority Interest": 119507000.0,
        "Reconciled Depreciation": 7683000.0,
        "Reconciled Cost Of Revenue": 1081036000.0,
        "EBITDA": 171962000.0,
        "EBIT": 164279000.0,
        "Net Interest Income": 34991000.0,
        "Interest Expense": 0.0,
        "Interest Income": 34991000.0,
        "Normalized Income": 119507000.0,
        "Net Income From Continuing And Discontinued Operation": 119507000.0,
        "Total Expenses": 1207898000.0,
        "Diluted Average Shares": NaN,
        "Basic Average Shares": NaN,
        "Diluted EPS": NaN,
        "Basic EPS": NaN,
        "Diluted NI Availto Com Stockholders": 118812000.0,
        "Average Dilution Earnings": 7000.0,
        "Net Income Common Stockholders": 118805000.0,
        "Otherunder Preferred Stock Dividend": 702000.0,
        "Net Income": 119507000.0,
        "Net Income Including Noncontrolling Interests": 119507000.0,
        "Net Income Continuous Operations": 119507000.0,
        "Tax Provision": 44772000.0,
        "Pretax Income": 164279000.0,
        "Other Income Expense": -9270000.0,
        "Other Non Operating Income Expenses": -9270000.0,
        "Special Income Charges": NaN,
        "Net Non Operating Interest Income Expense": 34991000.0,
        "Interest Expense Non Operating": 0.0,
        "Interest Income Non Operating": 34991000.0,
        "Operating Income": 138558000.0,
        "Operating Expense": 126862000.0,
        "Selling General And Administration": 126862000.0,
        "Selling And Marketing Expense": 64197000.0,
        "General And Administrative Expense": 62665000.0,
        "Other Gand A": 62665000.0,
        "Gross Profit": 265420000.0,
        "Cost Of Revenue": 1081036000.0,
        "Total Revenue": 1346456000.0,
        "Operating Revenue": 1346456000.0
    }
}