{
    "2023-03-31": {
        "Tax Effect Of Unusual Items": NaN,
        "Tax Rate For Calcs": NaN,
        "Normalized EBITDA": NaN,
        "Total Unusual Items": NaN,
        "Total Unusual Items Excluding Goodwill": NaN,
        "Net Income From Continuing Operation Net Minority Interest": NaN,
        "Reconciled Depreciation": NaN,
        "Reconciled Cost Of Revenue": NaN,
        "EBITDA": NaN,
        "EBIT": NaN,
        "Net Interest Income": NaN,
        "Interest Expense": NaN,
        "Normalized Income": NaN,
        "Net Income From Continuing And Discontinued Operation": NaN,
        "Total Expenses": NaN,
        "Total Operating Income As Reported": NaN,
        "Diluted Average Shares": NaN,
        "Basic Average Shares": NaN,
        "Diluted EPS": NaN,
        "Basic EPS": NaN,
        "Diluted NI Availto Com Stockholders": NaN,
        "Net Income Common Stockholders": NaN,
        "Net Income": NaN,
        "Net Income Including Noncontrolling Interests": NaN,
        "Net Income Discontinuous Operations": NaN,
        "Net Income Continuous Operations": NaN,
        "Tax Provision": NaN,
        "Pretax Income": NaN,
        "Other Income Expense": NaN,
        "Other Non Operating Income Expenses": NaN,
        "Gain On Sale Of Security": NaN,
        "Net Non Operating Interest Income Expense": NaN,
        "Interest Expense Non Operating": NaN,
        "Operating Income": NaN,
        "Operating Expense": NaN,
        "Other Taxes": NaN,
        "Depreciation Amortization Depletion Income Statement": NaN,
        "Depreciation And Amortization In Income Statement": 52233000.0,
        "Gross Profit": NaN,
        "Cost Of Revenue": NaN,
        "Total Revenue": NaN,
        "Operating Revenue": NaN
    },
    "2022-12-31": {
        "Tax Effect Of Unusual Items": 0.0,
        "Tax Rate For Calcs": 0.22487,
        "Normalized EBITDA": 266099000.0,
        "Total Unusual Items": NaN,
        "Total Unusual Items Excluding Goodwill": NaN,
        "Net Income From Continuing Operation Net Minority Interest": 116978000.0,
        "Reconciled Depreciation": 80653000.0,
        "Reconciled Cost Of Revenue": 1544300000.0,
        "EBITDA": 266099000.0,
        "EBIT": 185446000.0,
        "Net Interest Income": -34532000.0,
        "Interest Expense": 34532000.0,
        "Normalized Income": 116978000.0,
        "Net Income From Continuing And Discontinued Operation": 117088000.0,
        "Total Expenses": 1682988000.0,
        "Total Operating Income As Reported": 176190000.0,
        "Diluted Average Shares": 203900000.0,
        "Basic Average Shares": 203400000.0,
        "Diluted EPS": 0.57,
        "Basic EPS": 0.57,
        "Diluted NI Availto Com Stockholders": 117088000.0,
        "Net Income Common Stockholders": 117088000.0,
        "Net Income": 117088000.0,
        "Net Income Including Noncontrolling Interests": 117088000.0,
        "Net Income Discontinuous Operations": 110000.0,
        "Net Income Continuous Operations": 116978000.0,
        "Tax Provision": 33936000.0,
        "Pretax Income": 150914000.0,
        "Other Income Expense": 9256000.0,
        "Other Non Operating Income Expenses": 9256000.0,
        "Gain On Sale Of Security": NaN,
        "Net Non Operating Interest Income Expense": -34532000.0,
        "Interest Expense Non Operating": 34532000.0,
        "Operating Income": 176190000.0,
        "Operating Expense": 138688000.0,
        "Other Taxes": 58035000.0,
        "Depreciation Amortization Depletion Income Statement": 80653000.0,
        "Gross Profit": 314878000.0,
        "Cost Of Revenue": 1544300000.0,
        "Total Revenue": 1859178000.0,
        "Operating Revenue": 1859178000.0
    },
    "2022-09-30": {
        "Tax Effect Of Unusual Items": 0.0,
        "Tax Rate For Calcs": 0.19273,
        "Normalized EBITDA": 296913000.0,
        "Total Unusual Items": NaN,
        "Total Unusual Items Excluding Goodwill": NaN,
        "Net Income From Continuing Operation Net Minority Interest": 147933000.0,
        "Reconciled Depreciation": 82293000.0,
        "Reconciled Cost Of Revenue": 1628795000.0,
        "EBITDA": 296913000.0,
        "EBIT": 214620000.0,
        "Net Interest Income": -31369000.0,
        "Interest Expense": 31369000.0,
        "Normalized Income": 147933000.0,
        "Net Income From Continuing And Discontinued Operation": 147971000.0,
        "Total Expenses": 1767355000.0,
        "Total Operating Income As Reported": 209851000.0,
        "Diluted Average Shares": 203644000.0,
        "Basic Average Shares": 203351000.0,
        "Diluted EPS": 0.73,
        "Basic EPS": 0.73,
        "Diluted NI Availto Com Stockholders": 147971000.0,
        "Net Income Common Stockholders": 147971000.0,
        "Net Income": 147971000.0,
        "Net Income Including Noncontrolling Interests": 147971000.0,
        "Net Income Discontinuous Operations": 38000.0,
        "Net Income Continuous Operations": 147933000.0,
        "Tax Provision": 35318000.0,
        "Pretax Income": 183251000.0,
        "Other Income Expense": 4769000.0,
        "Other Non Operating Income Expenses": 4769000.0,
        "Gain On Sale Of Security": NaN,
        "Net Non Operating Interest Income Expense": -31369000.0,
        "Interest Expense Non Operating": 31369000.0,
        "Operating Income": 209851000.0,
        "Operating Expense": 138560000.0,
        "Other Taxes": 56267000.0,
        "Depreciation Amortization Depletion Income Statement": 82293000.0,
        "Gross Profit": 348411000.0,
        "Cost Of Revenue": 1628795000.0,
        "Total Revenue": 1977206000.0,
        "Operating Revenue": 1977206000.0
    },
    "2022-06-30": {
        "Tax Effect Of Unusual Items": 0.0,
        "Tax Rate For Calcs": 0.198413,
        "Normalized EBITDA": 201100000.0,
        "Total Unusual Items": NaN,
        "Total Unusual Items Excluding Goodwill": NaN,
        "Net Income From Continuing Operation Net Minority Interest": 70700000.0,
        "Reconciled Depreciation": 84759000.0,
        "Reconciled Cost Of Revenue": 1454000000.0,
        "EBITDA": 201100000.0,
        "EBIT": 116300000.0,
        "Net Interest Income": -28100000.0,
        "Interest Expense": 28100000.0,
        "Normalized Income": 70700000.0,
        "Net Income From Continuing And Discontinued Operation": 70700000.0,
        "Total Expenses": 1600300000.0,
        "Total Operating Income As Reported": 120600000.0,
        "Diluted Average Shares": 203401000.0,
        "Basic Average Shares": 203351000.0,
        "Diluted EPS": 0.35,
        "Basic EPS": 0.35,
        "Diluted NI Availto Com Stockholders": 70700000.0,
        "Net Income Common Stockholders": 70700000.0,
        "Net Income": 70700000.0,
        "Net Income Including Noncontrolling Interests": 70700000.0,
        "Net Income Discontinuous Operations": 0.0,
        "Net Income Continuous Operations": 70700000.0,
        "Tax Provision": 17500000.0,
        "Pretax Income": 88200000.0,
        "Other Income Expense": -4300000.0,
        "Other Non Operating Income Expenses": -4300000.0,
        "Gain On Sale Of Security": NaN,
        "Net Non Operating Interest Income Expense": -28100000.0,
        "Interest Expense Non Operating": 28100000.0,
        "Operating Income": 120600000.0,
        "Operating Expense": 146300000.0,
        "Other Taxes": 61500000.0,
        "Depreciation Amortization Depletion Income Statement": 84800000.0,
        "Gross Profit": 266900000.0,
        "Cost Of Revenue": 1454000000.0,
        "Total Revenue": 1720900000.0,
        "Operating Revenue": 1720900000.0
    },
    "2023-06-30": {
        "Tax Effect Of Unusual Items": 39453363.690763,
        "Tax Rate For Calcs": 0.281769,
        "Normalized EBITDA": 145488000.0,
        "Total Unusual Items": 140020000.0,
        "Total Unusual Items Excluding Goodwill": 140020000.0,
        "Net Income From Continuing Operation Net Minority Interest": 147633000.0,
        "Reconciled Depreciation": 53497000.0,
        "Reconciled Cost Of Revenue": 905892000.0,
        "EBITDA": 285508000.0,
        "EBIT": 232010000.0,
        "Net Interest Income": -26459000.0,
        "Interest Expense": 26459000.0,
        "Normalized Income": 47066363.690763,
        "Net Income From Continuing And Discontinued Operation": 130692000.0,
        "Total Expenses": 1009095000.0,
        "Total Operating Income As Reported": 82031000.0,
        "Diluted Average Shares": 203877000.0,
        "Basic Average Shares": 203635000.0,
        "Diluted EPS": 0.64,
        "Basic EPS": 0.64,
        "Diluted NI Availto Com Stockholders": 130692000.0,
        "Net Income Common Stockholders": 130692000.0,
        "Net Income": 130692000.0,
        "Net Income Including Noncontrolling Interests": 130692000.0,
        "Net Income Discontinuous Operations": -16941000.0,
        "Net Income Continuous Operations": 147633000.0,
        "Tax Provision": 57918000.0,
        "Pretax Income": 205551000.0,
        "Other Income Expense": 149979000.0,
        "Other Non Operating Income Expenses": 9959000.0,
        "Gain On Sale Of Security": 140020000.0,
        "Net Non Operating Interest Income Expense": -26459000.0,
        "Interest Expense Non Operating": 26459000.0,
        "Operating Income": 82031000.0,
        "Operating Expense": 103204000.0,
        "Other Taxes": 49706000.0,
        "Depreciation Amortization Depletion Income Statement": 53498000.0,
        "Depreciation And Amortization In Income Statement": NaN,
        "Gross Profit": 185235000.0,
        "Cost Of Revenue": 905891000.0,
        "Total Revenue": 1091126000.0,
        "Operating Revenue": 1091126000.0
    },
    "2022-03-31": {
        "Diluted EPS": 0.16,
        "Total Revenue": NaN,
        "Gross Profit": NaN,
        "Operating Income": 67,
        "EBIT": 148,
        "Net Income": 32
    },
    "2021-12-31": {
        "Diluted EPS": 0.43,
        "Total Revenue": NaN,
        "Gross Profit": NaN,
        "Operating Income": 122,
        "EBIT": 199,
        "Net Income": 87
    },
    "2021-09-30": {
        "Diluted EPS": 0.68,
        "Total Revenue": NaN,
        "Gross Profit": NaN,
        "Operating Income": 189,
        "EBIT": 265,
        "Net Income": 139
    },
    "2021-06-30": {
        "Diluted EPS": 0.5,
        "Total Revenue": NaN,
        "Gross Profit": NaN,
        "Operating Income": 138,
        "EBIT": 212,
        "Net Income": 100
    },
    "2021-03-31": {
        "Diluted EPS": 0.26,
        "Total Revenue": NaN,
        "Gross Profit": NaN,
        "Operating Income": 85,
        "EBIT": 159,
        "Net Income": 52
    },
    "2020-12-31": {
        "Diluted EPS": 0.56,
        "Total Revenue": NaN,
        "Gross Profit": NaN,
        "Operating Income": 146,
        "EBIT": 220,
        "Net Income": 112
    },
    "2020-09-30": {
        "Diluted EPS": 0.76,
        "Total Revenue": NaN,
        "Gross Profit": NaN,
        "Operating Income": 204,
        "EBIT": 276,
        "Net Income": 153
    },
    "2020-06-30": {
        "Diluted EPS": 0.5,
        "Total Revenue": NaN,
        "Gross Profit": NaN,
        "Operating Income": 138,
        "EBIT": 210,
        "Net Income": 100
    },
    "2020-03-31": {
        "Diluted EPS": 0.13,
        "Total Revenue": NaN,
        "Gross Profit": NaN,
        "Operating Income": 57,
        "EBIT": 126,
        "Net Income": 25
    },
    "2019-12-31": {
        "Diluted EPS": 0.48,
        "Total Revenue": NaN,
        "Gross Profit": NaN,
        "Operating Income": 130,
        "EBIT": 200,
        "Net Income": 95
    },
    "2019-09-30": {
        "Diluted EPS": 0.69,
        "Total Revenue": NaN,
        "Gross Profit": NaN,
        "Operating Income": 189,
        "EBIT": 254,
        "Net Income": 138
    },
    "2019-06-30": {
        "Diluted EPS": 0.31,
        "Total Revenue": NaN,
        "Gross Profit": NaN,
        "Operating Income": 97,
        "EBIT": 160,
        "Net Income": 62
    },
    "2019-03-31": {
        "Diluted EPS": 0.21,
        "Total Revenue": NaN,
        "Gross Profit": 881,
        "Operating Income": 64,
        "EBIT": 124,
        "Net Income": 41
    },
    "2018-12-31": {
        "Diluted EPS": 0.4,
        "Total Revenue": NaN,
        "Gross Profit": NaN,
        "Operating Income": 118,
        "EBIT": 177,
        "Net Income": 79
    },
    "2018-09-30": {
        "Diluted EPS": 0.55,
        "Total Revenue": NaN,
        "Gross Profit": NaN,
        "Operating Income": 140,
        "EBIT": 195,
        "Net Income": 107
    },
    "2018-06-30": {
        "Diluted EPS": 0.22,
        "Total Revenue": NaN,
        "Gross Profit": 990,
        "Operating Income": 74,
        "EBIT": 128,
        "Net Income": 44
    },
    "2018-03-31": {
        "Diluted EPS": 0.22,
        "Total Revenue": 976,
        "Gross Profit": 772,
        "Operating Income": 69,
        "EBIT": 122,
        "Net Income": 42
    },
    "2017-12-31": {
        "Diluted EPS": 0.58,
        "Total Revenue": NaN,
        "Gross Profit": 997,
        "Operating Income": 124,
        "EBIT": 177,
        "Net Income": 115
    },
    "2017-09-30": {
        "Diluted EPS": 0.45,
        "Total Revenue": NaN,
        "Gross Profit": NaN,
        "Operating Income": 155,
        "EBIT": 207,
        "Net Income": 87
    },
    "2017-06-30": {
        "Diluted EPS": 0.21,
        "Total Revenue": NaN,
        "Gross Profit": 993,
        "Operating Income": 79,
        "EBIT": 130,
        "Net Income": 41
    },
    "2017-03-31": {
        "Diluted EPS": 0.19,
        "Total Revenue": 938,
        "Gross Profit": 723,
        "Operating Income": 66,
        "EBIT": 117,
        "Net Income": 37
    },
    "2016-12-31": {
        "Diluted EPS": 0.34,
        "Total Revenue": NaN,
        "Gross Profit": 855,
        "Operating Income": 111,
        "EBIT": 164,
        "Net Income": 66
    },
    "2016-09-30": {
        "Diluted EPS": 0.42,
        "Total Revenue": NaN,
        "Gross Profit": NaN,
        "Operating Income": 147,
        "EBIT": 201,
        "Net Income": 83
    },
    "2016-06-30": {
        "Diluted EPS": -0.56,
        "Total Revenue": NaN,
        "Gross Profit": 981,
        "Operating Income": 89,
        "EBIT": 143,
        "Net Income": -109
    },
    "2016-03-31": {
        "Diluted EPS": 0.13,
        "Total Revenue": 860,
        "Gross Profit": 677,
        "Operating Income": 62,
        "EBIT": 117,
        "Net Income": 25
    },
    "2015-12-31": {
        "Diluted EPS": 0.27,
        "Total Revenue": NaN,
        "Gross Profit": 850,
        "Operating Income": 89,
        "EBIT": 146,
        "Net Income": 52
    },
    "2015-09-30": {
        "Diluted EPS": -0.72,
        "Total Revenue": NaN,
        "Gross Profit": NaN,
        "Operating Income": 128,
        "EBIT": 180,
        "Net Income": -140
    },
    "2015-06-30": {
        "Diluted EPS": -1.18,
        "Total Revenue": 938,
        "Gross Profit": 852,
        "Operating Income": 60,
        "EBIT": 110,
        "Net Income": -230
    },
    "2015-03-31": {
        "Diluted EPS": -1.57,
        "Total Revenue": 862,
        "Gross Profit": 635,
        "Operating Income": 44,
        "EBIT": 97,
        "Net Income": -306
    },
    "2014-12-31": {
        "Diluted EPS": 0.44,
        "Total Revenue": 906,
        "Gross Profit": 699,
        "Operating Income": 43,
        "EBIT": 95,
        "Net Income": 84
    },
    "2014-09-30": {
        "Diluted EPS": 0.53,
        "Total Revenue": NaN,
        "Gross Profit": NaN,
        "Operating Income": 119,
        "EBIT": 170,
        "Net Income": 103
    },
    "2014-06-30": {
        "Diluted EPS": 0.28,
        "Total Revenue": 953,
        "Gross Profit": 849,
        "Operating Income": 62,
        "EBIT": 63,
        "Net Income": 54
    },
    "2014-03-31": {
        "Diluted EPS": 0.3,
        "Total Revenue": NaN,
        "Gross Profit": 771,
        "Operating Income": 103,
        "EBIT": 202,
        "Net Income": 56
    },
    "2013-12-31": {
        "Diluted EPS": 0.49,
        "Total Revenue": 642,
        "Gross Profit": 428,
        "Operating Income": -25,
        "EBIT": -113,
        "Net Income": 91
    },
    "2013-09-30": {
        "Diluted EPS": 0.44,
        "Total Revenue": NaN,
        "Gross Profit": NaN,
        "Operating Income": 150,
        "EBIT": 250,
        "Net Income": 84
    },
    "2013-06-30": {
        "Diluted EPS": 0.24,
        "Total Revenue": NaN,
        "Gross Profit": 972,
        "Operating Income": 91,
        "EBIT": 187,
        "Net Income": 46
    },
    "2013-03-31": {
        "Diluted EPS": 0.3,
        "Total Revenue": 932,
        "Gross Profit": 711,
        "Operating Income": 105,
        "EBIT": 198,
        "Net Income": 56
    },
    "2012-12-31": {
        "Diluted EPS": -0.33,
        "Total Revenue": NaN,
        "Gross Profit": 914,
        "Operating Income": -110,
        "EBIT": -11,
        "Net Income": -61
    },
    "2012-09-30": {
        "Diluted EPS": -0.16,
        "Total Revenue": NaN,
        "Gross Profit": NaN,
        "Operating Income": -34,
        "EBIT": 58,
        "Net Income": -30
    },
    "2012-06-30": {
        "Diluted EPS": 0.29,
        "Total Revenue": 968,
        "Gross Profit": 894,
        "Operating Income": 92,
        "EBIT": 175,
        "Net Income": 54
    },
    "2012-03-31": {
        "Diluted EPS": 0.19,
        "Total Revenue": 853,
        "Gross Profit": 649,
        "Operating Income": 71,
        "EBIT": 156,
        "Net Income": 36
    },
    "2011-12-31": {
        "Diluted EPS": 0.31,
        "Total Revenue": NaN,
        "Gross Profit": 874,
        "Operating Income": 127,
        "EBIT": 213,
        "Net Income": 61
    },
    "2011-09-30": {
        "Diluted EPS": 0.34,
        "Total Revenue": NaN,
        "Gross Profit": NaN,
        "Operating Income": 119,
        "EBIT": 208,
        "Net Income": 64
    },
    "2011-06-30": {
        "Diluted EPS": 0.24,
        "Total Revenue": 931,
        "Gross Profit": 815,
        "Operating Income": 82,
        "EBIT": 166,
        "Net Income": 45
    },
    "2011-03-31": {
        "Diluted EPS": 0.23,
        "Total Revenue": 902,
        "Gross Profit": 640,
        "Operating Income": 78,
        "EBIT": 163,
        "Net Income": 43
    },
    "2010-12-31": {
        "Diluted EPS": 0.47,
        "Total Revenue": NaN,
        "Gross Profit": 839,
        "Operating Income": 130,
        "EBIT": 214,
        "Net Income": 89
    },
    "2010-09-30": {
        "Diluted EPS": 0.32,
        "Total Revenue": NaN,
        "Gross Profit": NaN,
        "Operating Income": 109,
        "EBIT": 194,
        "Net Income": 61
    },
    "2010-06-30": {
        "Diluted EPS": 0.26,
        "Total Revenue": 906,
        "Gross Profit": 796,
        "Operating Income": 89,
        "EBIT": 170,
        "Net Income": 49
    },
    "2010-03-31": {
        "Diluted EPS": 0.22,
        "Total Revenue": 835,
        "Gross Profit": 584,
        "Operating Income": 83,
        "EBIT": 162,
        "Net Income": 42
    },
    "2009-12-31": {
        "Diluted EPS": 0.4,
        "Total Revenue": NaN,
        "Gross Profit": 781,
        "Operating Income": 127,
        "EBIT": 205,
        "Net Income": 72
    },
    "2009-09-30": {
        "Diluted EPS": 0.5,
        "Total Revenue": NaN,
        "Gross Profit": NaN,
        "Operating Income": 160,
        "EBIT": 240,
        "Net Income": 92
    },
    "2009-06-30": {
        "Diluted EPS": 0.3,
        "Total Revenue": 958,
        "Gross Profit": 836,
        "Operating Income": 100,
        "EBIT": 181,
        "Net Income": 55
    },
    "2009-03-31": {
        "Diluted EPS": -1.87,
        "Total Revenue": NaN,
        "Gross Profit": 719,
        "Operating Income": -541,
        "EBIT": -448,
        "Net Income": -344
    },
    "2023-09-30": {
        "Tax Effect Of Unusual Items": 4401900.0,
        "Tax Rate For Calcs": 0.146,
        "Normalized EBITDA": 146669000.0,
        "Total Unusual Items": 30150000.0,
        "Total Unusual Items Excluding Goodwill": 30150000.0,
        "Net Income From Continuing Operation Net Minority Interest": 78218000.0,
        "Reconciled Depreciation": 53147000.0,
        "Reconciled Cost Of Revenue": 823590000.0,
        "EBITDA": 176819000.0,
        "EBIT": 123672000.0,
        "Net Interest Income": -32129000.0,
        "Interest Expense": 32129000.0,
        "Normalized Income": 52469900.0,
        "Net Income From Continuing And Discontinued Operation": 74929000.0,
        "Total Expenses": 916191000.0,
        "Total Operating Income As Reported": 84604000.0,
        "Diluted Average Shares": 203886000.0,
        "Basic Average Shares": 203638000.0,
        "Diluted EPS": 0.37,
        "Basic EPS": 0.37,
        "Diluted NI Availto Com Stockholders": 74929000.0,
        "Net Income Common Stockholders": 74929000.0,
        "Net Income": 74929000.0,
        "Net Income Including Noncontrolling Interests": 74929000.0,
        "Net Income Discontinuous Operations": -3289000.0,
        "Net Income Continuous Operations": 78218000.0,
        "Tax Provision": 13325000.0,
        "Pretax Income": 91543000.0,
        "Other Income Expense": 39068000.0,
        "Other Non Operating Income Expenses": 8918000.0,
        "Gain On Sale Of Security": 30150000.0,
        "Net Non Operating Interest Income Expense": -32129000.0,
        "Interest Expense Non Operating": 32129000.0,
        "Operating Income": 84604000.0,
        "Operating Expense": 92600000.0,
        "Other Taxes": 39454000.0,
        "Depreciation Amortization Depletion Income Statement": 53146000.0,
        "Depreciation And Amortization In Income Statement": NaN,
        "Gross Profit": 177204000.0,
        "Cost Of Revenue": 823591000.0,
        "Total Revenue": 1000795000.0,
        "Operating Revenue": 1000795000.0
    },
    "2023-12-31": {
        "Tax Effect Of Unusual Items": 3441060.0,
        "Tax Rate For Calcs": 0.21,
        "Normalized EBITDA": 207963000.0,
        "Total Unusual Items": 16386000.0,
        "Total Unusual Items Excluding Goodwill": 16386000.0,
        "Net Income From Continuing Operation Net Minority Interest": 170699000.0,
        "Reconciled Depreciation": 54721000.0,
        "Reconciled Cost Of Revenue": 900319000.0,
        "EBITDA": 224349000.0,
        "EBIT": 169628000.0,
        "Net Interest Income": -31767000.0,
        "Interest Expense": 31767000.0,
        "Normalized Income": 157754060.0,
        "Net Income From Continuing And Discontinued Operation": 170733000.0,
        "Total Expenses": 994499000.0,
        "Total Operating Income As Reported": 140821000.0,
        "Diluted Average Shares": 204100000.0,
        "Basic Average Shares": 203700000.0,
        "Diluted EPS": 0.84,
        "Basic EPS": 0.84,
        "Diluted NI Availto Com Stockholders": 170733000.0,
        "Net Income Common Stockholders": 170733000.0,
        "Net Income": 170733000.0,
        "Net Income Including Noncontrolling Interests": 170733000.0,
        "Net Income Discontinuous Operations": 34000.0,
        "Net Income Continuous Operations": 170699000.0,
        "Tax Provision": -32838000.0,
        "Pretax Income": 137861000.0,
        "Other Income Expense": 28807000.0,
        "Other Non Operating Income Expenses": 12421000.0,
        "Gain On Sale Of Security": 16386000.0,
        "Net Non Operating Interest Income Expense": -31767000.0,
        "Interest Expense Non Operating": 31767000.0,
        "Operating Income": 140821000.0,
        "Operating Expense": 94180000.0,
        "Other Taxes": 39459000.0,
        "Depreciation Amortization Depletion Income Statement": 54721000.0,
        "Depreciation And Amortization In Income Statement": NaN,
        "Gross Profit": 235001000.0,
        "Cost Of Revenue": 900319000.0,
        "Total Revenue": 1135320000.0,
        "Operating Revenue": 1135320000.0
    },
    "2024-03-31": {
        "Tax Effect Of Unusual Items": 0.0,
        "Tax Rate For Calcs": 0.166325,
        "Normalized EBITDA": 205484000.0,
        "Total Unusual Items": NaN,
        "Total Unusual Items Excluding Goodwill": NaN,
        "Net Income From Continuing Operation Net Minority Interest": 100898000.0,
        "Reconciled Depreciation": 55750000.0,
        "Reconciled Cost Of Revenue": 963136000.0,
        "EBITDA": 205484000.0,
        "EBIT": 149734000.0,
        "Net Interest Income": -28706000.0,
        "Interest Expense": 28706000.0,
        "Normalized Income": 100898000.0,
        "Net Income From Continuing And Discontinued Operation": 100898000.0,
        "Total Expenses": 1077878000.0,
        "Total Operating Income As Reported": 135947000.0,
        "Diluted Average Shares": 204187000.0,
        "Basic Average Shares": 203779000.0,
        "Diluted EPS": 0.49,
        "Basic EPS": 0.5,
        "Diluted NI Availto Com Stockholders": 100898000.0,
        "Net Income Common Stockholders": 100898000.0,
        "Net Income": 100898000.0,
        "Net Income Including Noncontrolling Interests": 100898000.0,
        "Net Income Discontinuous Operations": 0.0,
        "Net Income Continuous Operations": 100898000.0,
        "Tax Provision": 20130000.0,
        "Pretax Income": 121028000.0,
        "Other Income Expense": 13787000.0,
        "Other Non Operating Income Expenses": 13787000.0,
        "Gain On Sale Of Security": NaN,
        "Net Non Operating Interest Income Expense": -28706000.0,
        "Interest Expense Non Operating": 28706000.0,
        "Operating Income": 135947000.0,
        "Operating Expense": 114742000.0,
        "Other Taxes": 58992000.0,
        "Depreciation Amortization Depletion Income Statement": 55750000.0,
        "Depreciation And Amortization In Income Statement": 55750000.0,
        "Gross Profit": 250689000.0,
        "Cost Of Revenue": 963136000.0,
        "Total Revenue": 1213825000.0,
        "Operating Revenue": 1213825000.0
    },
    "2024-06-30": {
        "Tax Effect Of Unusual Items": 0.0,
        "Tax Rate For Calcs": 0.20086,
        "Normalized EBITDA": 160290000.0,
        "Total Unusual Items": NaN,
        "Total Unusual Items Excluding Goodwill": NaN,
        "Net Income From Continuing Operation Net Minority Interest": 60574000.0,
        "Reconciled Depreciation": 55881000.0,
        "Reconciled Cost Of Revenue": 857300000.0,
        "EBITDA": 160290000.0,
        "EBIT": 104408000.0,
        "Net Interest Income": -28609000.0,
        "Interest Expense": 28609000.0,
        "Normalized Income": 60574000.0,
        "Net Income From Continuing And Discontinued Operation": 60436000.0,
        "Total Expenses": 957799000.0,
        "Total Operating Income As Reported": 89746000.0,
        "Diluted Average Shares": 204582000.0,
        "Basic Average Shares": 203888000.0,
        "Diluted EPS": 0.3,
        "Basic EPS": 0.3,
        "Diluted NI Availto Com Stockholders": 60436000.0,
        "Net Income Common Stockholders": 60436000.0,
        "Net Income": 60436000.0,
        "Net Income Including Noncontrolling Interests": 60436000.0,
        "Net Income Discontinuous Operations": -138000.0,
        "Net Income Continuous Operations": 60574000.0,
        "Tax Provision": 15225000.0,
        "Pretax Income": 75799000.0,
        "Other Income Expense": 14662000.0,
        "Other Non Operating Income Expenses": 14662000.0,
        "Gain On Sale Of Security": NaN,
        "Net Non Operating Interest Income Expense": -28609000.0,
        "Interest Expense Non Operating": 28609000.0,
        "Operating Income": 89746000.0,
        "Operating Expense": 100500000.0,
        "Other Taxes": 44618000.0,
        "Depreciation Amortization Depletion Income Statement": 55882000.0,
        "Depreciation And Amortization In Income Statement": NaN,
        "Gross Profit": 190246000.0,
        "Cost Of Revenue": 857299000.0,
        "Total Revenue": 1047545000.0,
        "Operating Revenue": 1047545000.0
    }
}