{
    "2023-03-31": {
        "Tax Effect Of Unusual Items": NaN,
        "Tax Rate For Calcs": NaN,
        "Normalized EBITDA": NaN,
        "Total Unusual Items": NaN,
        "Total Unusual Items Excluding Goodwill": NaN,
        "Net Income From Continuing Operation Net Minority Interest": NaN,
        "Reconciled Depreciation": NaN,
        "Reconciled Cost Of Revenue": NaN,
        "EBITDA": NaN,
        "EBIT": NaN,
        "Net Interest Income": NaN,
        "Interest Expense": NaN,
        "Normalized Income": NaN,
        "Net Income From Continuing And Discontinued Operation": NaN,
        "Total Expenses": NaN,
        "Total Operating Income As Reported": NaN,
        "Diluted Average Shares": NaN,
        "Basic Average Shares": NaN,
        "Diluted EPS": NaN,
        "Basic EPS": NaN,
        "Diluted NI Availto Com Stockholders": NaN,
        "Net Income Common Stockholders": NaN,
        "Net Income": NaN,
        "Net Income Including Noncontrolling Interests": NaN,
        "Net Income Continuous Operations": NaN,
        "Tax Provision": NaN,
        "Pretax Income": NaN,
        "Other Income Expense": NaN,
        "Special Income Charges": NaN,
        "Other Special Charges": NaN,
        "Impairment Of Capital Assets": 0.0,
        "Net Non Operating Interest Income Expense": NaN,
        "Interest Expense Non Operating": NaN,
        "Operating Income": NaN,
        "Operating Expense": NaN,
        "Depreciation Amortization Depletion Income Statement": NaN,
        "Depreciation And Amortization In Income Statement": NaN,
        "Amortization": NaN,
        "Amortization Of Intangibles Income Statement": NaN,
        "Selling General And Administration": NaN,
        "General And Administrative Expense": NaN,
        "Other Gand A": NaN,
        "Salaries And Wages": NaN,
        "Gross Profit": NaN,
        "Cost Of Revenue": NaN,
        "Total Revenue": NaN,
        "Operating Revenue": NaN
    },
    "2022-12-31": {
        "Tax Effect Of Unusual Items": NaN,
        "Tax Rate For Calcs": NaN,
        "Normalized EBITDA": NaN,
        "Total Unusual Items": NaN,
        "Total Unusual Items Excluding Goodwill": NaN,
        "Net Income From Continuing Operation Net Minority Interest": NaN,
        "Reconciled Depreciation": NaN,
        "Reconciled Cost Of Revenue": NaN,
        "EBITDA": NaN,
        "EBIT": NaN,
        "Net Interest Income": NaN,
        "Interest Expense": NaN,
        "Normalized Income": NaN,
        "Net Income From Continuing And Discontinued Operation": NaN,
        "Total Expenses": NaN,
        "Total Operating Income As Reported": NaN,
        "Diluted Average Shares": NaN,
        "Basic Average Shares": NaN,
        "Diluted EPS": NaN,
        "Basic EPS": NaN,
        "Diluted NI Availto Com Stockholders": NaN,
        "Net Income Common Stockholders": NaN,
        "Net Income": NaN,
        "Net Income Including Noncontrolling Interests": NaN,
        "Net Income Continuous Operations": NaN,
        "Tax Provision": NaN,
        "Pretax Income": NaN,
        "Other Income Expense": 0.0,
        "Special Income Charges": NaN,
        "Other Special Charges": NaN,
        "Impairment Of Capital Assets": 0.0,
        "Net Non Operating Interest Income Expense": NaN,
        "Interest Expense Non Operating": NaN,
        "Operating Income": NaN,
        "Operating Expense": NaN,
        "Depreciation Amortization Depletion Income Statement": NaN,
        "Depreciation And Amortization In Income Statement": NaN,
        "Amortization": NaN,
        "Amortization Of Intangibles Income Statement": NaN,
        "Selling General And Administration": NaN,
        "General And Administrative Expense": NaN,
        "Other Gand A": NaN,
        "Salaries And Wages": NaN,
        "Gross Profit": NaN,
        "Cost Of Revenue": NaN,
        "Total Revenue": NaN,
        "Operating Revenue": NaN
    },
    "2022-09-30": {
        "Tax Effect Of Unusual Items": NaN,
        "Tax Rate For Calcs": NaN,
        "Normalized EBITDA": NaN,
        "Total Unusual Items": NaN,
        "Total Unusual Items Excluding Goodwill": NaN,
        "Net Income From Continuing Operation Net Minority Interest": NaN,
        "Reconciled Depreciation": NaN,
        "Reconciled Cost Of Revenue": NaN,
        "EBITDA": NaN,
        "EBIT": NaN,
        "Net Interest Income": NaN,
        "Interest Expense": NaN,
        "Normalized Income": NaN,
        "Net Income From Continuing And Discontinued Operation": NaN,
        "Total Expenses": NaN,
        "Total Operating Income As Reported": NaN,
        "Diluted Average Shares": NaN,
        "Basic Average Shares": NaN,
        "Diluted EPS": NaN,
        "Basic EPS": NaN,
        "Diluted NI Availto Com Stockholders": NaN,
        "Net Income Common Stockholders": NaN,
        "Net Income": NaN,
        "Net Income Including Noncontrolling Interests": NaN,
        "Net Income Continuous Operations": NaN,
        "Tax Provision": NaN,
        "Pretax Income": NaN,
        "Other Income Expense": 1737000.0,
        "Special Income Charges": NaN,
        "Other Special Charges": NaN,
        "Impairment Of Capital Assets": NaN,
        "Net Non Operating Interest Income Expense": NaN,
        "Interest Expense Non Operating": NaN,
        "Operating Income": NaN,
        "Operating Expense": NaN,
        "Depreciation Amortization Depletion Income Statement": NaN,
        "Depreciation And Amortization In Income Statement": NaN,
        "Amortization": NaN,
        "Amortization Of Intangibles Income Statement": NaN,
        "Selling General And Administration": NaN,
        "General And Administrative Expense": NaN,
        "Other Gand A": NaN,
        "Salaries And Wages": NaN,
        "Gross Profit": NaN,
        "Cost Of Revenue": NaN,
        "Total Revenue": NaN,
        "Operating Revenue": NaN
    },
    "2022-06-30": {
        "Tax Effect Of Unusual Items": 210826.2,
        "Tax Rate For Calcs": 0.2327,
        "Normalized EBITDA": 14831000.0,
        "Total Unusual Items": 906000.0,
        "Total Unusual Items Excluding Goodwill": 906000.0,
        "Net Income From Continuing Operation Net Minority Interest": 5929000.0,
        "Reconciled Depreciation": 7245000.0,
        "Reconciled Cost Of Revenue": 114572000.0,
        "EBITDA": 15737000.0,
        "EBIT": 8492000.0,
        "Net Interest Income": -765000.0,
        "Interest Expense": 765000.0,
        "Normalized Income": 5233826.2,
        "Net Income From Continuing And Discontinued Operation": 5929000.0,
        "Total Expenses": 130751000.0,
        "Total Operating Income As Reported": 8492000.0,
        "Diluted Average Shares": 20650551.0,
        "Basic Average Shares": 20581945.0,
        "Diluted EPS": 0.29,
        "Basic EPS": 0.29,
        "Diluted NI Availto Com Stockholders": 5929000.0,
        "Net Income Common Stockholders": 5929000.0,
        "Net Income": 5929000.0,
        "Net Income Including Noncontrolling Interests": 5929000.0,
        "Net Income Continuous Operations": 5929000.0,
        "Tax Provision": 1798000.0,
        "Pretax Income": 7727000.0,
        "Other Income Expense": 906000.0,
        "Special Income Charges": 906000.0,
        "Other Special Charges": NaN,
        "Impairment Of Capital Assets": -906000.0,
        "Net Non Operating Interest Income Expense": -765000.0,
        "Interest Expense Non Operating": 765000.0,
        "Operating Income": 7586000.0,
        "Operating Expense": 10672000.0,
        "Depreciation Amortization Depletion Income Statement": 1738000.0,
        "Depreciation And Amortization In Income Statement": 1738000.0,
        "Amortization": 1738000.0,
        "Amortization Of Intangibles Income Statement": 1738000.0,
        "Selling General And Administration": 8934000.0,
        "General And Administrative Expense": 8934000.0,
        "Other Gand A": 6396000.0,
        "Salaries And Wages": 2538000.0,
        "Gross Profit": 18258000.0,
        "Cost Of Revenue": 120079000.0,
        "Total Revenue": 138337000.0,
        "Operating Revenue": 142160000.0
    },
    "2023-06-30": {
        "Tax Effect Of Unusual Items": NaN,
        "Tax Rate For Calcs": NaN,
        "Normalized EBITDA": NaN,
        "Total Unusual Items": -216000.0,
        "Total Unusual Items Excluding Goodwill": -216000.0,
        "Net Income From Continuing Operation Net Minority Interest": NaN,
        "Reconciled Depreciation": NaN,
        "Reconciled Cost Of Revenue": NaN,
        "EBITDA": NaN,
        "EBIT": NaN,
        "Net Interest Income": NaN,
        "Interest Expense": NaN,
        "Normalized Income": NaN,
        "Net Income From Continuing And Discontinued Operation": NaN,
        "Total Expenses": NaN,
        "Total Operating Income As Reported": NaN,
        "Diluted Average Shares": NaN,
        "Basic Average Shares": NaN,
        "Diluted EPS": NaN,
        "Basic EPS": NaN,
        "Diluted NI Availto Com Stockholders": NaN,
        "Net Income Common Stockholders": NaN,
        "Net Income": NaN,
        "Net Income Including Noncontrolling Interests": NaN,
        "Net Income Continuous Operations": NaN,
        "Tax Provision": NaN,
        "Pretax Income": NaN,
        "Other Income Expense": -216000.0,
        "Special Income Charges": -216000.0,
        "Other Special Charges": 216000.0,
        "Impairment Of Capital Assets": 0.0,
        "Net Non Operating Interest Income Expense": NaN,
        "Interest Expense Non Operating": NaN,
        "Operating Income": NaN,
        "Operating Expense": NaN,
        "Depreciation Amortization Depletion Income Statement": NaN,
        "Depreciation And Amortization In Income Statement": NaN,
        "Amortization": NaN,
        "Amortization Of Intangibles Income Statement": NaN,
        "Selling General And Administration": NaN,
        "General And Administrative Expense": NaN,
        "Other Gand A": NaN,
        "Salaries And Wages": NaN,
        "Gross Profit": NaN,
        "Cost Of Revenue": NaN,
        "Total Revenue": NaN,
        "Operating Revenue": NaN
    },
    "2022-03-31": {
        "Diluted EPS": 0.19,
        "Total Revenue": 136,
        "Gross Profit": 15,
        "Operating Income": 6,
        "EBIT": 13,
        "Net Income": 4
    },
    "2021-12-31": {
        "Diluted EPS": -0.65,
        "Total Revenue": 113,
        "Gross Profit": 9,
        "Operating Income": -17,
        "EBIT": -9,
        "Net Income": -14
    },
    "2021-09-30": {
        "Diluted EPS": 0.01,
        "Total Revenue": 109,
        "Gross Profit": 11,
        "Operating Income": 1,
        "EBIT": 9,
        "Net Income": 0
    },
    "2021-06-30": {
        "Diluted EPS": 0.16,
        "Total Revenue": 120,
        "Gross Profit": 16,
        "Operating Income": 5,
        "EBIT": 13,
        "Net Income": 3
    },
    "2021-03-31": {
        "Diluted EPS": 0.12,
        "Total Revenue": 113,
        "Gross Profit": 15,
        "Operating Income": 4,
        "EBIT": 12,
        "Net Income": 3
    },
    "2020-12-31": {
        "Diluted EPS": 0.04,
        "Total Revenue": 95,
        "Gross Profit": 11,
        "Operating Income": 1,
        "EBIT": 8,
        "Net Income": 1
    },
    "2020-09-30": {
        "Diluted EPS": -0.05,
        "Total Revenue": 91,
        "Gross Profit": 10,
        "Operating Income": 0,
        "EBIT": 8,
        "Net Income": -1
    },
    "2020-06-30": {
        "Diluted EPS": -0.35,
        "Total Revenue": 63,
        "Gross Profit": -1,
        "Operating Income": -9,
        "EBIT": -1,
        "Net Income": -7
    },
    "2020-03-31": {
        "Diluted EPS": 0.0,
        "Total Revenue": 109,
        "Gross Profit": 12,
        "Operating Income": 2,
        "EBIT": 10,
        "Net Income": 0
    },
    "2019-12-31": {
        "Diluted EPS": -0.03,
        "Total Revenue": 102,
        "Gross Profit": 4,
        "Operating Income": -5,
        "EBIT": 4,
        "Net Income": -2
    },
    "2019-09-30": {
        "Diluted EPS": 0.49,
        "Total Revenue": 129,
        "Gross Profit": 15,
        "Operating Income": 13,
        "EBIT": 22,
        "Net Income": 10
    },
    "2019-06-30": {
        "Diluted EPS": -0.91,
        "Total Revenue": 145,
        "Gross Profit": 21,
        "Operating Income": -17,
        "EBIT": -8,
        "Net Income": -15
    },
    "2019-03-31": {
        "Diluted EPS": 0.18,
        "Total Revenue": 144,
        "Gross Profit": 20,
        "Operating Income": 6,
        "EBIT": 14,
        "Net Income": 2
    },
    "2018-12-31": {
        "Diluted EPS": 0.06,
        "Total Revenue": 91,
        "Gross Profit": 10,
        "Operating Income": 2,
        "EBIT": 7,
        "Net Income": 1
    },
    "2018-09-30": {
        "Diluted EPS": 0.36,
        "Total Revenue": 84,
        "Gross Profit": 13,
        "Operating Income": 6,
        "EBIT": 11,
        "Net Income": 5
    },
    "2018-06-30": {
        "Diluted EPS": 0.56,
        "Total Revenue": 92,
        "Gross Profit": 16,
        "Operating Income": 10,
        "EBIT": 14,
        "Net Income": 8
    },
    "2018-03-31": {
        "Diluted EPS": 0.31,
        "Total Revenue": 87,
        "Gross Profit": 12,
        "Operating Income": 5,
        "EBIT": 10,
        "Net Income": 4
    },
    "2017-12-31": {
        "Diluted EPS": 0.0,
        "Total Revenue": NaN,
        "Gross Profit": NaN,
        "Operating Income": NaN,
        "EBIT": NaN,
        "Net Income": NaN
    },
    "2023-09-30": {
        "Tax Effect Of Unusual Items": 0.0,
        "Tax Rate For Calcs": 0.278953,
        "Normalized EBITDA": 15500000.0,
        "Total Unusual Items": 0.0,
        "Total Unusual Items Excluding Goodwill": 0.0,
        "Net Income From Continuing Operation Net Minority Interest": 1432000.0,
        "Reconciled Depreciation": 9607000.0,
        "Reconciled Cost Of Revenue": 131763000.0,
        "EBITDA": 15500000.0,
        "EBIT": 5893000.0,
        "Net Interest Income": -3907000.0,
        "Interest Expense": 3907000.0,
        "Normalized Income": 1432000.0,
        "Net Income From Continuing And Discontinued Operation": 1432000.0,
        "Total Expenses": 152324000.0,
        "Total Operating Income As Reported": 5893000.0,
        "Diluted Average Shares": 20622864.0,
        "Basic Average Shares": 20439602.0,
        "Diluted EPS": 0.07,
        "Basic EPS": 0.07,
        "Diluted NI Availto Com Stockholders": 1432000.0,
        "Net Income Common Stockholders": 1432000.0,
        "Net Income": 1432000.0,
        "Net Income Including Noncontrolling Interests": 1432000.0,
        "Net Income Continuous Operations": 1432000.0,
        "Tax Provision": 554000.0,
        "Pretax Income": 1986000.0,
        "Other Income Expense": NaN,
        "Special Income Charges": 0.0,
        "Other Special Charges": NaN,
        "Impairment Of Capital Assets": 0.0,
        "Net Non Operating Interest Income Expense": -3907000.0,
        "Interest Expense Non Operating": 3907000.0,
        "Operating Income": 5893000.0,
        "Operating Expense": 13127000.0,
        "Depreciation Amortization Depletion Income Statement": 2173000.0,
        "Depreciation And Amortization In Income Statement": 2173000.0,
        "Amortization": 2173000.0,
        "Amortization Of Intangibles Income Statement": 2173000.0,
        "Selling General And Administration": 10954000.0,
        "General And Administrative Expense": 10954000.0,
        "Other Gand A": 8608000.0,
        "Salaries And Wages": 2346000.0,
        "Gross Profit": 19020000.0,
        "Cost Of Revenue": 139197000.0,
        "Total Revenue": 158217000.0,
        "Operating Revenue": 163824000.0
    },
    "2023-12-31": {
        "Tax Effect Of Unusual Items": 0.0,
        "Tax Rate For Calcs": 0.21,
        "Normalized EBITDA": 14936000.0,
        "Total Unusual Items": 0.0,
        "Total Unusual Items Excluding Goodwill": 0.0,
        "Net Income From Continuing Operation Net Minority Interest": 2227000.0,
        "Reconciled Depreciation": 9582000.0,
        "Reconciled Cost Of Revenue": 122882000.0,
        "EBITDA": 14936000.0,
        "EBIT": 5354000.0,
        "Net Interest Income": -3559000.0,
        "Interest Expense": 3559000.0,
        "Normalized Income": 2227000.0,
        "Net Income From Continuing And Discontinued Operation": 2227000.0,
        "Total Expenses": 143228000.0,
        "Total Operating Income As Reported": 5354000.0,
        "Diluted Average Shares": 20673443.0,
        "Basic Average Shares": 20409942.0,
        "Diluted EPS": 0.11,
        "Basic EPS": 0.11,
        "Diluted NI Availto Com Stockholders": 2227000.0,
        "Net Income Common Stockholders": 2227000.0,
        "Net Income": 2227000.0,
        "Net Income Including Noncontrolling Interests": 2227000.0,
        "Net Income Continuous Operations": 2227000.0,
        "Tax Provision": -432000.0,
        "Pretax Income": 1795000.0,
        "Other Income Expense": 0.0,
        "Special Income Charges": 0.0,
        "Other Special Charges": 0.0,
        "Impairment Of Capital Assets": 0.0,
        "Net Non Operating Interest Income Expense": -3559000.0,
        "Interest Expense Non Operating": 3559000.0,
        "Operating Income": 5354000.0,
        "Operating Expense": 12857000.0,
        "Depreciation Amortization Depletion Income Statement": 2093000.0,
        "Depreciation And Amortization In Income Statement": 2093000.0,
        "Amortization": 2093000.0,
        "Amortization Of Intangibles Income Statement": 2093000.0,
        "Selling General And Administration": 10764000.0,
        "General And Administrative Expense": 10764000.0,
        "Other Gand A": 7213000.0,
        "Salaries And Wages": 3551000.0,
        "Gross Profit": 18211000.0,
        "Cost Of Revenue": 130371000.0,
        "Total Revenue": 148582000.0,
        "Operating Revenue": 212375000.0
    },
    "2024-03-31": {
        "Tax Effect Of Unusual Items": 0.0,
        "Tax Rate For Calcs": 0.2419,
        "Normalized EBITDA": 16885000.0,
        "Total Unusual Items": NaN,
        "Total Unusual Items Excluding Goodwill": NaN,
        "Net Income From Continuing Operation Net Minority Interest": 3241000.0,
        "Reconciled Depreciation": 9254000.0,
        "Reconciled Cost Of Revenue": 132815000.0,
        "EBITDA": 16885000.0,
        "EBIT": 7631000.0,
        "Net Interest Income": -3356000.0,
        "Interest Expense": 3356000.0,
        "Normalized Income": 3241000.0,
        "Net Income From Continuing And Discontinued Operation": 3241000.0,
        "Total Expenses": 153638000.0,
        "Total Operating Income As Reported": 7631000.0,
        "Diluted Average Shares": 20700046.0,
        "Basic Average Shares": 20485933.0,
        "Diluted EPS": 0.16,
        "Basic EPS": 0.16,
        "Diluted NI Availto Com Stockholders": 3241000.0,
        "Net Income Common Stockholders": 3241000.0,
        "Net Income": 3241000.0,
        "Net Income Including Noncontrolling Interests": 3241000.0,
        "Net Income Continuous Operations": 3241000.0,
        "Tax Provision": 1034000.0,
        "Pretax Income": 4275000.0,
        "Other Income Expense": NaN,
        "Special Income Charges": NaN,
        "Other Special Charges": NaN,
        "Impairment Of Capital Assets": NaN,
        "Net Non Operating Interest Income Expense": -3356000.0,
        "Interest Expense Non Operating": 3356000.0,
        "Operating Income": 7631000.0,
        "Operating Expense": 13302000.0,
        "Depreciation Amortization Depletion Income Statement": 1733000.0,
        "Depreciation And Amortization In Income Statement": 1733000.0,
        "Amortization": 1733000.0,
        "Amortization Of Intangibles Income Statement": 1733000.0,
        "Selling General And Administration": 11569000.0,
        "General And Administrative Expense": 11569000.0,
        "Other Gand A": 7769000.0,
        "Salaries And Wages": 3800000.0,
        "Gross Profit": 20933000.0,
        "Cost Of Revenue": 140336000.0,
        "Total Revenue": 161269000.0,
        "Operating Revenue": 161269000.0
    },
    "2024-06-30": {
        "Tax Effect Of Unusual Items": 0.0,
        "Tax Rate For Calcs": 0.27,
        "Normalized EBITDA": 17541000.0,
        "Total Unusual Items": 0.0,
        "Total Unusual Items Excluding Goodwill": 0.0,
        "Net Income From Continuing Operation Net Minority Interest": 3782000.0,
        "Reconciled Depreciation": 9391000.0,
        "Reconciled Cost Of Revenue": 133701000.0,
        "EBITDA": 17541000.0,
        "EBIT": 8150000.0,
        "Net Interest Income": -2969000.0,
        "Interest Expense": 2969000.0,
        "Normalized Income": 3782000.0,
        "Net Income From Continuing And Discontinued Operation": 3782000.0,
        "Total Expenses": 155486000.0,
        "Total Operating Income As Reported": 8150000.0,
        "Diluted Average Shares": 21034780.0,
        "Basic Average Shares": 20602650.0,
        "Diluted EPS": 0.18,
        "Basic EPS": 0.18,
        "Diluted NI Availto Com Stockholders": 3782000.0,
        "Net Income Common Stockholders": 3782000.0,
        "Net Income": 3782000.0,
        "Net Income Including Noncontrolling Interests": 3782000.0,
        "Net Income Continuous Operations": 3782000.0,
        "Tax Provision": 1399000.0,
        "Pretax Income": 5181000.0,
        "Other Income Expense": NaN,
        "Special Income Charges": 0.0,
        "Other Special Charges": NaN,
        "Impairment Of Capital Assets": NaN,
        "Net Non Operating Interest Income Expense": -2969000.0,
        "Interest Expense Non Operating": 2969000.0,
        "Operating Income": 8150000.0,
        "Operating Expense": 14127000.0,
        "Depreciation Amortization Depletion Income Statement": 1733000.0,
        "Depreciation And Amortization In Income Statement": 1733000.0,
        "Amortization": 1733000.0,
        "Amortization Of Intangibles Income Statement": 1733000.0,
        "Selling General And Administration": 12394000.0,
        "General And Administrative Expense": 12394000.0,
        "Other Gand A": 8261000.0,
        "Salaries And Wages": 4133000.0,
        "Gross Profit": 22277000.0,
        "Cost Of Revenue": 141359000.0,
        "Total Revenue": 163636000.0,
        "Operating Revenue": 169672000.0
    },
    "2024-09-30": {
        "Tax Effect Of Unusual Items": 0.0,
        "Tax Rate For Calcs": 0.032531,
        "Normalized EBITDA": 15209000.0,
        "Total Unusual Items": 0.0,
        "Total Unusual Items Excluding Goodwill": 0.0,
        "Net Income From Continuing Operation Net Minority Interest": 2974000.0,
        "Reconciled Depreciation": 9482000.0,
        "Reconciled Cost Of Revenue": 110548000.0,
        "EBITDA": 15209000.0,
        "EBIT": 5727000.0,
        "Net Interest Income": -2653000.0,
        "Interest Expense": 2653000.0,
        "Normalized Income": 2974000.0,
        "Net Income From Continuing And Discontinued Operation": 2974000.0,
        "Total Expenses": 129665000.0,
        "Total Operating Income As Reported": 5727000.0,
        "Diluted Average Shares": 21123494.0,
        "Basic Average Shares": 20715275.0,
        "Diluted EPS": 0.14,
        "Basic EPS": 0.14,
        "Diluted NI Availto Com Stockholders": 2974000.0,
        "Net Income Common Stockholders": 2974000.0,
        "Net Income": 2974000.0,
        "Net Income Including Noncontrolling Interests": 2974000.0,
        "Net Income Continuous Operations": 2974000.0,
        "Tax Provision": 100000.0,
        "Pretax Income": 3074000.0,
        "Other Income Expense": NaN,
        "Special Income Charges": 0.0,
        "Other Special Charges": NaN,
        "Impairment Of Capital Assets": NaN,
        "Net Non Operating Interest Income Expense": -2653000.0,
        "Interest Expense Non Operating": 2653000.0,
        "Operating Income": 5727000.0,
        "Operating Expense": 11368000.0,
        "Depreciation Amortization Depletion Income Statement": 1733000.0,
        "Depreciation And Amortization In Income Statement": 1733000.0,
        "Amortization": 1733000.0,
        "Amortization Of Intangibles Income Statement": 1733000.0,
        "Selling General And Administration": 9635000.0,
        "General And Administrative Expense": 9635000.0,
        "Other Gand A": 7559000.0,
        "Salaries And Wages": 2076000.0,
        "Gross Profit": 17095000.0,
        "Cost Of Revenue": 118297000.0,
        "Total Revenue": 135392000.0,
        "Operating Revenue": 138577000.0
    }
}