{
    "2023-03-31": {
        "Tax Effect Of Unusual Items": NaN,
        "Tax Rate For Calcs": NaN,
        "Normalized EBITDA": NaN,
        "Net Income From Continuing Operation Net Minority Interest": NaN,
        "Reconciled Depreciation": NaN,
        "Reconciled Cost Of Revenue": NaN,
        "EBITDA": NaN,
        "EBIT": NaN,
        "Net Interest Income": NaN,
        "Interest Expense": 181000.0,
        "Interest Income": NaN,
        "Normalized Income": NaN,
        "Net Income From Continuing And Discontinued Operation": NaN,
        "Total Expenses": NaN,
        "Total Operating Income As Reported": NaN,
        "Diluted Average Shares": NaN,
        "Basic Average Shares": NaN,
        "Diluted EPS": NaN,
        "Basic EPS": NaN,
        "Diluted NI Availto Com Stockholders": NaN,
        "Net Income Common Stockholders": NaN,
        "Net Income": NaN,
        "Net Income Including Noncontrolling Interests": NaN,
        "Net Income Continuous Operations": NaN,
        "Tax Provision": NaN,
        "Pretax Income": NaN,
        "Other Income Expense": NaN,
        "Other Non Operating Income Expenses": NaN,
        "Net Non Operating Interest Income Expense": NaN,
        "Total Other Finance Cost": 181000.0,
        "Interest Expense Non Operating": 181000.0,
        "Interest Income Non Operating": NaN,
        "Operating Income": NaN,
        "Operating Expense": NaN,
        "Selling General And Administration": NaN,
        "Gross Profit": NaN,
        "Cost Of Revenue": NaN,
        "Total Revenue": NaN,
        "Operating Revenue": NaN
    },
    "2022-12-31": {
        "Tax Effect Of Unusual Items": 0.0,
        "Tax Rate For Calcs": 0.181745,
        "Normalized EBITDA": 35590000.0,
        "Net Income From Continuing Operation Net Minority Interest": 26518000.0,
        "Reconciled Depreciation": 2954000.0,
        "Reconciled Cost Of Revenue": 103648000.0,
        "EBITDA": 35590000.0,
        "EBIT": 32636000.0,
        "Net Interest Income": -182000.0,
        "Interest Expense": NaN,
        "Normalized Income": 26518000.0,
        "Net Income From Continuing And Discontinued Operation": 26518000.0,
        "Total Expenses": 304646000.0,
        "Total Operating Income As Reported": 32599000.0,
        "Diluted Average Shares": NaN,
        "Basic Average Shares": NaN,
        "Diluted EPS": NaN,
        "Basic EPS": NaN,
        "Diluted NI Availto Com Stockholders": 26518000.0,
        "Net Income Common Stockholders": 26518000.0,
        "Net Income": 26518000.0,
        "Net Income Including Noncontrolling Interests": 26518000.0,
        "Net Income Continuous Operations": 26518000.0,
        "Tax Provision": 5890000.0,
        "Pretax Income": 32408000.0,
        "Other Income Expense": -9000.0,
        "Other Non Operating Income Expenses": -9000.0,
        "Net Non Operating Interest Income Expense": -182000.0,
        "Total Other Finance Cost": NaN,
        "Interest Expense Non Operating": NaN,
        "Operating Income": 32599000.0,
        "Operating Expense": 200998000.0,
        "Selling General And Administration": 200998000.0,
        "Gross Profit": 233597000.0,
        "Cost Of Revenue": 103648000.0,
        "Total Revenue": 337245000.0,
        "Operating Revenue": 337245000.0
    },
    "2022-09-30": {
        "Tax Effect Of Unusual Items": NaN,
        "Tax Rate For Calcs": NaN,
        "Normalized EBITDA": NaN,
        "Net Income From Continuing Operation Net Minority Interest": NaN,
        "Reconciled Depreciation": NaN,
        "Reconciled Cost Of Revenue": NaN,
        "EBITDA": NaN,
        "EBIT": NaN,
        "Net Interest Income": NaN,
        "Interest Expense": 261000.0,
        "Normalized Income": NaN,
        "Net Income From Continuing And Discontinued Operation": NaN,
        "Total Expenses": NaN,
        "Total Operating Income As Reported": NaN,
        "Diluted Average Shares": NaN,
        "Basic Average Shares": NaN,
        "Diluted EPS": NaN,
        "Basic EPS": NaN,
        "Diluted NI Availto Com Stockholders": NaN,
        "Net Income Common Stockholders": NaN,
        "Net Income": NaN,
        "Net Income Including Noncontrolling Interests": NaN,
        "Net Income Continuous Operations": NaN,
        "Tax Provision": NaN,
        "Pretax Income": NaN,
        "Other Income Expense": NaN,
        "Other Non Operating Income Expenses": NaN,
        "Net Non Operating Interest Income Expense": NaN,
        "Total Other Finance Cost": 261000.0,
        "Interest Expense Non Operating": 261000.0,
        "Operating Income": NaN,
        "Operating Expense": NaN,
        "Selling General And Administration": NaN,
        "Gross Profit": NaN,
        "Cost Of Revenue": NaN,
        "Total Revenue": NaN,
        "Operating Revenue": NaN
    },
    "2022-06-30": {
        "Tax Effect Of Unusual Items": 0.0,
        "Tax Rate For Calcs": 0.198,
        "Normalized EBITDA": 51692000.0,
        "Net Income From Continuing Operation Net Minority Interest": 39113000.0,
        "Reconciled Depreciation": 2732000.0,
        "Reconciled Cost Of Revenue": 131651000.0,
        "EBITDA": 51692000.0,
        "EBIT": 48960000.0,
        "Net Interest Income": -164000.0,
        "Interest Expense": 164000.0,
        "Normalized Income": 39113000.0,
        "Net Income From Continuing And Discontinued Operation": 39113000.0,
        "Total Expenses": 404369000.0,
        "Total Operating Income As Reported": 48964000.0,
        "Diluted Average Shares": 11435000.0,
        "Basic Average Shares": 11354000.0,
        "Diluted EPS": 3.42,
        "Basic EPS": 3.44,
        "Diluted NI Availto Com Stockholders": 39113000.0,
        "Net Income Common Stockholders": 39113000.0,
        "Net Income": 39113000.0,
        "Net Income Including Noncontrolling Interests": 39113000.0,
        "Net Income Continuous Operations": 39113000.0,
        "Tax Provision": 9683000.0,
        "Pretax Income": 48796000.0,
        "Other Income Expense": -4000.0,
        "Other Non Operating Income Expenses": -4000.0,
        "Net Non Operating Interest Income Expense": -164000.0,
        "Total Other Finance Cost": NaN,
        "Interest Expense Non Operating": 164000.0,
        "Operating Income": 48964000.0,
        "Operating Expense": 272718000.0,
        "Selling General And Administration": 272718000.0,
        "Gross Profit": 321682000.0,
        "Cost Of Revenue": 131651000.0,
        "Total Revenue": 453333000.0,
        "Operating Revenue": 453333000.0
    },
    "2022-03-31": {
        "Diluted EPS": 3.59,
        "Total Revenue": 418,
        "Gross Profit": 302,
        "Operating Income": 55,
        "EBIT": 58,
        "Net Income": 42
    },
    "2021-12-31": {
        "Diluted EPS": 2.91,
        "Total Revenue": 378,
        "Gross Profit": 278,
        "Operating Income": 47,
        "EBIT": 50,
        "Net Income": 34
    },
    "2021-09-30": {
        "Diluted EPS": 3.56,
        "Total Revenue": 413,
        "Gross Profit": 307,
        "Operating Income": 55,
        "EBIT": 57,
        "Net Income": 42
    },
    "2021-06-30": {
        "Diluted EPS": 3.96,
        "Total Revenue": 394,
        "Gross Profit": 294,
        "Operating Income": 61,
        "EBIT": 63,
        "Net Income": 47
    },
    "2021-03-31": {
        "Diluted EPS": 3.46,
        "Total Revenue": 341,
        "Gross Profit": 249,
        "Operating Income": 53,
        "EBIT": 54,
        "Net Income": 41
    },
    "2020-12-31": {
        "Diluted EPS": 2.35,
        "Total Revenue": 265,
        "Gross Profit": 199,
        "Operating Income": 38,
        "EBIT": 37,
        "Net Income": 28
    },
    "2020-09-30": {
        "Diluted EPS": 2.91,
        "Total Revenue": 271,
        "Gross Profit": 204,
        "Operating Income": 45,
        "EBIT": 46,
        "Net Income": 34
    },
    "2020-06-30": {
        "Diluted EPS": 1.86,
        "Total Revenue": 220,
        "Gross Profit": 159,
        "Operating Income": 28,
        "EBIT": 30,
        "Net Income": 22
    },
    "2020-03-31": {
        "Diluted EPS": 1.56,
        "Total Revenue": 178,
        "Gross Profit": 135,
        "Operating Income": 24,
        "EBIT": 25,
        "Net Income": 18
    },
    "2019-12-31": {
        "Diluted EPS": 1.66,
        "Total Revenue": 171,
        "Gross Profit": 128,
        "Operating Income": 19,
        "EBIT": 18,
        "Net Income": 20
    },
    "2019-09-30": {
        "Diluted EPS": 1.32,
        "Total Revenue": 190,
        "Gross Profit": 143,
        "Operating Income": 20,
        "EBIT": 22,
        "Net Income": 16
    },
    "2019-06-30": {
        "Diluted EPS": 1.75,
        "Total Revenue": 187,
        "Gross Profit": 141,
        "Operating Income": 27,
        "EBIT": 29,
        "Net Income": 21
    },
    "2019-03-31": {
        "Diluted EPS": 1.7,
        "Total Revenue": 166,
        "Gross Profit": 125,
        "Operating Income": 25,
        "EBIT": 26,
        "Net Income": 21
    },
    "2018-12-31": {
        "Diluted EPS": 1.31,
        "Total Revenue": 146,
        "Gross Profit": 109,
        "Operating Income": 20,
        "EBIT": 21,
        "Net Income": 16
    },
    "2018-09-30": {
        "Diluted EPS": 1.14,
        "Total Revenue": 139,
        "Gross Profit": 107,
        "Operating Income": 17,
        "EBIT": 18,
        "Net Income": 14
    },
    "2018-06-30": {
        "Diluted EPS": 1.16,
        "Total Revenue": 117,
        "Gross Profit": 89,
        "Operating Income": 17,
        "EBIT": 18,
        "Net Income": 14
    },
    "2018-03-31": {
        "Diluted EPS": 1.01,
        "Total Revenue": 99,
        "Gross Profit": 75,
        "Operating Income": 15,
        "EBIT": 16,
        "Net Income": 12
    },
    "2017-12-31": {
        "Diluted EPS": 0.6,
        "Total Revenue": 78,
        "Gross Profit": 59,
        "Operating Income": 9,
        "EBIT": 11,
        "Net Income": 7
    },
    "2017-09-30": {
        "Diluted EPS": 0.55,
        "Total Revenue": 77,
        "Gross Profit": 58,
        "Operating Income": 10,
        "EBIT": 11,
        "Net Income": 7
    },
    "2017-06-30": {
        "Diluted EPS": 0.63,
        "Total Revenue": 76,
        "Gross Profit": 58,
        "Operating Income": 11,
        "EBIT": 13,
        "Net Income": 8
    },
    "2017-03-31": {
        "Diluted EPS": 0.51,
        "Total Revenue": 71,
        "Gross Profit": 53,
        "Operating Income": 9,
        "EBIT": 10,
        "Net Income": 6
    },
    "2016-12-31": {
        "Diluted EPS": 0.33,
        "Total Revenue": 62,
        "Gross Profit": 47,
        "Operating Income": 7,
        "EBIT": 8,
        "Net Income": 4
    },
    "2016-09-30": {
        "Diluted EPS": 0.51,
        "Total Revenue": 69,
        "Gross Profit": 52,
        "Operating Income": 9,
        "EBIT": 10,
        "Net Income": 6
    },
    "2016-06-30": {
        "Diluted EPS": 0.29,
        "Total Revenue": 71,
        "Gross Profit": 53,
        "Operating Income": 5,
        "EBIT": 6,
        "Net Income": 3
    },
    "2016-03-31": {
        "Diluted EPS": 0.36,
        "Total Revenue": 72,
        "Gross Profit": 53,
        "Operating Income": 6,
        "EBIT": 8,
        "Net Income": 4
    },
    "2015-12-31": {
        "Diluted EPS": 0.33,
        "Total Revenue": 61,
        "Gross Profit": 45,
        "Operating Income": 6,
        "EBIT": 7,
        "Net Income": 4
    },
    "2015-09-30": {
        "Diluted EPS": 0.46,
        "Total Revenue": 66,
        "Gross Profit": 49,
        "Operating Income": 8,
        "EBIT": 10,
        "Net Income": 6
    },
    "2015-06-30": {
        "Diluted EPS": 0.51,
        "Total Revenue": 72,
        "Gross Profit": 53,
        "Operating Income": 9,
        "EBIT": 10,
        "Net Income": 6
    },
    "2015-03-31": {
        "Diluted EPS": 0.36,
        "Total Revenue": 73,
        "Gross Profit": 54,
        "Operating Income": 7,
        "EBIT": 8,
        "Net Income": 4
    },
    "2014-12-31": {
        "Diluted EPS": -0.25,
        "Total Revenue": 62,
        "Gross Profit": 45,
        "Operating Income": 4,
        "EBIT": 6,
        "Net Income": -3
    },
    "2014-09-30": {
        "Diluted EPS": 0.39,
        "Total Revenue": 69,
        "Gross Profit": 51,
        "Operating Income": 7,
        "EBIT": 8,
        "Net Income": 5
    },
    "2014-06-30": {
        "Diluted EPS": 0.44,
        "Total Revenue": 75,
        "Gross Profit": 56,
        "Operating Income": 10,
        "EBIT": 12,
        "Net Income": 6
    },
    "2014-03-31": {
        "Diluted EPS": 0.45,
        "Total Revenue": 79,
        "Gross Profit": 58,
        "Operating Income": 10,
        "EBIT": 12,
        "Net Income": 6
    },
    "2013-12-31": {
        "Diluted EPS": 0.38,
        "Total Revenue": 44,
        "Gross Profit": 30,
        "Operating Income": 12,
        "EBIT": 12,
        "Net Income": 5
    },
    "2013-09-30": {
        "Diluted EPS": 0.41,
        "Total Revenue": 86,
        "Gross Profit": 65,
        "Operating Income": 7,
        "EBIT": 10,
        "Net Income": 6
    },
    "2013-06-30": {
        "Diluted EPS": 0.51,
        "Total Revenue": 97,
        "Gross Profit": 73,
        "Operating Income": 11,
        "EBIT": 13,
        "Net Income": 7
    },
    "2013-03-31": {
        "Diluted EPS": 0.43,
        "Total Revenue": 96,
        "Gross Profit": 72,
        "Operating Income": 9,
        "EBIT": 11,
        "Net Income": 6
    },
    "2012-12-31": {
        "Diluted EPS": 0.15,
        "Total Revenue": 45,
        "Gross Profit": 31,
        "Operating Income": 7,
        "EBIT": 8,
        "Net Income": 2
    },
    "2012-09-30": {
        "Diluted EPS": 0.52,
        "Total Revenue": 91,
        "Gross Profit": 68,
        "Operating Income": 9,
        "EBIT": 12,
        "Net Income": 7
    },
    "2012-06-30": {
        "Diluted EPS": 0.2,
        "Total Revenue": 94,
        "Gross Profit": 70,
        "Operating Income": 5,
        "EBIT": 7,
        "Net Income": 3
    },
    "2012-03-31": {
        "Diluted EPS": 0.29,
        "Total Revenue": 89,
        "Gross Profit": 67,
        "Operating Income": 6,
        "EBIT": 9,
        "Net Income": 4
    },
    "2011-12-31": {
        "Diluted EPS": 0.1,
        "Total Revenue": 70,
        "Gross Profit": 52,
        "Operating Income": 2,
        "EBIT": 4,
        "Net Income": 1
    },
    "2011-09-30": {
        "Diluted EPS": 0.36,
        "Total Revenue": 76,
        "Gross Profit": 56,
        "Operating Income": 7,
        "EBIT": 9,
        "Net Income": 5
    },
    "2011-06-30": {
        "Diluted EPS": 0.41,
        "Total Revenue": 78,
        "Gross Profit": 59,
        "Operating Income": 9,
        "EBIT": 11,
        "Net Income": 6
    },
    "2011-03-31": {
        "Diluted EPS": 0.44,
        "Total Revenue": 74,
        "Gross Profit": 57,
        "Operating Income": 10,
        "EBIT": 12,
        "Net Income": 6
    },
    "2010-12-31": {
        "Diluted EPS": 0.25,
        "Total Revenue": 63,
        "Gross Profit": 47,
        "Operating Income": 5,
        "EBIT": 7,
        "Net Income": 3
    },
    "2010-09-30": {
        "Diluted EPS": 0.39,
        "Total Revenue": 67,
        "Gross Profit": 50,
        "Operating Income": 9,
        "EBIT": 11,
        "Net Income": 6
    },
    "2010-06-30": {
        "Diluted EPS": 0.38,
        "Total Revenue": 67,
        "Gross Profit": 49,
        "Operating Income": 9,
        "EBIT": 11,
        "Net Income": 6
    },
    "2010-03-31": {
        "Diluted EPS": 0.33,
        "Total Revenue": 61,
        "Gross Profit": 46,
        "Operating Income": 8,
        "EBIT": 10,
        "Net Income": 5
    },
    "2009-12-31": {
        "Diluted EPS": 0.17,
        "Total Revenue": 47,
        "Gross Profit": 34,
        "Operating Income": 4,
        "EBIT": 6,
        "Net Income": 2
    },
    "2009-09-30": {
        "Diluted EPS": 0.23,
        "Total Revenue": 46,
        "Gross Profit": 34,
        "Operating Income": 6,
        "EBIT": 7,
        "Net Income": 3
    },
    "2009-06-30": {
        "Diluted EPS": 0.2,
        "Total Revenue": 42,
        "Gross Profit": 31,
        "Operating Income": 5,
        "EBIT": 6,
        "Net Income": 3
    },
    "2009-03-31": {
        "Diluted EPS": 0.17,
        "Total Revenue": 35,
        "Gross Profit": 26,
        "Operating Income": 4,
        "EBIT": 5,
        "Net Income": 2
    },
    "2023-06-30": {
        "Tax Effect Of Unusual Items": 0.0,
        "Tax Rate For Calcs": 0.226,
        "Normalized EBITDA": 42074000.0,
        "Net Income From Continuing Operation Net Minority Interest": 30280000.0,
        "Reconciled Depreciation": 3368000.0,
        "Reconciled Cost Of Revenue": 85473000.0,
        "EBITDA": 42074000.0,
        "EBIT": 38706000.0,
        "Net Interest Income": 462000.0,
        "Interest Expense": NaN,
        "Interest Income": 462000.0,
        "Normalized Income": 30280000.0,
        "Net Income From Continuing And Discontinued Operation": 30280000.0,
        "Total Expenses": 257482000.0,
        "Total Operating Income As Reported": 38706000.0,
        "Diluted Average Shares": 10917000.0,
        "Basic Average Shares": 10888000.0,
        "Diluted EPS": 2.77,
        "Basic EPS": 2.78,
        "Diluted NI Availto Com Stockholders": 30280000.0,
        "Net Income Common Stockholders": 30280000.0,
        "Net Income": 30280000.0,
        "Net Income Including Noncontrolling Interests": 30280000.0,
        "Net Income Continuous Operations": 30280000.0,
        "Tax Provision": 8837000.0,
        "Pretax Income": 39117000.0,
        "Other Income Expense": -51000.0,
        "Other Non Operating Income Expenses": -51000.0,
        "Net Non Operating Interest Income Expense": 462000.0,
        "Total Other Finance Cost": -462000.0,
        "Interest Expense Non Operating": NaN,
        "Interest Income Non Operating": 462000.0,
        "Operating Income": 38706000.0,
        "Operating Expense": 172009000.0,
        "Selling General And Administration": 172009000.0,
        "Gross Profit": 210715000.0,
        "Cost Of Revenue": 85473000.0,
        "Total Revenue": 296188000.0,
        "Operating Revenue": 296188000.0
    },
    "2023-09-30": {
        "Tax Effect Of Unusual Items": 0.0,
        "Tax Rate For Calcs": 0.129,
        "Normalized EBITDA": 28921000.0,
        "Net Income From Continuing Operation Net Minority Interest": 23131000.0,
        "Reconciled Depreciation": 3412000.0,
        "Reconciled Cost Of Revenue": 58492000.0,
        "EBITDA": 28921000.0,
        "EBIT": 25509000.0,
        "Net Interest Income": 1033000.0,
        "Interest Expense": NaN,
        "Interest Income": NaN,
        "Normalized Income": 23131000.0,
        "Net Income From Continuing And Discontinued Operation": 23131000.0,
        "Total Expenses": 210360000.0,
        "Total Operating Income As Reported": 25509000.0,
        "Diluted Average Shares": 10933000.0,
        "Basic Average Shares": 10892000.0,
        "Diluted EPS": 2.12,
        "Basic EPS": 2.12,
        "Diluted NI Availto Com Stockholders": 23131000.0,
        "Net Income Common Stockholders": 23131000.0,
        "Net Income": 23131000.0,
        "Net Income Including Noncontrolling Interests": 23131000.0,
        "Net Income Continuous Operations": 23131000.0,
        "Tax Provision": 3418000.0,
        "Pretax Income": 26549000.0,
        "Other Income Expense": 7000.0,
        "Other Non Operating Income Expenses": 7000.0,
        "Net Non Operating Interest Income Expense": 1033000.0,
        "Total Other Finance Cost": -1033000.0,
        "Interest Expense Non Operating": NaN,
        "Interest Income Non Operating": NaN,
        "Operating Income": 25509000.0,
        "Operating Expense": 151868000.0,
        "Selling General And Administration": 151868000.0,
        "Gross Profit": 177377000.0,
        "Cost Of Revenue": 58492000.0,
        "Total Revenue": 235869000.0,
        "Operating Revenue": 235869000.0
    },
    "2023-12-31": {
        "Tax Effect Of Unusual Items": 0.0,
        "Tax Rate For Calcs": 0.384309,
        "Normalized EBITDA": 12029000.0,
        "Net Income From Continuing Operation Net Minority Interest": 6035000.0,
        "Reconciled Depreciation": 3353000.0,
        "Reconciled Cost Of Revenue": 49646000.0,
        "EBITDA": 12029000.0,
        "EBIT": 8676000.0,
        "Net Interest Income": 1176000.0,
        "Interest Expense": NaN,
        "Interest Income": NaN,
        "Normalized Income": 6035000.0,
        "Net Income From Continuing And Discontinued Operation": 6035000.0,
        "Total Expenses": 182339000.0,
        "Total Operating Income As Reported": 8676000.0,
        "Diluted Average Shares": 10935000.0,
        "Basic Average Shares": 10893000.0,
        "Diluted EPS": 0.5,
        "Basic EPS": 0.5,
        "Diluted NI Availto Com Stockholders": 6035000.0,
        "Net Income Common Stockholders": 6035000.0,
        "Net Income": 6035000.0,
        "Net Income Including Noncontrolling Interests": 6035000.0,
        "Net Income Continuous Operations": 6035000.0,
        "Tax Provision": 3767000.0,
        "Pretax Income": 9802000.0,
        "Other Income Expense": -50000.0,
        "Other Non Operating Income Expenses": -50000.0,
        "Net Non Operating Interest Income Expense": 1176000.0,
        "Total Other Finance Cost": NaN,
        "Interest Expense Non Operating": NaN,
        "Interest Income Non Operating": NaN,
        "Operating Income": 8676000.0,
        "Operating Expense": 132693000.0,
        "Selling General And Administration": 132693000.0,
        "Gross Profit": 141369000.0,
        "Cost Of Revenue": 49646000.0,
        "Total Revenue": 191015000.0,
        "Operating Revenue": 191015000.0
    },
    "2024-03-31": {
        "Tax Effect Of Unusual Items": 0.0,
        "Tax Rate For Calcs": 0.282,
        "Normalized EBITDA": 11201000.0,
        "Net Income From Continuing Operation Net Minority Interest": 8316000.0,
        "Reconciled Depreciation": 3261000.0,
        "Reconciled Cost Of Revenue": 47447000.0,
        "EBITDA": 11201000.0,
        "EBIT": 7940000.0,
        "Net Interest Income": 1223000.0,
        "Interest Expense": NaN,
        "Interest Income": NaN,
        "Normalized Income": 8316000.0,
        "Net Income From Continuing And Discontinued Operation": 8316000.0,
        "Total Expenses": 166799000.0,
        "Total Operating Income As Reported": 7940000.0,
        "Diluted Average Shares": 10958000.0,
        "Basic Average Shares": 10909000.0,
        "Diluted EPS": 0.76,
        "Basic EPS": 0.76,
        "Diluted NI Availto Com Stockholders": 8316000.0,
        "Net Income Common Stockholders": 8316000.0,
        "Net Income": 8316000.0,
        "Net Income Including Noncontrolling Interests": 8316000.0,
        "Net Income Continuous Operations": 8316000.0,
        "Tax Provision": 3269000.0,
        "Pretax Income": 11585000.0,
        "Other Income Expense": 2422000.0,
        "Other Non Operating Income Expenses": 2422000.0,
        "Net Non Operating Interest Income Expense": 1223000.0,
        "Total Other Finance Cost": -1223000.0,
        "Interest Expense Non Operating": NaN,
        "Interest Income Non Operating": NaN,
        "Operating Income": 7940000.0,
        "Operating Expense": 119352000.0,
        "Selling General And Administration": 119352000.0,
        "Gross Profit": 127292000.0,
        "Cost Of Revenue": 47447000.0,
        "Total Revenue": 174739000.0,
        "Operating Revenue": 174739000.0
    },
    "2024-06-30": {
        "Tax Effect Of Unusual Items": 0.0,
        "Tax Rate For Calcs": 0.234,
        "Normalized EBITDA": -4809000.0,
        "Net Income From Continuing Operation Net Minority Interest": -8154000.0,
        "Reconciled Depreciation": 3067000.0,
        "Reconciled Cost Of Revenue": 45120000.0,
        "EBITDA": -4809000.0,
        "EBIT": -7876000.0,
        "Net Interest Income": 1296000.0,
        "Interest Expense": NaN,
        "Interest Income": 1296000.0,
        "Normalized Income": -8154000.0,
        "Net Income From Continuing And Discontinued Operation": -8154000.0,
        "Total Expenses": 176434000.0,
        "Total Operating Income As Reported": -7876000.0,
        "Diluted Average Shares": 10937000.0,
        "Basic Average Shares": 10937000.0,
        "Diluted EPS": -0.75,
        "Basic EPS": -0.75,
        "Diluted NI Availto Com Stockholders": -8154000.0,
        "Net Income Common Stockholders": -8154000.0,
        "Net Income": -8154000.0,
        "Net Income Including Noncontrolling Interests": -8154000.0,
        "Net Income Continuous Operations": -8154000.0,
        "Tax Provision": -2496000.0,
        "Pretax Income": -10650000.0,
        "Other Income Expense": -4070000.0,
        "Other Non Operating Income Expenses": -4070000.0,
        "Net Non Operating Interest Income Expense": 1296000.0,
        "Total Other Finance Cost": NaN,
        "Interest Expense Non Operating": NaN,
        "Interest Income Non Operating": 1296000.0,
        "Operating Income": -7876000.0,
        "Operating Expense": 131314000.0,
        "Selling General And Administration": 131314000.0,
        "Gross Profit": 123438000.0,
        "Cost Of Revenue": 45120000.0,
        "Total Revenue": 168558000.0,
        "Operating Revenue": 168558000.0
    }
}