{
    "2023-06-30": {
        "Tax Effect Of Unusual Items": 0.0,
        "Tax Rate For Calcs": 0.194,
        "Normalized EBITDA": 84913000.0,
        "Net Income From Continuing Operation Net Minority Interest": 61068000.0,
        "Reconciled Depreciation": 6520000.0,
        "Reconciled Cost Of Revenue": 336551000.0,
        "EBITDA": 84913000.0,
        "EBIT": 78393000.0,
        "Net Interest Income": -1366000.0,
        "Interest Expense": 1366000.0,
        "Normalized Income": 61068000.0,
        "Net Income From Continuing And Discontinued Operation": 61068000.0,
        "Total Expenses": 382475000.0,
        "Total Operating Income As Reported": 78393000.0,
        "Diluted Average Shares": 31575000.0,
        "Basic Average Shares": 30537000.0,
        "Diluted EPS": 1.93,
        "Basic EPS": 2.0,
        "Diluted NI Availto Com Stockholders": 61027000.0,
        "Net Income Common Stockholders": 61027000.0,
        "Otherunder Preferred Stock Dividend": 41000.0,
        "Net Income": 61068000.0,
        "Net Income Including Noncontrolling Interests": 61068000.0,
        "Net Income Continuous Operations": 61068000.0,
        "Tax Provision": 14676000.0,
        "Pretax Income": 75744000.0,
        "Other Income Expense": -1283000.0,
        "Other Non Operating Income Expenses": -1283000.0,
        "Net Non Operating Interest Income Expense": -1366000.0,
        "Total Other Finance Cost": 1366000.0,
        "Interest Expense Non Operating": 1366000.0,
        "Operating Income": 78393000.0,
        "Operating Expense": 45924000.0,
        "Depreciation Amortization Depletion Income Statement": 6520000.0,
        "Depreciation And Amortization In Income Statement": 6520000.0,
        "Amortization": 550000.0,
        "Amortization Of Intangibles Income Statement": 550000.0,
        "Depreciation Income Statement": 5970000.0,
        "Selling General And Administration": 39404000.0,
        "Gross Profit": 124317000.0,
        "Cost Of Revenue": 336551000.0,
        "Total Revenue": 460868000.0,
        "Operating Revenue": 460868000.0
    },
    "2023-03-31": {
        "Tax Effect Of Unusual Items": NaN,
        "Tax Rate For Calcs": NaN,
        "Normalized EBITDA": NaN,
        "Net Income From Continuing Operation Net Minority Interest": NaN,
        "Reconciled Depreciation": NaN,
        "Reconciled Cost Of Revenue": NaN,
        "EBITDA": NaN,
        "EBIT": NaN,
        "Net Interest Income": NaN,
        "Interest Expense": NaN,
        "Normalized Income": NaN,
        "Net Income From Continuing And Discontinued Operation": NaN,
        "Total Expenses": NaN,
        "Total Operating Income As Reported": NaN,
        "Diluted Average Shares": NaN,
        "Basic Average Shares": NaN,
        "Diluted EPS": NaN,
        "Basic EPS": NaN,
        "Diluted NI Availto Com Stockholders": NaN,
        "Net Income Common Stockholders": NaN,
        "Otherunder Preferred Stock Dividend": NaN,
        "Net Income": NaN,
        "Net Income Including Noncontrolling Interests": NaN,
        "Net Income Continuous Operations": NaN,
        "Tax Provision": NaN,
        "Pretax Income": NaN,
        "Other Income Expense": NaN,
        "Other Non Operating Income Expenses": NaN,
        "Net Non Operating Interest Income Expense": NaN,
        "Total Other Finance Cost": 861000.0,
        "Interest Expense Non Operating": NaN,
        "Operating Income": NaN,
        "Operating Expense": NaN,
        "Depreciation Amortization Depletion Income Statement": NaN,
        "Depreciation And Amortization In Income Statement": NaN,
        "Amortization": NaN,
        "Amortization Of Intangibles Income Statement": NaN,
        "Depreciation Income Statement": NaN,
        "Selling General And Administration": NaN,
        "Gross Profit": NaN,
        "Cost Of Revenue": NaN,
        "Total Revenue": NaN,
        "Operating Revenue": NaN
    },
    "2022-12-31": {
        "Tax Effect Of Unusual Items": 0.0,
        "Tax Rate For Calcs": 0.067554,
        "Normalized EBITDA": 73303000.0,
        "Net Income From Continuing Operation Net Minority Interest": 68670000.0,
        "Reconciled Depreciation": 5899000.0,
        "Reconciled Cost Of Revenue": 278367000.0,
        "EBITDA": 73303000.0,
        "EBIT": 67404000.0,
        "Net Interest Income": -827000.0,
        "Interest Expense": NaN,
        "Normalized Income": 68670000.0,
        "Net Income From Continuing And Discontinued Operation": 68670000.0,
        "Total Expenses": 317667000.0,
        "Total Operating Income As Reported": 76431000.0,
        "Diluted Average Shares": 32423000.0,
        "Basic Average Shares": 31192000.0,
        "Diluted EPS": 2.12,
        "Basic EPS": 2.2,
        "Diluted NI Availto Com Stockholders": 68625000.0,
        "Net Income Common Stockholders": 68625000.0,
        "Otherunder Preferred Stock Dividend": 45000.0,
        "Net Income": 68670000.0,
        "Net Income Including Noncontrolling Interests": 68670000.0,
        "Net Income Continuous Operations": 68670000.0,
        "Tax Provision": 4975000.0,
        "Pretax Income": 73645000.0,
        "Other Income Expense": -1959000.0,
        "Other Non Operating Income Expenses": -5818000.0,
        "Net Non Operating Interest Income Expense": -827000.0,
        "Total Other Finance Cost": NaN,
        "Interest Expense Non Operating": NaN,
        "Operating Income": 76431000.0,
        "Operating Expense": 39300000.0,
        "Depreciation Amortization Depletion Income Statement": 5899000.0,
        "Depreciation And Amortization In Income Statement": 5899000.0,
        "Amortization": 838000.0,
        "Amortization Of Intangibles Income Statement": 838000.0,
        "Depreciation Income Statement": 5061000.0,
        "Selling General And Administration": 33401000.0,
        "Gross Profit": 115731000.0,
        "Cost Of Revenue": 278367000.0,
        "Total Revenue": 394098000.0,
        "Operating Revenue": 394098000.0
    },
    "2022-09-30": {
        "Tax Effect Of Unusual Items": NaN,
        "Tax Rate For Calcs": NaN,
        "Normalized EBITDA": NaN,
        "Net Income From Continuing Operation Net Minority Interest": NaN,
        "Reconciled Depreciation": NaN,
        "Reconciled Cost Of Revenue": NaN,
        "EBITDA": NaN,
        "EBIT": NaN,
        "Net Interest Income": NaN,
        "Interest Expense": 1584000.0,
        "Normalized Income": NaN,
        "Net Income From Continuing And Discontinued Operation": NaN,
        "Total Expenses": NaN,
        "Total Operating Income As Reported": NaN,
        "Diluted Average Shares": NaN,
        "Basic Average Shares": NaN,
        "Diluted EPS": NaN,
        "Basic EPS": NaN,
        "Diluted NI Availto Com Stockholders": NaN,
        "Net Income Common Stockholders": NaN,
        "Otherunder Preferred Stock Dividend": NaN,
        "Net Income": NaN,
        "Net Income Including Noncontrolling Interests": NaN,
        "Net Income Continuous Operations": NaN,
        "Tax Provision": NaN,
        "Pretax Income": NaN,
        "Other Income Expense": NaN,
        "Other Non Operating Income Expenses": NaN,
        "Net Non Operating Interest Income Expense": NaN,
        "Total Other Finance Cost": NaN,
        "Interest Expense Non Operating": 1584000.0,
        "Operating Income": NaN,
        "Operating Expense": NaN,
        "Depreciation Amortization Depletion Income Statement": NaN,
        "Depreciation And Amortization In Income Statement": NaN,
        "Amortization": NaN,
        "Amortization Of Intangibles Income Statement": NaN,
        "Depreciation Income Statement": NaN,
        "Selling General And Administration": NaN,
        "Gross Profit": NaN,
        "Cost Of Revenue": NaN,
        "Total Revenue": NaN,
        "Operating Revenue": NaN
    },
    "2022-06-30": {
        "Tax Effect Of Unusual Items": 0.0,
        "Tax Rate For Calcs": 0.203858,
        "Normalized EBITDA": 68092000.0,
        "Net Income From Continuing Operation Net Minority Interest": 49360000.0,
        "Reconciled Depreciation": 5545000.0,
        "Reconciled Cost Of Revenue": 252211000.0,
        "EBITDA": 68092000.0,
        "EBIT": 62547000.0,
        "Net Interest Income": -548000.0,
        "Interest Expense": 548000.0,
        "Normalized Income": 49360000.0,
        "Net Income From Continuing And Discontinued Operation": 49360000.0,
        "Total Expenses": 290971000.0,
        "Total Operating Income As Reported": 60236000.0,
        "Diluted Average Shares": 33695000.0,
        "Basic Average Shares": 32493000.0,
        "Diluted EPS": 1.46,
        "Basic EPS": 1.52,
        "Diluted NI Availto Com Stockholders": 49360000.0,
        "Net Income Common Stockholders": 49360000.0,
        "Otherunder Preferred Stock Dividend": 31000.0,
        "Net Income": 49360000.0,
        "Net Income Including Noncontrolling Interests": 49360000.0,
        "Net Income Continuous Operations": 49360000.0,
        "Tax Provision": 12639000.0,
        "Pretax Income": 61999000.0,
        "Other Income Expense": 2311000.0,
        "Other Non Operating Income Expenses": 2311000.0,
        "Net Non Operating Interest Income Expense": -548000.0,
        "Total Other Finance Cost": NaN,
        "Interest Expense Non Operating": 548000.0,
        "Operating Income": 60236000.0,
        "Operating Expense": 38760000.0,
        "Depreciation Amortization Depletion Income Statement": 5545000.0,
        "Depreciation And Amortization In Income Statement": 5545000.0,
        "Amortization": 838000.0,
        "Amortization Of Intangibles Income Statement": 838000.0,
        "Depreciation Income Statement": 4707000.0,
        "Selling General And Administration": 33215000.0,
        "Gross Profit": 98996000.0,
        "Cost Of Revenue": 252211000.0,
        "Total Revenue": 351207000.0,
        "Operating Revenue": 351207000.0
    },
    "2022-03-31": {
        "Diluted EPS": 1.69,
        "Total Revenue": 331,
        "Gross Profit": 206,
        "Operating Income": 64,
        "EBIT": 69,
        "Net Income": 61
    },
    "2021-12-31": {
        "Diluted EPS": 1.32,
        "Total Revenue": 309,
        "Gross Profit": 190,
        "Operating Income": 55,
        "EBIT": 60,
        "Net Income": 50
    },
    "2021-09-30": {
        "Diluted EPS": 1.29,
        "Total Revenue": 296,
        "Gross Profit": 183,
        "Operating Income": 54,
        "EBIT": 59,
        "Net Income": 49
    },
    "2021-06-30": {
        "Diluted EPS": 1.06,
        "Total Revenue": 278,
        "Gross Profit": 170,
        "Operating Income": 42,
        "EBIT": 48,
        "Net Income": 40
    },
    "2021-03-31": {
        "Diluted EPS": 1.14,
        "Total Revenue": 260,
        "Gross Profit": 159,
        "Operating Income": 48,
        "EBIT": 53,
        "Net Income": 43
    },
    "2020-12-31": {
        "Diluted EPS": 1.35,
        "Total Revenue": 260,
        "Gross Profit": 168,
        "Operating Income": 55,
        "EBIT": 60,
        "Net Income": 50
    },
    "2020-09-30": {
        "Diluted EPS": 1.09,
        "Total Revenue": 230,
        "Gross Profit": 143,
        "Operating Income": 46,
        "EBIT": 51,
        "Net Income": 41
    },
    "2020-06-30": {
        "Diluted EPS": 0.64,
        "Total Revenue": 205,
        "Gross Profit": 118,
        "Operating Income": 30,
        "EBIT": 35,
        "Net Income": 24
    },
    "2020-03-31": {
        "Diluted EPS": 0.76,
        "Total Revenue": 231,
        "Gross Profit": 142,
        "Operating Income": 36,
        "EBIT": 40,
        "Net Income": 29
    },
    "2019-12-31": {
        "Diluted EPS": 0.8,
        "Total Revenue": 230,
        "Gross Profit": 144,
        "Operating Income": 36,
        "EBIT": 41,
        "Net Income": 30
    },
    "2019-09-30": {
        "Diluted EPS": 0.63,
        "Total Revenue": 216,
        "Gross Profit": 135,
        "Operating Income": 30,
        "EBIT": 35,
        "Net Income": 24
    },
    "2019-06-30": {
        "Diluted EPS": 0.73,
        "Total Revenue": 214,
        "Gross Profit": 135,
        "Operating Income": 35,
        "EBIT": 41,
        "Net Income": 27
    },
    "2019-03-31": {
        "Diluted EPS": 0.51,
        "Total Revenue": 201,
        "Gross Profit": 126,
        "Operating Income": 26,
        "EBIT": 34,
        "Net Income": 19
    },
    "2018-12-31": {
        "Diluted EPS": 0.6,
        "Total Revenue": 192,
        "Gross Profit": 124,
        "Operating Income": 31,
        "EBIT": 40,
        "Net Income": 22
    },
    "2018-09-30": {
        "Diluted EPS": 0.52,
        "Total Revenue": 179,
        "Gross Profit": 117,
        "Operating Income": 27,
        "EBIT": 30,
        "Net Income": 19
    },
    "2018-06-30": {
        "Diluted EPS": 0.45,
        "Total Revenue": 170,
        "Gross Profit": 109,
        "Operating Income": 23,
        "EBIT": 33,
        "Net Income": 17
    },
    "2018-03-31": {
        "Diluted EPS": 0.4,
        "Total Revenue": 163,
        "Gross Profit": 103,
        "Operating Income": 20,
        "EBIT": 30,
        "Net Income": 15
    },
    "2017-12-31": {
        "Diluted EPS": 0.3,
        "Total Revenue": 113,
        "Gross Profit": 57,
        "Operating Income": 15,
        "EBIT": 18,
        "Net Income": 11
    },
    "2017-09-30": {
        "Diluted EPS": 0.25,
        "Total Revenue": 111,
        "Gross Profit": 57,
        "Operating Income": 17,
        "EBIT": 29,
        "Net Income": 10
    },
    "2017-06-30": {
        "Diluted EPS": 0.23,
        "Total Revenue": 106,
        "Gross Profit": 54,
        "Operating Income": 16,
        "EBIT": 28,
        "Net Income": 10
    },
    "2017-03-31": {
        "Diluted EPS": 0.2,
        "Total Revenue": 107,
        "Gross Profit": 56,
        "Operating Income": 16,
        "EBIT": 28,
        "Net Income": 8
    },
    "2016-12-31": {
        "Diluted EPS": -0.02,
        "Total Revenue": 108,
        "Gross Profit": 57,
        "Operating Income": 13,
        "EBIT": 28,
        "Net Income": 0
    },
    "2016-09-30": {
        "Diluted EPS": 0.13,
        "Total Revenue": 108,
        "Gross Profit": 57,
        "Operating Income": 13,
        "EBIT": 28,
        "Net Income": 5
    },
    "2016-06-30": {
        "Diluted EPS": 0.15,
        "Total Revenue": 106,
        "Gross Profit": 57,
        "Operating Income": 14,
        "EBIT": 29,
        "Net Income": 5
    },
    "2016-03-31": {
        "Diluted EPS": 0.11,
        "Total Revenue": 100,
        "Gross Profit": 53,
        "Operating Income": 13,
        "EBIT": 28,
        "Net Income": 3
    },
    "2015-12-31": {
        "Diluted EPS": 0.0,
        "Total Revenue": NaN,
        "Gross Profit": NaN,
        "Operating Income": NaN,
        "EBIT": NaN,
        "Net Income": NaN
    },
    "2015-09-30": {
        "Diluted EPS": 0.0,
        "Total Revenue": 92,
        "Gross Profit": 50,
        "Operating Income": 7,
        "EBIT": 7,
        "Net Income": 0
    },
    "2014-12-31": {
        "Diluted EPS": 0.0,
        "Total Revenue": NaN,
        "Gross Profit": NaN,
        "Operating Income": NaN,
        "EBIT": NaN,
        "Net Income": NaN
    },
    "2013-12-31": {
        "Diluted EPS": 0.0,
        "Total Revenue": NaN,
        "Gross Profit": NaN,
        "Operating Income": NaN,
        "EBIT": NaN,
        "Net Income": NaN
    },
    "2023-09-30": {
        "Tax Effect Of Unusual Items": 0.0,
        "Tax Rate For Calcs": 0.152,
        "Normalized EBITDA": 90184000.0,
        "Net Income From Continuing Operation Net Minority Interest": 70550000.0,
        "Reconciled Depreciation": 6878000.0,
        "Reconciled Cost Of Revenue": 359306000.0,
        "EBITDA": 90184000.0,
        "EBIT": 83306000.0,
        "Net Interest Income": -105000.0,
        "Interest Expense": 105000.0,
        "Normalized Income": 70550000.0,
        "Net Income From Continuing And Discontinued Operation": 70550000.0,
        "Total Expenses": 407591000.0,
        "Total Operating Income As Reported": 84908000.0,
        "Diluted Average Shares": 31762000.0,
        "Basic Average Shares": 30629000.0,
        "Diluted EPS": 2.22,
        "Basic EPS": 2.3,
        "Diluted NI Availto Com Stockholders": 70502000.0,
        "Net Income Common Stockholders": 70502000.0,
        "Otherunder Preferred Stock Dividend": 48000.0,
        "Net Income": 70550000.0,
        "Net Income Including Noncontrolling Interests": 70550000.0,
        "Net Income Continuous Operations": 70550000.0,
        "Tax Provision": 12651000.0,
        "Pretax Income": 83201000.0,
        "Other Income Expense": -1602000.0,
        "Other Non Operating Income Expenses": -1602000.0,
        "Net Non Operating Interest Income Expense": -105000.0,
        "Total Other Finance Cost": NaN,
        "Interest Expense Non Operating": 105000.0,
        "Operating Income": 84908000.0,
        "Operating Expense": 48285000.0,
        "Depreciation Amortization Depletion Income Statement": 6878000.0,
        "Depreciation And Amortization In Income Statement": 6878000.0,
        "Amortization": 549000.0,
        "Amortization Of Intangibles Income Statement": 549000.0,
        "Depreciation Income Statement": 6329000.0,
        "Selling General And Administration": 41407000.0,
        "Gross Profit": 133193000.0,
        "Cost Of Revenue": 359306000.0,
        "Total Revenue": 492499000.0,
        "Operating Revenue": 492499000.0
    },
    "2023-12-31": {
        "Tax Effect Of Unusual Items": 0.0,
        "Tax Rate For Calcs": 0.136803,
        "Normalized EBITDA": 96490000.0,
        "Net Income From Continuing Operation Net Minority Interest": 78298000.0,
        "Reconciled Depreciation": 6972000.0,
        "Reconciled Cost Of Revenue": 361595000.0,
        "EBITDA": 96490000.0,
        "EBIT": 89518000.0,
        "Net Interest Income": 1844000.0,
        "Interest Expense": NaN,
        "Normalized Income": 78298000.0,
        "Net Income From Continuing And Discontinued Operation": 78298000.0,
        "Total Expenses": 411081000.0,
        "Total Operating Income As Reported": 87320000.0,
        "Diluted Average Shares": 31825000.0,
        "Basic Average Shares": 30719000.0,
        "Diluted EPS": 2.46,
        "Basic EPS": 2.55,
        "Diluted NI Availto Com Stockholders": 78245000.0,
        "Net Income Common Stockholders": 78245000.0,
        "Otherunder Preferred Stock Dividend": 53000.0,
        "Net Income": 78298000.0,
        "Net Income Including Noncontrolling Interests": 78298000.0,
        "Net Income Continuous Operations": 78298000.0,
        "Tax Provision": 12409000.0,
        "Pretax Income": 90707000.0,
        "Other Income Expense": 1543000.0,
        "Other Non Operating Income Expenses": 3472000.0,
        "Net Non Operating Interest Income Expense": 1844000.0,
        "Total Other Finance Cost": NaN,
        "Interest Expense Non Operating": NaN,
        "Operating Income": 87320000.0,
        "Operating Expense": 49486000.0,
        "Depreciation Amortization Depletion Income Statement": 6972000.0,
        "Depreciation And Amortization In Income Statement": 6972000.0,
        "Amortization": 550000.0,
        "Amortization Of Intangibles Income Statement": 550000.0,
        "Depreciation Income Statement": 6422000.0,
        "Selling General And Administration": 42514000.0,
        "Gross Profit": 136806000.0,
        "Cost Of Revenue": 361595000.0,
        "Total Revenue": 498401000.0,
        "Operating Revenue": 498401000.0
    },
    "2024-03-31": {
        "Tax Effect Of Unusual Items": 0.0,
        "Tax Rate For Calcs": 0.09,
        "Normalized EBITDA": 111061000.0,
        "Net Income From Continuing Operation Net Minority Interest": 102591000.0,
        "Reconciled Depreciation": 6992000.0,
        "Reconciled Cost Of Revenue": 355902000.0,
        "EBITDA": 111061000.0,
        "EBIT": 104069000.0,
        "Net Interest Income": 4120000.0,
        "Interest Expense": NaN,
        "Normalized Income": 102591000.0,
        "Net Income From Continuing And Discontinued Operation": 102591000.0,
        "Total Expenses": 406975000.0,
        "Total Operating Income As Reported": 104069000.0,
        "Diluted Average Shares": 32001000.0,
        "Basic Average Shares": 30843000.0,
        "Diluted EPS": 3.2,
        "Basic EPS": 3.32,
        "Diluted NI Availto Com Stockholders": 102546000.0,
        "Net Income Common Stockholders": 102546000.0,
        "Otherunder Preferred Stock Dividend": 45000.0,
        "Net Income": 102591000.0,
        "Net Income Including Noncontrolling Interests": 102591000.0,
        "Net Income Continuous Operations": 102591000.0,
        "Tax Provision": 10191000.0,
        "Pretax Income": 112782000.0,
        "Other Income Expense": 4593000.0,
        "Other Non Operating Income Expenses": 4593000.0,
        "Net Non Operating Interest Income Expense": 4120000.0,
        "Total Other Finance Cost": -4120000.0,
        "Interest Expense Non Operating": NaN,
        "Operating Income": 104069000.0,
        "Operating Expense": 51073000.0,
        "Depreciation Amortization Depletion Income Statement": 6992000.0,
        "Depreciation And Amortization In Income Statement": 6992000.0,
        "Amortization": 361000.0,
        "Amortization Of Intangibles Income Statement": 361000.0,
        "Depreciation Income Statement": 6631000.0,
        "Selling General And Administration": 44081000.0,
        "Gross Profit": 155142000.0,
        "Cost Of Revenue": 355902000.0,
        "Total Revenue": 511044000.0,
        "Operating Revenue": 511044000.0
    },
    "2024-06-30": {
        "Tax Effect Of Unusual Items": 0.0,
        "Tax Rate For Calcs": 0.2,
        "Normalized EBITDA": 112385000.0,
        "Net Income From Continuing Operation Net Minority Interest": 88351000.0,
        "Reconciled Depreciation": 7235000.0,
        "Reconciled Cost Of Revenue": 374266000.0,
        "EBITDA": 112385000.0,
        "EBIT": 105150000.0,
        "Net Interest Income": 5465000.0,
        "Interest Expense": NaN,
        "Normalized Income": 88351000.0,
        "Net Income From Continuing And Discontinued Operation": 88351000.0,
        "Total Expenses": 422954000.0,
        "Total Operating Income As Reported": 105150000.0,
        "Diluted Average Shares": 32086000.0,
        "Basic Average Shares": 30990000.0,
        "Diluted EPS": 2.75,
        "Basic EPS": 2.85,
        "Diluted NI Availto Com Stockholders": 88351000.0,
        "Net Income Common Stockholders": 88351000.0,
        "Otherunder Preferred Stock Dividend": 0.0,
        "Net Income": 88351000.0,
        "Net Income Including Noncontrolling Interests": 88351000.0,
        "Net Income Continuous Operations": 88351000.0,
        "Tax Provision": 22131000.0,
        "Pretax Income": 110482000.0,
        "Other Income Expense": -133000.0,
        "Other Non Operating Income Expenses": -133000.0,
        "Net Non Operating Interest Income Expense": 5465000.0,
        "Total Other Finance Cost": -5465000.0,
        "Interest Expense Non Operating": NaN,
        "Operating Income": 105150000.0,
        "Operating Expense": 48688000.0,
        "Depreciation Amortization Depletion Income Statement": 7235000.0,
        "Depreciation And Amortization In Income Statement": 7235000.0,
        "Amortization": 361000.0,
        "Amortization Of Intangibles Income Statement": 361000.0,
        "Depreciation Income Statement": 6874000.0,
        "Selling General And Administration": 41453000.0,
        "Gross Profit": 153838000.0,
        "Cost Of Revenue": 374266000.0,
        "Total Revenue": 528104000.0,
        "Operating Revenue": 528104000.0
    }
}