{
    "2023-03-31": {
        "Tax Effect Of Unusual Items": 83580.0,
        "Tax Rate For Calcs": 0.21,
        "Normalized EBITDA": 837000.0,
        "Total Unusual Items": 398000.0,
        "Total Unusual Items Excluding Goodwill": 398000.0,
        "Net Income From Continuing Operation Net Minority Interest": -14719000.0,
        "Reconciled Depreciation": 13046000.0,
        "Reconciled Cost Of Revenue": 79142000.0,
        "EBITDA": 1235000.0,
        "EBIT": -11811000.0,
        "Net Interest Income": -1541000.0,
        "Interest Expense": 1541000.0,
        "Normalized Income": -15033420.0,
        "Net Income From Continuing And Discontinued Operation": -14719000.0,
        "Total Expenses": 141801000.0,
        "Total Operating Income As Reported": -9975000.0,
        "Diluted NI Availto Com Stockholders": -18819000.0,
        "Net Income Common Stockholders": -18819000.0,
        "Preferred Stock Dividends": 4100000.0,
        "Net Income": -14719000.0,
        "Net Income Including Noncontrolling Interests": -14719000.0,
        "Net Income Continuous Operations": -14719000.0,
        "Tax Provision": 1367000.0,
        "Pretax Income": -13352000.0,
        "Other Income Expense": -1438000.0,
        "Other Non Operating Income Expenses": -1836000.0,
        "Special Income Charges": 398000.0,
        "Restructuring And Mergern Acquisition": -398000.0,
        "Net Non Operating Interest Income Expense": -1541000.0,
        "Interest Expense Non Operating": 1541000.0,
        "Operating Income": -10373000.0,
        "Operating Expense": 60168000.0,
        "Depreciation Amortization Depletion Income Statement": 10555000.0,
        "Depreciation And Amortization In Income Statement": 10555000.0,
        "Selling General And Administration": 49613000.0,
        "Gross Profit": 49795000.0,
        "Cost Of Revenue": 81633000.0,
        "Total Revenue": 131428000.0,
        "Operating Revenue": 131428000.0
    },
    "2022-12-31": {
        "Tax Effect Of Unusual Items": -51450.0,
        "Tax Rate For Calcs": 0.21,
        "Normalized EBITDA": 4926000.0,
        "Total Unusual Items": -245000.0,
        "Total Unusual Items Excluding Goodwill": -245000.0,
        "Net Income From Continuing Operation Net Minority Interest": -10812000.0,
        "Reconciled Depreciation": 13906000.0,
        "Reconciled Cost Of Revenue": 88478000.0,
        "EBITDA": 4681000.0,
        "EBIT": -9225000.0,
        "Net Interest Income": -1229000.0,
        "Interest Expense": 1229000.0,
        "Normalized Income": -10618450.0,
        "Net Income From Continuing And Discontinued Operation": -10812000.0,
        "Total Expenses": 147559000.0,
        "Total Operating Income As Reported": -8290000.0,
        "Diluted NI Availto Com Stockholders": -14912000.0,
        "Net Income Common Stockholders": -14912000.0,
        "Preferred Stock Dividends": 4100000.0,
        "Net Income": -10812000.0,
        "Net Income Including Noncontrolling Interests": -10812000.0,
        "Net Income Continuous Operations": -10812000.0,
        "Tax Provision": 358000.0,
        "Pretax Income": -10454000.0,
        "Other Income Expense": -1180000.0,
        "Other Non Operating Income Expenses": -935000.0,
        "Special Income Charges": -245000.0,
        "Restructuring And Mergern Acquisition": 245000.0,
        "Net Non Operating Interest Income Expense": -1229000.0,
        "Interest Expense Non Operating": 1229000.0,
        "Operating Income": -8045000.0,
        "Operating Expense": 56726000.0,
        "Depreciation Amortization Depletion Income Statement": 11551000.0,
        "Depreciation And Amortization In Income Statement": 11551000.0,
        "Selling General And Administration": 45175000.0,
        "Gross Profit": 48681000.0,
        "Cost Of Revenue": 90833000.0,
        "Total Revenue": 139514000.0,
        "Operating Revenue": 139514000.0
    },
    "2022-09-30": {
        "Tax Effect Of Unusual Items": -2070.175439,
        "Tax Rate For Calcs": 0.035088,
        "Normalized EBITDA": 9387000.0,
        "Total Unusual Items": -59000.0,
        "Total Unusual Items Excluding Goodwill": -59000.0,
        "Net Income From Continuing Operation Net Minority Interest": -5720000.0,
        "Reconciled Depreciation": 13856000.0,
        "Reconciled Cost Of Revenue": 79882000.0,
        "EBITDA": 9328000.0,
        "EBIT": -4528000.0,
        "Net Interest Income": -1400000.0,
        "Interest Expense": 1400000.0,
        "Normalized Income": -5663070.175439,
        "Net Income From Continuing And Discontinued Operation": -5720000.0,
        "Total Expenses": 136595000.0,
        "Total Operating Income As Reported": -6342000.0,
        "Diluted Average Shares": 29691000.0,
        "Basic Average Shares": 29691000.0,
        "Diluted EPS": -0.33,
        "Basic EPS": -0.33,
        "Diluted NI Availto Com Stockholders": -9820000.0,
        "Net Income Common Stockholders": -9820000.0,
        "Preferred Stock Dividends": 4100000.0,
        "Net Income": -5720000.0,
        "Net Income Including Noncontrolling Interests": -5720000.0,
        "Net Income Continuous Operations": -5720000.0,
        "Tax Provision": -208000.0,
        "Pretax Income": -5928000.0,
        "Other Income Expense": 1755000.0,
        "Other Non Operating Income Expenses": 1814000.0,
        "Special Income Charges": -59000.0,
        "Restructuring And Mergern Acquisition": 59000.0,
        "Net Non Operating Interest Income Expense": -1400000.0,
        "Interest Expense Non Operating": 1400000.0,
        "Operating Income": -6283000.0,
        "Operating Expense": 54361000.0,
        "Depreciation Amortization Depletion Income Statement": 11504000.0,
        "Depreciation And Amortization In Income Statement": 11504000.0,
        "Selling General And Administration": 42857000.0,
        "General And Administrative Expense": NaN,
        "Other Gand A": NaN,
        "Gross Profit": 48078000.0,
        "Cost Of Revenue": 82234000.0,
        "Total Revenue": 130312000.0,
        "Operating Revenue": 130312000.0
    },
    "2022-06-30": {
        "Tax Effect Of Unusual Items": 1404000.0,
        "Tax Rate For Calcs": 0.4,
        "Normalized EBITDA": 3368000.0,
        "Total Unusual Items": 3510000.0,
        "Total Unusual Items Excluding Goodwill": 3510000.0,
        "Net Income From Continuing Operation Net Minority Interest": -7751000.0,
        "Reconciled Depreciation": 12280000.0,
        "Reconciled Cost Of Revenue": 90429000.0,
        "EBITDA": 6878000.0,
        "EBIT": -5402000.0,
        "Net Interest Income": -1518000.0,
        "Interest Expense": 1518000.0,
        "Normalized Income": -9857000.0,
        "Net Income From Continuing And Discontinued Operation": -7751000.0,
        "Total Expenses": 149165000.0,
        "Total Operating Income As Reported": -5745000.0,
        "Diluted Average Shares": 29678000.0,
        "Basic Average Shares": 29678000.0,
        "Diluted EPS": -0.4,
        "Basic EPS": -0.4,
        "Diluted NI Availto Com Stockholders": -11851000.0,
        "Net Income Common Stockholders": -11851000.0,
        "Preferred Stock Dividends": 4100000.0,
        "Net Income": -7751000.0,
        "Net Income Including Noncontrolling Interests": -7751000.0,
        "Net Income Continuous Operations": -7751000.0,
        "Tax Provision": 831000.0,
        "Pretax Income": -6920000.0,
        "Other Income Expense": 3853000.0,
        "Other Non Operating Income Expenses": 343000.0,
        "Special Income Charges": 3510000.0,
        "Restructuring And Mergern Acquisition": -3510000.0,
        "Net Non Operating Interest Income Expense": -1518000.0,
        "Interest Expense Non Operating": 1518000.0,
        "Operating Income": -9255000.0,
        "Operating Expense": 58736000.0,
        "Depreciation Amortization Depletion Income Statement": 12280000.0,
        "Depreciation And Amortization In Income Statement": 12280000.0,
        "Selling General And Administration": 46456000.0,
        "General And Administrative Expense": NaN,
        "Other Gand A": NaN,
        "Gross Profit": 49481000.0,
        "Cost Of Revenue": 90429000.0,
        "Total Revenue": 139910000.0,
        "Operating Revenue": 139910000.0
    },
    "2022-03-31": {
        "Diluted EPS": -0.39,
        "Total Revenue": 135,
        "Gross Profit": 46,
        "Operating Income": -8,
        "EBIT": 7,
        "Net Income": -12
    },
    "2021-12-31": {
        "Diluted EPS": -0.15,
        "Total Revenue": 144,
        "Gross Profit": 47,
        "Operating Income": 1,
        "EBIT": 15,
        "Net Income": -6
    },
    "2021-09-30": {
        "Diluted EPS": -0.07,
        "Total Revenue": 133,
        "Gross Profit": 47,
        "Operating Income": 5,
        "EBIT": 19,
        "Net Income": -2
    },
    "2021-06-30": {
        "Diluted EPS": -0.66,
        "Total Revenue": 136,
        "Gross Profit": 44,
        "Operating Income": -6,
        "EBIT": 6,
        "Net Income": -17
    },
    "2021-03-31": {
        "Diluted EPS": -0.68,
        "Total Revenue": 134,
        "Gross Profit": 39,
        "Operating Income": -9,
        "EBIT": 4,
        "Net Income": -17
    },
    "2020-12-31": {
        "Diluted EPS": 1.35,
        "Total Revenue": 109,
        "Gross Profit": 35,
        "Operating Income": 9,
        "EBIT": 19,
        "Net Income": -3
    },
    "2020-09-30": {
        "Diluted EPS": -2.99,
        "Total Revenue": 85,
        "Gross Profit": 33,
        "Operating Income": -15,
        "EBIT": -5,
        "Net Income": -64
    },
    "2020-06-30": {
        "Diluted EPS": 0.4,
        "Total Revenue": 74,
        "Gross Profit": 28,
        "Operating Income": -5,
        "EBIT": 5,
        "Net Income": 8
    },
    "2020-03-31": {
        "Diluted EPS": -5.24,
        "Total Revenue": 61,
        "Gross Profit": 17,
        "Operating Income": -12,
        "EBIT": -4,
        "Net Income": -47
    },
    "2019-12-31": {
        "Diluted EPS": 0.0,
        "Total Revenue": NaN,
        "Gross Profit": NaN,
        "Operating Income": NaN,
        "EBIT": NaN,
        "Net Income": NaN
    },
    "2019-09-30": {
        "Diluted EPS": -1.34,
        "Total Revenue": 58,
        "Gross Profit": 18,
        "Operating Income": -3,
        "EBIT": 5,
        "Net Income": -12
    },
    "2019-06-30": {
        "Diluted EPS": -0.59,
        "Total Revenue": 57,
        "Gross Profit": 18,
        "Operating Income": 0,
        "EBIT": 0,
        "Net Income": -5
    },
    "2018-12-31": {
        "Diluted EPS": 0.0,
        "Total Revenue": NaN,
        "Gross Profit": NaN,
        "Operating Income": NaN,
        "EBIT": NaN,
        "Net Income": NaN
    },
    "2023-06-30": {
        "Tax Effect Of Unusual Items": -74130.0,
        "Tax Rate For Calcs": 0.21,
        "Normalized EBITDA": 9155000.0,
        "Total Unusual Items": -353000.0,
        "Total Unusual Items Excluding Goodwill": -353000.0,
        "Net Income From Continuing Operation Net Minority Interest": -7174000.0,
        "Reconciled Depreciation": 13948000.0,
        "Reconciled Cost Of Revenue": 95646000.0,
        "EBITDA": 8802000.0,
        "EBIT": -5146000.0,
        "Net Interest Income": -1877000.0,
        "Interest Expense": 1877000.0,
        "Normalized Income": -6895130.0,
        "Net Income From Continuing And Discontinued Operation": -7174000.0,
        "Total Expenses": 164841000.0,
        "Total Operating Income As Reported": -6093000.0,
        "Diluted NI Availto Com Stockholders": -11274000.0,
        "Net Income Common Stockholders": -11274000.0,
        "Preferred Stock Dividends": 4100000.0,
        "Net Income": -7174000.0,
        "Net Income Including Noncontrolling Interests": -7174000.0,
        "Net Income Continuous Operations": -7174000.0,
        "Tax Provision": 151000.0,
        "Pretax Income": -7023000.0,
        "Other Income Expense": 594000.0,
        "Other Non Operating Income Expenses": 947000.0,
        "Special Income Charges": -353000.0,
        "Restructuring And Mergern Acquisition": 353000.0,
        "Net Non Operating Interest Income Expense": -1877000.0,
        "Interest Expense Non Operating": 1877000.0,
        "Operating Income": -5740000.0,
        "Operating Expense": 66645000.0,
        "Depreciation Amortization Depletion Income Statement": 11398000.0,
        "Depreciation And Amortization In Income Statement": 11398000.0,
        "Selling General And Administration": 55247000.0,
        "Gross Profit": 60905000.0,
        "Cost Of Revenue": 98196000.0,
        "Total Revenue": 159101000.0,
        "Operating Revenue": 159101000.0
    },
    "2023-09-30": {
        "Tax Effect Of Unusual Items": -97767.0,
        "Tax Rate For Calcs": 0.213,
        "Normalized EBITDA": 10836000.0,
        "Total Unusual Items": -459000.0,
        "Total Unusual Items Excluding Goodwill": -459000.0,
        "Net Income From Continuing Operation Net Minority Interest": -7525000.0,
        "Reconciled Depreciation": 14489000.0,
        "Reconciled Cost Of Revenue": 99529000.0,
        "EBITDA": 10377000.0,
        "EBIT": -4112000.0,
        "Net Interest Income": -2089000.0,
        "Interest Expense": 2089000.0,
        "Normalized Income": -7163767.0,
        "Net Income From Continuing And Discontinued Operation": -7525000.0,
        "Total Expenses": 170919000.0,
        "Total Operating Income As Reported": -3441000.0,
        "Diluted NI Availto Com Stockholders": -11625000.0,
        "Net Income Common Stockholders": -11625000.0,
        "Preferred Stock Dividends": 4100000.0,
        "Net Income": -7525000.0,
        "Net Income Including Noncontrolling Interests": -7525000.0,
        "Net Income Continuous Operations": -7525000.0,
        "Tax Provision": 1324000.0,
        "Pretax Income": -6201000.0,
        "Other Income Expense": -1130000.0,
        "Other Non Operating Income Expenses": -671000.0,
        "Special Income Charges": -459000.0,
        "Restructuring And Mergern Acquisition": 459000.0,
        "Net Non Operating Interest Income Expense": -2089000.0,
        "Interest Expense Non Operating": 2089000.0,
        "Operating Income": -2982000.0,
        "Operating Expense": 68764000.0,
        "Depreciation Amortization Depletion Income Statement": 11863000.0,
        "Depreciation And Amortization In Income Statement": 11863000.0,
        "Selling General And Administration": 56901000.0,
        "Gross Profit": 65782000.0,
        "Cost Of Revenue": 102155000.0,
        "Total Revenue": 167937000.0,
        "Operating Revenue": 167937000.0
    }
}