{
    "2023-03-31": {
        "Tax Effect Of Unusual Items": -33147000.0,
        "Tax Rate For Calcs": 0.381,
        "Normalized EBITDA": 567000000.0,
        "Total Unusual Items": -87000000.0,
        "Total Unusual Items Excluding Goodwill": -87000000.0,
        "Net Income From Continuing Operation Net Minority Interest": 201000000.0,
        "Reconciled Depreciation": 126000000.0,
        "Reconciled Cost Of Revenue": 1572000000.0,
        "EBITDA": 480000000.0,
        "EBIT": 354000000.0,
        "Net Interest Income": -11000000.0,
        "Interest Expense": 34000000.0,
        "Interest Income": 23000000.0,
        "Normalized Income": 254853000.0,
        "Net Income From Continuing And Discontinued Operation": 201000000.0,
        "Total Expenses": 2768000000.0,
        "Total Operating Income As Reported": 418000000.0,
        "Diluted Average Shares": 51235341.0,
        "Basic Average Shares": 50245073.0,
        "Diluted EPS": 3.97,
        "Basic EPS": 4.01,
        "Diluted NI Availto Com Stockholders": 201000000.0,
        "Net Income Common Stockholders": 201000000.0,
        "Net Income": 201000000.0,
        "Net Income Including Noncontrolling Interests": 201000000.0,
        "Net Income Continuous Operations": 201000000.0,
        "Earnings From Equity Interest Net Of Tax": 3000000.0,
        "Tax Provision": 122000000.0,
        "Pretax Income": 320000000.0,
        "Other Income Expense": -87000000.0,
        "Gain On Sale Of Security": -87000000.0,
        "Net Non Operating Interest Income Expense": -11000000.0,
        "Interest Expense Non Operating": 34000000.0,
        "Interest Income Non Operating": 23000000.0,
        "Operating Income": 418000000.0,
        "Operating Expense": 1196000000.0,
        "Provision For Doubtful Accounts": 252000000.0,
        "Research And Development": 381000000.0,
        "Selling General And Administration": 563000000.0,
        "Selling And Marketing Expense": 383000000.0,
        "General And Administrative Expense": 180000000.0,
        "Other Gand A": 180000000.0,
        "Gross Profit": 1614000000.0,
        "Cost Of Revenue": 1572000000.0,
        "Total Revenue": 3186000000.0,
        "Operating Revenue": 3186000000.0
    },
    "2022-12-31": {
        "Tax Effect Of Unusual Items": -21760000.0,
        "Tax Rate For Calcs": 0.34,
        "Normalized EBITDA": 594000000.0,
        "Total Unusual Items": -64000000.0,
        "Total Unusual Items Excluding Goodwill": -64000000.0,
        "Net Income From Continuing Operation Net Minority Interest": 165000000.0,
        "Reconciled Depreciation": 122000000.0,
        "Reconciled Cost Of Revenue": 1544000000.0,
        "EBITDA": 530000000.0,
        "EBIT": 408000000.0,
        "Net Interest Income": 23000000.0,
        "Interest Expense": 100000000.0,
        "Interest Income": 123000000.0,
        "Normalized Income": 207240000.0,
        "Net Income From Continuing And Discontinued Operation": 165000000.0,
        "Total Expenses": 2653000000.0,
        "Total Operating Income As Reported": 349000000.0,
        "Diluted Average Shares": 51274909.0,
        "Basic Average Shares": 50284640.0,
        "Diluted EPS": 3.25,
        "Basic EPS": 3.28,
        "Diluted NI Availto Com Stockholders": 165000000.0,
        "Net Income Common Stockholders": 165000000.0,
        "Net Income": 165000000.0,
        "Net Income Including Noncontrolling Interests": 165000000.0,
        "Net Income Continuous Operations": 165000000.0,
        "Earnings From Equity Interest Net Of Tax": 1000000.0,
        "Tax Provision": 144000000.0,
        "Pretax Income": 308000000.0,
        "Other Income Expense": -64000000.0,
        "Gain On Sale Of Security": -64000000.0,
        "Net Non Operating Interest Income Expense": 23000000.0,
        "Interest Expense Non Operating": 100000000.0,
        "Interest Income Non Operating": 123000000.0,
        "Operating Income": 349000000.0,
        "Operating Expense": 1109000000.0,
        "Provision For Doubtful Accounts": 228000000.0,
        "Research And Development": 325000000.0,
        "Selling General And Administration": 556000000.0,
        "Selling And Marketing Expense": 380000000.0,
        "General And Administrative Expense": 176000000.0,
        "Other Gand A": 176000000.0,
        "Gross Profit": 1458000000.0,
        "Cost Of Revenue": 1544000000.0,
        "Total Revenue": 3002000000.0,
        "Operating Revenue": 3002000000.0
    },
    "2022-09-30": {
        "Tax Effect Of Unusual Items": -24742424.242424,
        "Tax Rate For Calcs": 0.348485,
        "Normalized EBITDA": 458000000.0,
        "Total Unusual Items": -71000000.0,
        "Total Unusual Items Excluding Goodwill": -71000000.0,
        "Net Income From Continuing Operation Net Minority Interest": 129000000.0,
        "Reconciled Depreciation": 97000000.0,
        "Reconciled Cost Of Revenue": 1342000000.0,
        "EBITDA": 387000000.0,
        "EBIT": 290000000.0,
        "Net Interest Income": -27000000.0,
        "Interest Expense": 92000000.0,
        "Interest Income": 65000000.0,
        "Normalized Income": 175257575.757576,
        "Net Income From Continuing And Discontinued Operation": 129000000.0,
        "Total Expenses": 2394000000.0,
        "Total Operating Income As Reported": 296000000.0,
        "Diluted Average Shares": 51315343.0,
        "Basic Average Shares": 50325075.0,
        "Diluted EPS": 2.56,
        "Basic EPS": 2.57,
        "Diluted NI Availto Com Stockholders": 129000000.0,
        "Net Income Common Stockholders": 129000000.0,
        "Net Income": 129000000.0,
        "Net Income Including Noncontrolling Interests": 129000000.0,
        "Net Income Continuous Operations": 129000000.0,
        "Earnings From Equity Interest Net Of Tax": 0.0,
        "Tax Provision": 69000000.0,
        "Pretax Income": 198000000.0,
        "Other Income Expense": -71000000.0,
        "Gain On Sale Of Security": -71000000.0,
        "Net Non Operating Interest Income Expense": -27000000.0,
        "Interest Expense Non Operating": 92000000.0,
        "Interest Income Non Operating": 65000000.0,
        "Operating Income": 296000000.0,
        "Operating Expense": 1052000000.0,
        "Provision For Doubtful Accounts": 288000000.0,
        "Research And Development": 278000000.0,
        "Selling General And Administration": 486000000.0,
        "Selling And Marketing Expense": 333000000.0,
        "General And Administrative Expense": 153000000.0,
        "Other Gand A": 153000000.0,
        "Gross Profit": 1348000000.0,
        "Cost Of Revenue": 1342000000.0,
        "Total Revenue": 2690000000.0,
        "Operating Revenue": 2690000000.0
    },
    "2022-06-30": {
        "Tax Effect Of Unusual Items": -14355828.220859,
        "Tax Rate For Calcs": 0.239264,
        "Normalized EBITDA": 396000000.0,
        "Total Unusual Items": -60000000.0,
        "Total Unusual Items Excluding Goodwill": -60000000.0,
        "Net Income From Continuing Operation Net Minority Interest": 123000000.0,
        "Reconciled Depreciation": 100000000.0,
        "Reconciled Cost Of Revenue": 1313000000.0,
        "EBITDA": 336000000.0,
        "EBIT": 236000000.0,
        "Net Interest Income": -27000000.0,
        "Interest Expense": 73000000.0,
        "Interest Income": 46000000.0,
        "Normalized Income": 168644171.779141,
        "Net Income From Continuing And Discontinued Operation": 123000000.0,
        "Total Expenses": 2347000000.0,
        "Total Operating Income As Reported": 250000000.0,
        "Diluted Average Shares": 50364529.0,
        "Basic Average Shares": 50364529.0,
        "Diluted EPS": 2.43,
        "Basic EPS": 2.43,
        "Diluted NI Availto Com Stockholders": 123000000.0,
        "Net Income Common Stockholders": 123000000.0,
        "Net Income": 123000000.0,
        "Net Income Including Noncontrolling Interests": 123000000.0,
        "Net Income Continuous Operations": 123000000.0,
        "Earnings From Equity Interest Net Of Tax": -1000000.0,
        "Tax Provision": 39000000.0,
        "Pretax Income": 163000000.0,
        "Other Income Expense": -60000000.0,
        "Gain On Sale Of Security": -60000000.0,
        "Net Non Operating Interest Income Expense": -27000000.0,
        "Interest Expense Non Operating": 73000000.0,
        "Interest Income Non Operating": 46000000.0,
        "Operating Income": 250000000.0,
        "Operating Expense": 1034000000.0,
        "Provision For Doubtful Accounts": 303000000.0,
        "Research And Development": 262000000.0,
        "Selling General And Administration": 469000000.0,
        "Selling And Marketing Expense": 296000000.0,
        "General And Administrative Expense": 173000000.0,
        "Other Gand A": 173000000.0,
        "Gross Profit": 1284000000.0,
        "Cost Of Revenue": 1313000000.0,
        "Total Revenue": 2597000000.0,
        "Operating Revenue": 2597000000.0
    },
    "2023-06-30": {
        "Tax Effect Of Unusual Items": -61880000.0,
        "Tax Rate For Calcs": 0.34,
        "Normalized EBITDA": 831000000.0,
        "Total Unusual Items": -182000000.0,
        "Total Unusual Items Excluding Goodwill": -182000000.0,
        "Net Income From Continuing Operation Net Minority Interest": 262000000.0,
        "Reconciled Depreciation": 128000000.0,
        "Reconciled Cost Of Revenue": 1754000000.0,
        "EBITDA": 649000000.0,
        "EBIT": 521000000.0,
        "Net Interest Income": -15000000.0,
        "Interest Expense": 49000000.0,
        "Interest Income": 34000000.0,
        "Normalized Income": 382120000.0,
        "Net Income From Continuing And Discontinued Operation": 262000000.0,
        "Total Expenses": 2916000000.0,
        "Total Operating Income As Reported": 669000000.0,
        "Diluted Average Shares": 51152955.0,
        "Basic Average Shares": 50162687.0,
        "Diluted EPS": 5.16,
        "Basic EPS": 5.22,
        "Diluted NI Availto Com Stockholders": 262000000.0,
        "Net Income Common Stockholders": 262000000.0,
        "Net Income": 262000000.0,
        "Net Income Including Noncontrolling Interests": 262000000.0,
        "Net Income Continuous Operations": 262000000.0,
        "Earnings From Equity Interest Net Of Tax": 0.0,
        "Tax Provision": 210000000.0,
        "Pretax Income": 472000000.0,
        "Other Income Expense": -182000000.0,
        "Gain On Sale Of Security": -182000000.0,
        "Net Non Operating Interest Income Expense": -15000000.0,
        "Interest Expense Non Operating": 49000000.0,
        "Interest Income Non Operating": 34000000.0,
        "Operating Income": 669000000.0,
        "Operating Expense": 1162000000.0,
        "Provision For Doubtful Accounts": 222000000.0,
        "Research And Development": 368000000.0,
        "Selling General And Administration": 572000000.0,
        "Selling And Marketing Expense": 383000000.0,
        "General And Administrative Expense": 189000000.0,
        "Other Gand A": 189000000.0,
        "Gross Profit": 1831000000.0,
        "Cost Of Revenue": 1754000000.0,
        "Total Revenue": 3585000000.0,
        "Operating Revenue": 3585000000.0
    },
    "2022-03-31": {
        "Diluted EPS": 1.3,
        "Total Revenue": NaN,
        "Gross Profit": NaN,
        "Operating Income": 139,
        "EBIT": 223,
        "Net Income": 65
    },
    "2021-12-31": {
        "Diluted EPS": -0.94,
        "Total Revenue": NaN,
        "Gross Profit": 853,
        "Operating Income": 24,
        "EBIT": 30,
        "Net Income": -46
    },
    "2021-09-30": {
        "Diluted EPS": 1.92,
        "Total Revenue": NaN,
        "Gross Profit": 807,
        "Operating Income": 160,
        "EBIT": 273,
        "Net Income": 95
    },
    "2021-06-30": {
        "Diluted EPS": 1.37,
        "Total Revenue": NaN,
        "Gross Profit": 754,
        "Operating Income": 166,
        "EBIT": 213,
        "Net Income": 68
    },
    "2021-03-31": {
        "Diluted EPS": -0.68,
        "Total Revenue": NaN,
        "Gross Profit": 591,
        "Operating Income": 91,
        "EBIT": 129,
        "Net Income": -34
    },
    "2020-12-31": {
        "Diluted EPS": -1.03,
        "Total Revenue": NaN,
        "Gross Profit": 489,
        "Operating Income": -25,
        "EBIT": -7,
        "Net Income": -48
    },
    "2020-09-30": {
        "Diluted EPS": 0.28,
        "Total Revenue": NaN,
        "Gross Profit": 480,
        "Operating Income": 83,
        "EBIT": 126,
        "Net Income": 14
    },
    "2020-06-30": {
        "Diluted EPS": 1.11,
        "Total Revenue": 878,
        "Gross Profit": 427,
        "Operating Income": 99,
        "EBIT": 122,
        "Net Income": 55
    },
    "2020-03-31": {
        "Diluted EPS": -0.44,
        "Total Revenue": 652,
        "Gross Profit": 313,
        "Operating Income": -30,
        "EBIT": -8,
        "Net Income": -22
    },
    "2019-12-31": {
        "Diluted EPS": -1.19,
        "Total Revenue": 674,
        "Gross Profit": 308,
        "Operating Income": -69,
        "EBIT": -48,
        "Net Income": -55
    },
    "2019-09-30": {
        "Diluted EPS": -2.96,
        "Total Revenue": 603,
        "Gross Profit": 284,
        "Operating Income": -82,
        "EBIT": -62,
        "Net Income": -147
    },
    "2019-06-30": {
        "Diluted EPS": 0.31,
        "Total Revenue": 545,
        "Gross Profit": 272,
        "Operating Income": -12,
        "EBIT": 5,
        "Net Income": 15
    },
    "2019-03-31": {
        "Diluted EPS": 0.13,
        "Total Revenue": 474,
        "Gross Profit": 237,
        "Operating Income": 10,
        "EBIT": 26,
        "Net Income": 6
    },
    "2018-12-31": {
        "Diluted EPS": -0.05,
        "Total Revenue": 428,
        "Gross Profit": 205,
        "Operating Income": -1,
        "EBIT": 23,
        "Net Income": -2
    },
    "2018-09-30": {
        "Diluted EPS": -0.23,
        "Total Revenue": 355,
        "Gross Profit": 170,
        "Operating Income": -11,
        "EBIT": 0,
        "Net Income": -10
    },
    "2018-06-30": {
        "Diluted EPS": -0.25,
        "Total Revenue": 335,
        "Gross Profit": 160,
        "Operating Income": -28,
        "EBIT": -17,
        "Net Income": -11
    },
    "2018-03-31": {
        "Diluted EPS": -0.29,
        "Total Revenue": 321,
        "Gross Profit": 163,
        "Operating Income": -29,
        "EBIT": -18,
        "Net Income": -13
    },
    "2017-12-31": {
        "Diluted EPS": -1.54,
        "Total Revenue": 358,
        "Gross Profit": 203,
        "Operating Income": -65,
        "EBIT": -54,
        "Net Income": -68
    },
    "2017-09-30": {
        "Diluted EPS": 0.63,
        "Total Revenue": 305,
        "Gross Profit": 176,
        "Operating Income": 28,
        "EBIT": 38,
        "Net Income": 28
    },
    "2017-06-30": {
        "Diluted EPS": 0.12,
        "Total Revenue": 284,
        "Gross Profit": 172,
        "Operating Income": 30,
        "EBIT": 40,
        "Net Income": 5
    },
    "2017-03-31": {
        "Diluted EPS": 1.1,
        "Total Revenue": 270,
        "Gross Profit": 169,
        "Operating Income": 63,
        "EBIT": 72,
        "Net Income": 49
    },
    "2016-12-31": {
        "Diluted EPS": 1.17,
        "Total Revenue": 256,
        "Gross Profit": 163,
        "Operating Income": 65,
        "EBIT": 73,
        "Net Income": 51
    },
    "2016-09-30": {
        "Diluted EPS": 0.88,
        "Total Revenue": 231,
        "Gross Profit": 146,
        "Operating Income": 54,
        "EBIT": 61,
        "Net Income": 39
    },
    "2016-06-30": {
        "Diluted EPS": 0.36,
        "Total Revenue": 200,
        "Gross Profit": 126,
        "Operating Income": 32,
        "EBIT": 39,
        "Net Income": 16
    },
    "2016-03-31": {
        "Diluted EPS": 0.68,
        "Total Revenue": 158,
        "Gross Profit": 102,
        "Operating Income": 30,
        "EBIT": 37,
        "Net Income": 30
    },
    "2015-12-31": {
        "Diluted EPS": 0.89,
        "Total Revenue": 181,
        "Gross Profit": 118,
        "Operating Income": 34,
        "EBIT": 40,
        "Net Income": 39
    },
    "2015-09-30": {
        "Diluted EPS": 1.03,
        "Total Revenue": 169,
        "Gross Profit": 112,
        "Operating Income": 45,
        "EBIT": 51,
        "Net Income": 46
    },
    "2015-06-30": {
        "Diluted EPS": 0.44,
        "Total Revenue": 154,
        "Gross Profit": 104,
        "Operating Income": 35,
        "EBIT": 37,
        "Net Income": 19
    },
    "2015-03-31": {
        "Diluted EPS": 0.04,
        "Total Revenue": 148,
        "Gross Profit": 103,
        "Operating Income": 26,
        "EBIT": 35,
        "Net Income": 2
    },
    "2014-12-31": {
        "Diluted EPS": 0.76,
        "Total Revenue": 161,
        "Gross Profit": 114,
        "Operating Income": 45,
        "EBIT": 46,
        "Net Income": 34
    },
    "2014-09-30": {
        "Diluted EPS": 0.76,
        "Total Revenue": 148,
        "Gross Profit": 105,
        "Operating Income": 47,
        "EBIT": 56,
        "Net Income": 34
    },
    "2014-06-30": {
        "Diluted EPS": -0.58,
        "Total Revenue": 132,
        "Gross Profit": 95,
        "Operating Income": -6,
        "EBIT": -2,
        "Net Income": -26
    },
    "2014-03-31": {
        "Diluted EPS": 0.69,
        "Total Revenue": 115,
        "Gross Profit": 84,
        "Operating Income": 34,
        "EBIT": 38,
        "Net Income": 30
    },
    "2013-12-31": {
        "Diluted EPS": 0.93,
        "Total Revenue": 135,
        "Gross Profit": 98,
        "Operating Income": 52,
        "EBIT": 55,
        "Net Income": 41
    },
    "2013-09-30": {
        "Diluted EPS": 0.66,
        "Total Revenue": 123,
        "Gross Profit": 89,
        "Operating Income": 37,
        "EBIT": 41,
        "Net Income": 29
    },
    "2013-06-30": {
        "Diluted EPS": 0.67,
        "Total Revenue": 112,
        "Gross Profit": 81,
        "Operating Income": 35,
        "EBIT": 38,
        "Net Income": 30
    },
    "2013-03-31": {
        "Diluted EPS": 0.4,
        "Total Revenue": 103,
        "Gross Profit": 74,
        "Operating Income": 29,
        "EBIT": 31,
        "Net Income": 17
    },
    "2012-12-31": {
        "Diluted EPS": 0.69,
        "Total Revenue": 104,
        "Gross Profit": 76,
        "Operating Income": 39,
        "EBIT": 42,
        "Net Income": 30
    },
    "2012-09-30": {
        "Diluted EPS": 0.59,
        "Total Revenue": 97,
        "Gross Profit": 72,
        "Operating Income": 34,
        "EBIT": 36,
        "Net Income": 26
    },
    "2012-06-30": {
        "Diluted EPS": 0.57,
        "Total Revenue": 89,
        "Gross Profit": 65,
        "Operating Income": 32,
        "EBIT": 34,
        "Net Income": 25
    },
    "2012-03-31": {
        "Diluted EPS": 0.45,
        "Total Revenue": 84,
        "Gross Profit": 63,
        "Operating Income": 25,
        "EBIT": 27,
        "Net Income": 20
    },
    "2011-12-31": {
        "Diluted EPS": 0.47,
        "Total Revenue": 86,
        "Gross Profit": 66,
        "Operating Income": 29,
        "EBIT": 31,
        "Net Income": 22
    },
    "2011-09-30": {
        "Diluted EPS": 0.6,
        "Total Revenue": 82,
        "Gross Profit": 62,
        "Operating Income": 30,
        "EBIT": 32,
        "Net Income": 26
    },
    "2011-06-30": {
        "Diluted EPS": 0.34,
        "Total Revenue": 69,
        "Gross Profit": 52,
        "Operating Income": 22,
        "EBIT": 23,
        "Net Income": 15
    },
    "2011-03-31": {
        "Diluted EPS": 0.32,
        "Total Revenue": 61,
        "Gross Profit": 47,
        "Operating Income": 19,
        "EBIT": 21,
        "Net Income": 14
    },
    "2010-12-31": {
        "Diluted EPS": 0.36,
        "Total Revenue": 62,
        "Gross Profit": 49,
        "Operating Income": 21,
        "EBIT": 22,
        "Net Income": 16
    },
    "2010-09-30": {
        "Diluted EPS": 0.43,
        "Total Revenue": 56,
        "Gross Profit": 45,
        "Operating Income": 19,
        "EBIT": 21,
        "Net Income": 19
    },
    "2010-06-30": {
        "Diluted EPS": 0.26,
        "Total Revenue": 53,
        "Gross Profit": 41,
        "Operating Income": 19,
        "EBIT": 20,
        "Net Income": 12
    },
    "2010-03-31": {
        "Diluted EPS": 0.22,
        "Total Revenue": 46,
        "Gross Profit": 36,
        "Operating Income": 16,
        "EBIT": 16,
        "Net Income": 10
    },
    "2009-12-31": {
        "Diluted EPS": 0.26,
        "Total Revenue": 49,
        "Gross Profit": 39,
        "Operating Income": 18,
        "EBIT": 19,
        "Net Income": 11
    },
    "2009-09-30": {
        "Diluted EPS": 0.22,
        "Total Revenue": 51,
        "Gross Profit": 40,
        "Operating Income": 19,
        "EBIT": 20,
        "Net Income": 10
    },
    "2009-06-30": {
        "Diluted EPS": 0.15,
        "Total Revenue": 41,
        "Gross Profit": 32,
        "Operating Income": 12,
        "EBIT": 13,
        "Net Income": 7
    },
    "2009-03-31": {
        "Diluted EPS": 0.12,
        "Total Revenue": 32,
        "Gross Profit": 26,
        "Operating Income": 7,
        "EBIT": 8,
        "Net Income": 5
    },
    "2023-09-30": {
        "Tax Effect Of Unusual Items": -77675000.0,
        "Tax Rate For Calcs": 0.325,
        "Normalized EBITDA": 1016000000.0,
        "Total Unusual Items": -239000000.0,
        "Total Unusual Items Excluding Goodwill": -239000000.0,
        "Net Income From Continuing Operation Net Minority Interest": 359000000.0,
        "Reconciled Depreciation": 135000000.0,
        "Reconciled Cost Of Revenue": 1765000000.0,
        "EBITDA": 777000000.0,
        "EBIT": 642000000.0,
        "Net Interest Income": 85000000.0,
        "Interest Expense": 111000000.0,
        "Interest Income": 196000000.0,
        "Normalized Income": 520325000.0,
        "Net Income From Continuing And Discontinued Operation": 359000000.0,
        "Total Expenses": 3075000000.0,
        "Total Operating Income As Reported": 685000000.0,
        "Diluted Average Shares": 50209439.0,
        "Basic Average Shares": 50008320.0,
        "Diluted EPS": 7.16,
        "Basic EPS": 7.18,
        "Diluted NI Availto Com Stockholders": 359000000.0,
        "Net Income Common Stockholders": 359000000.0,
        "Net Income": 359000000.0,
        "Net Income Including Noncontrolling Interests": 359000000.0,
        "Net Income Continuous Operations": 359000000.0,
        "Earnings From Equity Interest Net Of Tax": 0.0,
        "Tax Provision": 172000000.0,
        "Pretax Income": 531000000.0,
        "Other Income Expense": -239000000.0,
        "Gain On Sale Of Security": -239000000.0,
        "Net Non Operating Interest Income Expense": 85000000.0,
        "Interest Expense Non Operating": 111000000.0,
        "Interest Income Non Operating": 196000000.0,
        "Operating Income": 685000000.0,
        "Operating Expense": 1310000000.0,
        "Provision For Doubtful Accounts": 277000000.0,
        "Research And Development": 396000000.0,
        "Selling General And Administration": 637000000.0,
        "Selling And Marketing Expense": 441000000.0,
        "General And Administrative Expense": 196000000.0,
        "Other Gand A": 196000000.0,
        "Gross Profit": 1995000000.0,
        "Cost Of Revenue": 1765000000.0,
        "Total Revenue": 3760000000.0,
        "Operating Revenue": 3760000000.0
    },
    "2023-12-31": {
        "Tax Effect Of Unusual Items": -30239130.434783,
        "Tax Rate For Calcs": 0.282609,
        "Normalized EBITDA": 553000000.0,
        "Total Unusual Items": -107000000.0,
        "Total Unusual Items Excluding Goodwill": -107000000.0,
        "Net Income From Continuing Operation Net Minority Interest": 165000000.0,
        "Reconciled Depreciation": 135000000.0,
        "Reconciled Cost Of Revenue": 2306000000.0,
        "EBITDA": 446000000.0,
        "EBIT": 311000000.0,
        "Net Interest Income": 97000000.0,
        "Interest Expense": 81000000.0,
        "Interest Income": 178000000.0,
        "Normalized Income": 241760869.565217,
        "Net Income From Continuing And Discontinued Operation": 165000000.0,
        "Total Expenses": 4021000000.0,
        "Total Operating Income As Reported": 240000000.0,
        "Diluted Average Shares": 50697515.0,
        "Basic Average Shares": 50631669.0,
        "Diluted EPS": 3.25,
        "Basic EPS": 3.26,
        "Diluted NI Availto Com Stockholders": 171000000.0,
        "Net Income Common Stockholders": 165000000.0,
        "Net Income": 165000000.0,
        "Net Income Including Noncontrolling Interests": 165000000.0,
        "Net Income Continuous Operations": 165000000.0,
        "Earnings From Equity Interest Net Of Tax": 0.0,
        "Tax Provision": 65000000.0,
        "Pretax Income": 230000000.0,
        "Other Income Expense": -107000000.0,
        "Gain On Sale Of Security": -107000000.0,
        "Net Non Operating Interest Income Expense": 97000000.0,
        "Interest Expense Non Operating": 81000000.0,
        "Interest Income Non Operating": 178000000.0,
        "Operating Income": 240000000.0,
        "Operating Expense": 1715000000.0,
        "Provision For Doubtful Accounts": 299000000.0,
        "Research And Development": 686000000.0,
        "Selling General And Administration": 730000000.0,
        "Selling And Marketing Expense": 529000000.0,
        "General And Administrative Expense": 201000000.0,
        "Other Gand A": 201000000.0,
        "Gross Profit": 1955000000.0,
        "Cost Of Revenue": 2306000000.0,
        "Total Revenue": 4261000000.0,
        "Operating Revenue": 4261000000.0
    },
    "2024-03-31": {
        "Tax Effect Of Unusual Items": -9690000.0,
        "Tax Rate For Calcs": 0.285,
        "Normalized EBITDA": 707000000.0,
        "Total Unusual Items": -34000000.0,
        "Total Unusual Items Excluding Goodwill": -34000000.0,
        "Net Income From Continuing Operation Net Minority Interest": 344000000.0,
        "Reconciled Depreciation": 154000000.0,
        "Reconciled Cost Of Revenue": 2309000000.0,
        "EBITDA": 673000000.0,
        "EBIT": 519000000.0,
        "Net Interest Income": -13000000.0,
        "Interest Expense": 38000000.0,
        "Interest Income": 25000000.0,
        "Normalized Income": 368310000.0,
        "Net Income From Continuing And Discontinued Operation": 344000000.0,
        "Total Expenses": 3805000000.0,
        "Total Operating Income As Reported": 528000000.0,
        "Diluted Average Shares": 50697442.0,
        "Basic Average Shares": 50697442.0,
        "Diluted EPS": 6.78,
        "Basic EPS": 6.78,
        "Diluted NI Availto Com Stockholders": 344000000.0,
        "Net Income Common Stockholders": 344000000.0,
        "Net Income": 344000000.0,
        "Net Income Including Noncontrolling Interests": 344000000.0,
        "Net Income Continuous Operations": 344000000.0,
        "Earnings From Equity Interest Net Of Tax": 0.0,
        "Tax Provision": 137000000.0,
        "Pretax Income": 481000000.0,
        "Other Income Expense": -34000000.0,
        "Gain On Sale Of Security": -34000000.0,
        "Net Non Operating Interest Income Expense": -13000000.0,
        "Interest Expense Non Operating": 38000000.0,
        "Interest Income Non Operating": 25000000.0,
        "Operating Income": 528000000.0,
        "Operating Expense": 1496000000.0,
        "Provision For Doubtful Accounts": 374000000.0,
        "Research And Development": 458000000.0,
        "Selling General And Administration": 664000000.0,
        "Selling And Marketing Expense": 478000000.0,
        "General And Administrative Expense": 186000000.0,
        "Other Gand A": 186000000.0,
        "Gross Profit": 2024000000.0,
        "Cost Of Revenue": 2309000000.0,
        "Total Revenue": 4333000000.0,
        "Operating Revenue": 4333000000.0
    },
    "2024-06-30": {
        "Tax Effect Of Unusual Items": -11895209.580838,
        "Tax Rate For Calcs": 0.20509,
        "Normalized EBITDA": 919000000.0,
        "Total Unusual Items": -58000000.0,
        "Total Unusual Items Excluding Goodwill": -58000000.0,
        "Net Income From Continuing Operation Net Minority Interest": 531000000.0,
        "Reconciled Depreciation": 154000000.0,
        "Reconciled Cost Of Revenue": 2708000000.0,
        "EBITDA": 861000000.0,
        "EBIT": 707000000.0,
        "Net Interest Income": 0.0,
        "Interest Expense": 39000000.0,
        "Interest Income": 39000000.0,
        "Normalized Income": 577104790.419162,
        "Net Income From Continuing And Discontinued Operation": 531000000.0,
        "Total Expenses": 4347000000.0,
        "Total Operating Income As Reported": 726000000.0,
        "Diluted Average Shares": 50697447.0,
        "Basic Average Shares": 50697447.0,
        "Diluted EPS": 10.48,
        "Basic EPS": 10.48,
        "Diluted NI Availto Com Stockholders": 531000000.0,
        "Net Income Common Stockholders": 531000000.0,
        "Net Income": 531000000.0,
        "Net Income Including Noncontrolling Interests": 531000000.0,
        "Net Income Continuous Operations": 531000000.0,
        "Earnings From Equity Interest Net Of Tax": 0.0,
        "Tax Provision": 137000000.0,
        "Pretax Income": 668000000.0,
        "Other Income Expense": -58000000.0,
        "Gain On Sale Of Security": -58000000.0,
        "Net Non Operating Interest Income Expense": 0.0,
        "Interest Expense Non Operating": 39000000.0,
        "Interest Income Non Operating": 39000000.0,
        "Operating Income": 726000000.0,
        "Operating Expense": 1639000000.0,
        "Provision For Doubtful Accounts": 450000000.0,
        "Research And Development": 460000000.0,
        "Selling General And Administration": 729000000.0,
        "Selling And Marketing Expense": 511000000.0,
        "General And Administrative Expense": 218000000.0,
        "Other Gand A": 218000000.0,
        "Gross Profit": 2365000000.0,
        "Cost Of Revenue": 2708000000.0,
        "Total Revenue": 5073000000.0,
        "Operating Revenue": 5073000000.0
    }
}