{
    "2023-06-30": {
        "Tax Effect Of Unusual Items": 0.0,
        "Tax Rate For Calcs": 0.17,
        "Normalized EBITDA": 235662000.0,
        "Net Income From Continuing Operation Net Minority Interest": 56690000.0,
        "Reconciled Depreciation": 95457000.0,
        "Reconciled Cost Of Revenue": 724394000.0,
        "EBITDA": 235662000.0,
        "EBIT": 140205000.0,
        "Net Interest Income": -14297000.0,
        "Interest Expense": 30242000.0,
        "Interest Income": 15945000.0,
        "Normalized Income": 56690000.0,
        "Net Income From Continuing And Discontinued Operation": 56690000.0,
        "Total Expenses": 819851000.0,
        "Total Operating Income As Reported": 119521000.0,
        "Diluted NI Availto Com Stockholders": 49425000.0,
        "Average Dilution Earnings": -7265000.0,
        "Net Income Common Stockholders": 56690000.0,
        "Net Income": 56690000.0,
        "Minority Interests": -34145000.0,
        "Net Income Including Noncontrolling Interests": 90835000.0,
        "Net Income Continuous Operations": 90835000.0,
        "Tax Provision": 19128000.0,
        "Pretax Income": 109963000.0,
        "Other Income Expense": 4739000.0,
        "Earnings From Equity Interest": 4739000.0,
        "Net Non Operating Interest Income Expense": -14297000.0,
        "Interest Expense Non Operating": 30242000.0,
        "Interest Income Non Operating": 15945000.0,
        "Operating Income": 119521000.0,
        "Operating Expense": 95457000.0,
        "Depreciation Amortization Depletion Income Statement": 95457000.0,
        "Depreciation And Amortization In Income Statement": 95457000.0,
        "Gross Profit": 214978000.0,
        "Cost Of Revenue": 724394000.0,
        "Total Revenue": 939372000.0,
        "Operating Revenue": 939372000.0
    },
    "2023-03-31": {
        "Tax Effect Of Unusual Items": 0.0,
        "Tax Rate For Calcs": 0.14,
        "Normalized EBITDA": 233077000.0,
        "Net Income From Continuing Operation Net Minority Interest": 59770000.0,
        "Reconciled Depreciation": 97973000.0,
        "Reconciled Cost Of Revenue": 841163000.0,
        "EBITDA": 233077000.0,
        "EBIT": 135104000.0,
        "Net Interest Income": -20019000.0,
        "Interest Expense": 30678000.0,
        "Interest Income": 10659000.0,
        "Normalized Income": 59770000.0,
        "Net Income From Continuing And Discontinued Operation": 59770000.0,
        "Total Expenses": 939136000.0,
        "Total Operating Income As Reported": 99276000.0,
        "Diluted NI Availto Com Stockholders": 59770000.0,
        "Average Dilution Earnings": 0.0,
        "Net Income Common Stockholders": 59770000.0,
        "Net Income": 59770000.0,
        "Minority Interests": -30326000.0,
        "Net Income Including Noncontrolling Interests": 90096000.0,
        "Net Income Continuous Operations": 90096000.0,
        "Tax Provision": 14330000.0,
        "Pretax Income": 104426000.0,
        "Other Income Expense": 25169000.0,
        "Earnings From Equity Interest": 25169000.0,
        "Net Non Operating Interest Income Expense": -20019000.0,
        "Interest Expense Non Operating": 30678000.0,
        "Interest Income Non Operating": 10659000.0,
        "Operating Income": 99276000.0,
        "Operating Expense": 97973000.0,
        "Depreciation Amortization Depletion Income Statement": 97973000.0,
        "Depreciation And Amortization In Income Statement": 97973000.0,
        "Gross Profit": 197249000.0,
        "Cost Of Revenue": 841163000.0,
        "Total Revenue": 1038412000.0,
        "Operating Revenue": 1038412000.0
    },
    "2022-12-31": {
        "Tax Effect Of Unusual Items": 0.0,
        "Tax Rate For Calcs": 0.109716,
        "Normalized EBITDA": 183490000.0,
        "Net Income From Continuing Operation Net Minority Interest": 41032000.0,
        "Reconciled Depreciation": 86363000.0,
        "Reconciled Cost Of Revenue": 840829000.0,
        "EBITDA": 183490000.0,
        "EBIT": 97127000.0,
        "Net Interest Income": -13590000.0,
        "Interest Expense": 31567000.0,
        "Interest Income": 17977000.0,
        "Normalized Income": 41032000.0,
        "Net Income From Continuing And Discontinued Operation": 41032000.0,
        "Total Expenses": 809246000.0,
        "Total Operating Income As Reported": 60557000.0,
        "Diluted NI Availto Com Stockholders": 46078000.0,
        "Average Dilution Earnings": 5046000.0,
        "Net Income Common Stockholders": 41032000.0,
        "Net Income": 41032000.0,
        "Minority Interests": -17335000.0,
        "Net Income Including Noncontrolling Interests": 58367000.0,
        "Net Income Continuous Operations": 58367000.0,
        "Tax Provision": 7193000.0,
        "Pretax Income": 65560000.0,
        "Other Income Expense": -97721000.0,
        "Earnings From Equity Interest": 18593000.0,
        "Net Non Operating Interest Income Expense": -13590000.0,
        "Interest Expense Non Operating": 31567000.0,
        "Interest Income Non Operating": 17977000.0,
        "Operating Income": 176871000.0,
        "Operating Expense": -31583000.0,
        "Depreciation Amortization Depletion Income Statement": 86363000.0,
        "Depreciation And Amortization In Income Statement": 86363000.0,
        "Gross Profit": 145288000.0,
        "Cost Of Revenue": 840829000.0,
        "Total Revenue": 986117000.0,
        "Operating Revenue": 986117000.0
    },
    "2022-09-30": {
        "Tax Effect Of Unusual Items": 24425940.0,
        "Tax Rate For Calcs": 0.21,
        "Normalized EBITDA": 178116000.0,
        "Total Unusual Items": 116314000.0,
        "Total Unusual Items Excluding Goodwill": 116314000.0,
        "Net Income From Continuing Operation Net Minority Interest": 69198000.0,
        "Reconciled Depreciation": 100018000.0,
        "Reconciled Cost Of Revenue": 861381000.0,
        "EBITDA": 294430000.0,
        "EBIT": 194412000.0,
        "Net Interest Income": -22666000.0,
        "Interest Expense": 32640000.0,
        "Interest Income": 9974000.0,
        "Normalized Income": -22690060.0,
        "Net Income From Continuing And Discontinued Operation": 69198000.0,
        "Total Expenses": 961399000.0,
        "Total Operating Income As Reported": 166946000.0,
        "Diluted Average Shares": 70372523.0,
        "Basic Average Shares": 70234460.0,
        "Diluted EPS": 0.87,
        "Basic EPS": 0.99,
        "Diluted NI Availto Com Stockholders": 61269000.0,
        "Average Dilution Earnings": -7929000.0,
        "Net Income Common Stockholders": 69198000.0,
        "Net Income": 69198000.0,
        "Minority Interests": -58818000.0,
        "Net Income Including Noncontrolling Interests": 128016000.0,
        "Net Income Continuous Operations": 128016000.0,
        "Tax Provision": 33756000.0,
        "Pretax Income": 161772000.0,
        "Other Income Expense": 133806000.0,
        "Special Income Charges": 116314000.0,
        "Other Special Charges": -116314000.0,
        "Earnings From Equity Interest": 17492000.0,
        "Net Non Operating Interest Income Expense": -22666000.0,
        "Interest Expense Non Operating": 32640000.0,
        "Interest Income Non Operating": 9974000.0,
        "Operating Income": 50632000.0,
        "Operating Expense": 100018000.0,
        "Other Operating Expenses": NaN,
        "Depreciation Amortization Depletion Income Statement": 100018000.0,
        "Depreciation And Amortization In Income Statement": 100018000.0,
        "Gross Profit": 150650000.0,
        "Cost Of Revenue": 861381000.0,
        "Total Revenue": 1012031000.0,
        "Operating Revenue": 1012031000.0
    },
    "2022-06-30": {
        "Tax Effect Of Unusual Items": 0.0,
        "Tax Rate For Calcs": 0.20842,
        "Normalized EBITDA": 305274000.0,
        "Total Unusual Items": NaN,
        "Total Unusual Items Excluding Goodwill": NaN,
        "Net Income From Continuing Operation Net Minority Interest": 125080000.0,
        "Reconciled Depreciation": 93656000.0,
        "Reconciled Cost Of Revenue": 851777000.0,
        "EBITDA": 305274000.0,
        "EBIT": 211618000.0,
        "Net Interest Income": -35709000.0,
        "Interest Expense": 35709000.0,
        "Interest Income": NaN,
        "Normalized Income": 125080000.0,
        "Net Income From Continuing And Discontinued Operation": 125080000.0,
        "Total Expenses": 945433000.0,
        "Total Operating Income As Reported": 191802000.0,
        "Diluted Average Shares": 72337492.0,
        "Basic Average Shares": 71987641.0,
        "Diluted EPS": 1.41,
        "Basic EPS": 1.74,
        "Diluted NI Availto Com Stockholders": 101776000.0,
        "Average Dilution Earnings": -23304000.0,
        "Net Income Common Stockholders": 125080000.0,
        "Net Income": 125080000.0,
        "Minority Interests": -14166000.0,
        "Net Income Including Noncontrolling Interests": 139246000.0,
        "Net Income Continuous Operations": 139246000.0,
        "Tax Provision": 36663000.0,
        "Pretax Income": 175909000.0,
        "Other Income Expense": 19816000.0,
        "Special Income Charges": NaN,
        "Other Special Charges": NaN,
        "Earnings From Equity Interest": 19816000.0,
        "Net Non Operating Interest Income Expense": -35709000.0,
        "Interest Expense Non Operating": 35709000.0,
        "Interest Income Non Operating": NaN,
        "Operating Income": 191802000.0,
        "Operating Expense": 93656000.0,
        "Other Operating Expenses": NaN,
        "Depreciation Amortization Depletion Income Statement": 93656000.0,
        "Depreciation And Amortization In Income Statement": 93656000.0,
        "Gross Profit": 285458000.0,
        "Cost Of Revenue": 851777000.0,
        "Total Revenue": 1137235000.0,
        "Operating Revenue": 1137235000.0
    },
    "2022-03-31": {
        "Diluted EPS": 1.6,
        "Total Revenue": NaN,
        "Gross Profit": 284,
        "Operating Income": 191,
        "EBIT": 284,
        "Net Income": 119
    },
    "2021-12-31": {
        "Diluted EPS": 2.7,
        "Total Revenue": NaN,
        "Gross Profit": 334,
        "Operating Income": 247,
        "EBIT": 334,
        "Net Income": 201
    },
    "2021-09-30": {
        "Diluted EPS": 0.93,
        "Total Revenue": NaN,
        "Gross Profit": 220,
        "Operating Income": 129,
        "EBIT": 220,
        "Net Income": 71
    },
    "2021-06-30": {
        "Diluted EPS": 1.31,
        "Total Revenue": NaN,
        "Gross Profit": 252,
        "Operating Income": 157,
        "EBIT": 252,
        "Net Income": 107
    },
    "2021-03-31": {
        "Diluted EPS": 1.19,
        "Total Revenue": NaN,
        "Gross Profit": 270,
        "Operating Income": 179,
        "EBIT": 270,
        "Net Income": 105
    },
    "2020-12-31": {
        "Diluted EPS": -0.27,
        "Total Revenue": 811,
        "Gross Profit": 96,
        "Operating Income": 9,
        "EBIT": 96,
        "Net Income": -27
    },
    "2020-09-30": {
        "Diluted EPS": -1.15,
        "Total Revenue": 581,
        "Gross Profit": 24,
        "Operating Income": -64,
        "EBIT": 24,
        "Net Income": -88
    },
    "2020-06-30": {
        "Diluted EPS": -0.85,
        "Total Revenue": 512,
        "Gross Profit": 28,
        "Operating Income": -64,
        "EBIT": 28,
        "Net Income": -65
    },
    "2020-03-31": {
        "Diluted EPS": 0.21,
        "Total Revenue": 745,
        "Gross Profit": 147,
        "Operating Income": 66,
        "EBIT": 156,
        "Net Income": 23
    },
    "2019-12-31": {
        "Diluted EPS": 0.21,
        "Total Revenue": 769,
        "Gross Profit": 105,
        "Operating Income": 67,
        "EBIT": 155,
        "Net Income": 9
    },
    "2019-09-30": {
        "Diluted EPS": -0.21,
        "Total Revenue": 765,
        "Gross Profit": 69,
        "Operating Income": -17,
        "EBIT": 69,
        "Net Income": -10
    },
    "2019-06-30": {
        "Diluted EPS": 0.51,
        "Total Revenue": 848,
        "Gross Profit": 158,
        "Operating Income": 72,
        "EBIT": 158,
        "Net Income": 50
    },
    "2019-03-31": {
        "Diluted EPS": 0.5,
        "Total Revenue": 902,
        "Gross Profit": 151,
        "Operating Income": 66,
        "EBIT": 151,
        "Net Income": 38
    },
    "2018-12-31": {
        "Diluted EPS": 1.95,
        "Total Revenue": NaN,
        "Gross Profit": 276,
        "Operating Income": 214,
        "EBIT": 276,
        "Net Income": 161
    },
    "2018-09-30": {
        "Diluted EPS": 1.61,
        "Total Revenue": NaN,
        "Gross Profit": 260,
        "Operating Income": 198,
        "EBIT": 260,
        "Net Income": 128
    },
    "2018-06-30": {
        "Diluted EPS": 1.36,
        "Total Revenue": 950,
        "Gross Profit": 238,
        "Operating Income": 176,
        "EBIT": 238,
        "Net Income": 111
    },
    "2018-03-31": {
        "Diluted EPS": 2.0,
        "Total Revenue": 962,
        "Gross Profit": 301,
        "Operating Income": 242,
        "EBIT": 301,
        "Net Income": 169
    },
    "2017-12-31": {
        "Diluted EPS": 0.91,
        "Total Revenue": 861,
        "Gross Profit": 196,
        "Operating Income": 138,
        "EBIT": 196,
        "Net Income": 68
    },
    "2017-09-30": {
        "Diluted EPS": 0.38,
        "Total Revenue": 720,
        "Gross Profit": 95,
        "Operating Income": 37,
        "EBIT": 95,
        "Net Income": 32
    },
    "2017-06-30": {
        "Diluted EPS": 0.89,
        "Total Revenue": 669,
        "Gross Profit": 167,
        "Operating Income": 106,
        "EBIT": 167,
        "Net Income": 84
    },
    "2017-03-31": {
        "Diluted EPS": 1.46,
        "Total Revenue": 810,
        "Gross Profit": 251,
        "Operating Income": 195,
        "EBIT": 251,
        "Net Income": 132
    },
    "2016-12-31": {
        "Diluted EPS": 0.32,
        "Total Revenue": 586,
        "Gross Profit": 105,
        "Operating Income": 50,
        "EBIT": 105,
        "Net Income": 25
    },
    "2016-09-30": {
        "Diluted EPS": -0.12,
        "Total Revenue": 510,
        "Gross Profit": 50,
        "Operating Income": -12,
        "EBIT": 50,
        "Net Income": -11
    },
    "2016-06-30": {
        "Diluted EPS": -0.08,
        "Total Revenue": 468,
        "Gross Profit": 38,
        "Operating Income": 12,
        "EBIT": 70,
        "Net Income": -3
    },
    "2016-03-31": {
        "Diluted EPS": -0.26,
        "Total Revenue": 435,
        "Gross Profit": 31,
        "Operating Income": -22,
        "EBIT": 31,
        "Net Income": -23
    },
    "2015-12-31": {
        "Diluted EPS": 0.11,
        "Total Revenue": 484,
        "Gross Profit": 48,
        "Operating Income": -2,
        "EBIT": 48,
        "Net Income": 10
    },
    "2015-09-30": {
        "Diluted EPS": 0.54,
        "Total Revenue": 527,
        "Gross Profit": 133,
        "Operating Income": 82,
        "EBIT": 133,
        "Net Income": 78
    },
    "2015-06-30": {
        "Diluted EPS": 1.15,
        "Total Revenue": 638,
        "Gross Profit": 112,
        "Operating Income": 130,
        "EBIT": 177,
        "Net Income": 105
    },
    "2015-03-31": {
        "Diluted EPS": 0.09,
        "Total Revenue": 577,
        "Gross Profit": 75,
        "Operating Income": 28,
        "EBIT": 75,
        "Net Income": 9
    },
    "2014-12-31": {
        "Diluted EPS": 1.11,
        "Total Revenue": 733,
        "Gross Profit": 218,
        "Operating Income": 223,
        "EBIT": 259,
        "Net Income": 133
    },
    "2014-09-30": {
        "Diluted EPS": 0.54,
        "Total Revenue": 730,
        "Gross Profit": 140,
        "Operating Income": 102,
        "EBIT": 140,
        "Net Income": 52
    },
    "2014-06-30": {
        "Diluted EPS": 1.28,
        "Total Revenue": 791,
        "Gross Profit": 181,
        "Operating Income": 148,
        "EBIT": 181,
        "Net Income": 125
    },
    "2014-03-31": {
        "Diluted EPS": 1.5,
        "Total Revenue": 968,
        "Gross Profit": 259,
        "Operating Income": 224,
        "EBIT": 259,
        "Net Income": 145
    },
    "2013-12-31": {
        "Diluted EPS": 1.32,
        "Total Revenue": 881,
        "Gross Profit": 209,
        "Operating Income": 174,
        "EBIT": 209,
        "Net Income": 128
    },
    "2013-09-30": {
        "Diluted EPS": 0.9,
        "Total Revenue": 758,
        "Gross Profit": 160,
        "Operating Income": 131,
        "EBIT": 160,
        "Net Income": 87
    },
    "2013-06-30": {
        "Diluted EPS": 0.56,
        "Total Revenue": 733,
        "Gross Profit": 153,
        "Operating Income": 124,
        "EBIT": 153,
        "Net Income": 54
    },
    "2013-03-31": {
        "Diluted EPS": 0.63,
        "Total Revenue": 652,
        "Gross Profit": 124,
        "Operating Income": 94,
        "EBIT": 124,
        "Net Income": 60
    },
    "2012-12-31": {
        "Diluted EPS": -1.49,
        "Total Revenue": 696,
        "Gross Profit": 123,
        "Operating Income": 81,
        "EBIT": 123,
        "Net Income": -140
    },
    "2012-09-30": {
        "Diluted EPS": -0.03,
        "Total Revenue": 655,
        "Gross Profit": 116,
        "Operating Income": 69,
        "EBIT": 116,
        "Net Income": -3
    },
    "2012-06-30": {
        "Diluted EPS": 0.5,
        "Total Revenue": 656,
        "Gross Profit": 149,
        "Operating Income": 105,
        "EBIT": 149,
        "Net Income": 52
    },
    "2012-03-31": {
        "Diluted EPS": 0.23,
        "Total Revenue": 666,
        "Gross Profit": 97,
        "Operating Income": 59,
        "EBIT": 97,
        "Net Income": 22
    },
    "2011-12-31": {
        "Diluted EPS": 0.68,
        "Total Revenue": 696,
        "Gross Profit": 150,
        "Operating Income": 106,
        "EBIT": 150,
        "Net Income": 64
    },
    "2011-09-30": {
        "Diluted EPS": 0.59,
        "Total Revenue": 670,
        "Gross Profit": 156,
        "Operating Income": 112,
        "EBIT": 156,
        "Net Income": 62
    },
    "2011-06-30": {
        "Diluted EPS": 0.43,
        "Total Revenue": 623,
        "Gross Profit": 118,
        "Operating Income": 78,
        "EBIT": 118,
        "Net Income": 41
    },
    "2011-03-31": {
        "Diluted EPS": 0.37,
        "Total Revenue": 619,
        "Gross Profit": 77,
        "Operating Income": 47,
        "EBIT": 77,
        "Net Income": 35
    },
    "2010-12-31": {
        "Diluted EPS": 0.3,
        "Total Revenue": 570,
        "Gross Profit": 71,
        "Operating Income": 41,
        "EBIT": 71,
        "Net Income": 28
    },
    "2010-09-30": {
        "Diluted EPS": 0.35,
        "Total Revenue": 481,
        "Gross Profit": 57,
        "Operating Income": 24,
        "EBIT": 57,
        "Net Income": 33
    },
    "2010-06-30": {
        "Diluted EPS": 0.13,
        "Total Revenue": 449,
        "Gross Profit": 57,
        "Operating Income": 23,
        "EBIT": 57,
        "Net Income": 12
    },
    "2010-03-31": {
        "Diluted EPS": 0.31,
        "Total Revenue": 467,
        "Gross Profit": 81,
        "Operating Income": 48,
        "EBIT": 81,
        "Net Income": 29
    },
    "2009-12-31": {
        "Diluted EPS": 0.28,
        "Total Revenue": 382,
        "Gross Profit": 73,
        "Operating Income": 41,
        "EBIT": 73,
        "Net Income": 26
    },
    "2009-09-30": {
        "Diluted EPS": -0.01,
        "Total Revenue": 317,
        "Gross Profit": 31,
        "Operating Income": 3,
        "EBIT": 31,
        "Net Income": -1
    },
    "2009-06-30": {
        "Diluted EPS": -0.06,
        "Total Revenue": 246,
        "Gross Profit": 25,
        "Operating Income": -4,
        "EBIT": 25,
        "Net Income": -6
    },
    "2009-03-31": {
        "Diluted EPS": -0.2,
        "Total Revenue": 254,
        "Gross Profit": 13,
        "Operating Income": -16,
        "EBIT": 13,
        "Net Income": -18
    },
    "2023-09-30": {
        "Tax Effect Of Unusual Items": 0.0,
        "Tax Rate For Calcs": 0.4,
        "Normalized EBITDA": 150733000.0,
        "Net Income From Continuing Operation Net Minority Interest": 24189000.0,
        "Reconciled Depreciation": 98285000.0,
        "Reconciled Cost Of Revenue": 730047000.0,
        "EBITDA": 150733000.0,
        "EBIT": 52448000.0,
        "Net Interest Income": -24231000.0,
        "Interest Expense": 26360000.0,
        "Interest Income": 2129000.0,
        "Normalized Income": 24189000.0,
        "Net Income From Continuing And Discontinued Operation": 24189000.0,
        "Total Expenses": 828332000.0,
        "Total Operating Income As Reported": -5060000.0,
        "Diluted NI Availto Com Stockholders": 24189000.0,
        "Average Dilution Earnings": 0.0,
        "Net Income Common Stockholders": 24189000.0,
        "Net Income": 24189000.0,
        "Minority Interests": -19431000.0,
        "Net Income Including Noncontrolling Interests": 43620000.0,
        "Net Income Continuous Operations": 43620000.0,
        "Tax Provision": -17532000.0,
        "Pretax Income": 26088000.0,
        "Other Income Expense": 55379000.0,
        "Earnings From Equity Interest": 55379000.0,
        "Net Non Operating Interest Income Expense": -24231000.0,
        "Interest Expense Non Operating": 26360000.0,
        "Interest Income Non Operating": 2129000.0,
        "Operating Income": -5060000.0,
        "Operating Expense": 98285000.0,
        "Depreciation Amortization Depletion Income Statement": 98285000.0,
        "Depreciation And Amortization In Income Statement": 98285000.0,
        "Gross Profit": 93225000.0,
        "Cost Of Revenue": 730047000.0,
        "Total Revenue": 823272000.0,
        "Operating Revenue": 823272000.0
    }
}