{
    "2023-03-31": {
        "Tax Effect Of Unusual Items": 0.0,
        "Tax Rate For Calcs": 0.15,
        "Normalized EBITDA": 30704000.0,
        "Total Unusual Items": NaN,
        "Total Unusual Items Excluding Goodwill": NaN,
        "Net Income From Continuing Operation Net Minority Interest": -30578000.0,
        "Reconciled Depreciation": 47591000.0,
        "Reconciled Cost Of Revenue": 508836000.0,
        "EBITDA": 30704000.0,
        "EBIT": -16887000.0,
        "Net Interest Income": -19047000.0,
        "Interest Expense": 19047000.0,
        "Normalized Income": -30578000.0,
        "Net Income From Continuing And Discontinued Operation": -30578000.0,
        "Total Expenses": 542787000.0,
        "Total Operating Income As Reported": -20121000.0,
        "Diluted NI Availto Com Stockholders": -30578000.0,
        "Net Income Common Stockholders": -30578000.0,
        "Net Income": -30578000.0,
        "Net Income Including Noncontrolling Interests": -30578000.0,
        "Net Income Continuous Operations": -30578000.0,
        "Tax Provision": -5356000.0,
        "Pretax Income": -35934000.0,
        "Other Income Expense": 3234000.0,
        "Other Non Operating Income Expenses": 3234000.0,
        "Special Income Charges": NaN,
        "Net Non Operating Interest Income Expense": -19047000.0,
        "Interest Expense Non Operating": 19047000.0,
        "Operating Income": -20121000.0,
        "Operating Expense": 33951000.0,
        "Selling General And Administration": 33951000.0,
        "Gross Profit": 13830000.0,
        "Cost Of Revenue": 508836000.0,
        "Total Revenue": 522666000.0,
        "Operating Revenue": 522666000.0
    },
    "2022-12-31": {
        "Tax Effect Of Unusual Items": 5560084.939927,
        "Tax Rate For Calcs": 0.300643,
        "Normalized EBITDA": 77771000.0,
        "Total Unusual Items": 18494000.0,
        "Total Unusual Items Excluding Goodwill": 18494000.0,
        "Net Income From Continuing Operation Net Minority Interest": 20024000.0,
        "Reconciled Depreciation": 48865000.0,
        "Reconciled Cost Of Revenue": 500037000.0,
        "EBITDA": 96265000.0,
        "EBIT": 47400000.0,
        "Net Interest Income": -18768000.0,
        "Interest Expense": 18768000.0,
        "Normalized Income": 7090084.939927,
        "Net Income From Continuing And Discontinued Operation": 20024000.0,
        "Total Expenses": 535793000.0,
        "Total Operating Income As Reported": 47263000.0,
        "Diluted NI Availto Com Stockholders": 20024000.0,
        "Net Income Common Stockholders": 20024000.0,
        "Net Income": 20024000.0,
        "Net Income Including Noncontrolling Interests": 20024000.0,
        "Net Income Continuous Operations": 20024000.0,
        "Tax Provision": 8608000.0,
        "Pretax Income": 28632000.0,
        "Other Income Expense": 137000.0,
        "Other Non Operating Income Expenses": -18357000.0,
        "Special Income Charges": 0.0,
        "Net Non Operating Interest Income Expense": -18768000.0,
        "Interest Expense Non Operating": 18768000.0,
        "Operating Income": 47263000.0,
        "Operating Expense": 35756000.0,
        "Selling General And Administration": 35756000.0,
        "Gross Profit": 83019000.0,
        "Cost Of Revenue": 500037000.0,
        "Total Revenue": 583056000.0,
        "Operating Revenue": 583056000.0
    },
    "2022-09-30": {
        "Tax Effect Of Unusual Items": 0.0,
        "Tax Rate For Calcs": 0.32,
        "Normalized EBITDA": 148119000.0,
        "Total Unusual Items": 0.0,
        "Total Unusual Items Excluding Goodwill": 0.0,
        "Net Income From Continuing Operation Net Minority Interest": 66746000.0,
        "Reconciled Depreciation": 32144000.0,
        "Reconciled Cost Of Revenue": 399832000.0,
        "EBITDA": 148119000.0,
        "EBIT": 115975000.0,
        "Net Interest Income": -17935000.0,
        "Interest Expense": 17935000.0,
        "Normalized Income": 66746000.0,
        "Net Income From Continuing And Discontinued Operation": 66746000.0,
        "Total Expenses": 424091000.0,
        "Total Operating Income As Reported": 108723000.0,
        "Diluted Average Shares": 66588974.0,
        "Basic Average Shares": 66132492.0,
        "Diluted EPS": 1.0,
        "Basic EPS": 1.01,
        "Diluted NI Availto Com Stockholders": 66746000.0,
        "Net Income Common Stockholders": 66746000.0,
        "Net Income": 66746000.0,
        "Net Income Including Noncontrolling Interests": 66746000.0,
        "Net Income Continuous Operations": 66746000.0,
        "Tax Provision": 31294000.0,
        "Pretax Income": 98040000.0,
        "Other Income Expense": 7252000.0,
        "Other Non Operating Income Expenses": 7252000.0,
        "Special Income Charges": 0.0,
        "Net Non Operating Interest Income Expense": -17935000.0,
        "Interest Expense Non Operating": 17935000.0,
        "Operating Income": 108723000.0,
        "Operating Expense": 24259000.0,
        "Selling General And Administration": 24259000.0,
        "Gross Profit": 132982000.0,
        "Cost Of Revenue": 399832000.0,
        "Total Revenue": 532814000.0,
        "Operating Revenue": 532814000.0
    },
    "2022-06-30": {
        "Tax Effect Of Unusual Items": 0.0,
        "Tax Rate For Calcs": 0.32,
        "Normalized EBITDA": 153858000.0,
        "Total Unusual Items": 0.0,
        "Total Unusual Items Excluding Goodwill": 0.0,
        "Net Income From Continuing Operation Net Minority Interest": 71372000.0,
        "Reconciled Depreciation": 31028000.0,
        "Reconciled Cost Of Revenue": 434675000.0,
        "EBITDA": 153858000.0,
        "EBIT": 122830000.0,
        "Net Interest Income": -17332000.0,
        "Interest Expense": 17332000.0,
        "Normalized Income": 71372000.0,
        "Net Income From Continuing And Discontinued Operation": 71372000.0,
        "Total Expenses": 458295000.0,
        "Total Operating Income As Reported": 114031000.0,
        "Diluted Average Shares": 66588932.0,
        "Basic Average Shares": 66098975.0,
        "Diluted EPS": 1.07,
        "Basic EPS": 1.08,
        "Diluted NI Availto Com Stockholders": 71372000.0,
        "Net Income Common Stockholders": 71372000.0,
        "Net Income": 71372000.0,
        "Net Income Including Noncontrolling Interests": 71372000.0,
        "Net Income Continuous Operations": 71372000.0,
        "Tax Provision": 34126000.0,
        "Pretax Income": 105498000.0,
        "Other Income Expense": 8799000.0,
        "Other Non Operating Income Expenses": 8799000.0,
        "Special Income Charges": 0.0,
        "Net Non Operating Interest Income Expense": -17332000.0,
        "Interest Expense Non Operating": 17332000.0,
        "Operating Income": 114031000.0,
        "Operating Expense": 23620000.0,
        "Selling General And Administration": 23620000.0,
        "Gross Profit": 137651000.0,
        "Cost Of Revenue": 434675000.0,
        "Total Revenue": 572326000.0,
        "Operating Revenue": 572326000.0
    },
    "2023-06-30": {
        "Tax Effect Of Unusual Items": 0.0,
        "Tax Rate For Calcs": 0.22,
        "Normalized EBITDA": -65542000.0,
        "Total Unusual Items": NaN,
        "Total Unusual Items Excluding Goodwill": NaN,
        "Net Income From Continuing Operation Net Minority Interest": -98306000.0,
        "Reconciled Depreciation": 40152000.0,
        "Reconciled Cost Of Revenue": 606303000.0,
        "EBITDA": -65542000.0,
        "EBIT": -105694000.0,
        "Net Interest Income": -20091000.0,
        "Interest Expense": 20091000.0,
        "Normalized Income": -98306000.0,
        "Net Income From Continuing And Discontinued Operation": -98306000.0,
        "Total Expenses": 638695000.0,
        "Total Operating Income As Reported": -108832000.0,
        "Diluted NI Availto Com Stockholders": -98306000.0,
        "Net Income Common Stockholders": -98306000.0,
        "Net Income": -98306000.0,
        "Net Income Including Noncontrolling Interests": -98306000.0,
        "Net Income Continuous Operations": -98306000.0,
        "Tax Provision": -27479000.0,
        "Pretax Income": -125785000.0,
        "Other Income Expense": 3138000.0,
        "Other Non Operating Income Expenses": 3138000.0,
        "Special Income Charges": NaN,
        "Net Non Operating Interest Income Expense": -20091000.0,
        "Interest Expense Non Operating": 20091000.0,
        "Operating Income": -108832000.0,
        "Operating Expense": 32392000.0,
        "Selling General And Administration": 32392000.0,
        "Gross Profit": -76440000.0,
        "Cost Of Revenue": 606303000.0,
        "Total Revenue": 529863000.0,
        "Operating Revenue": 529863000.0
    },
    "2022-03-31": {
        "Diluted EPS": 1.34,
        "Total Revenue": 593,
        "Gross Profit": 145,
        "Operating Income": 122,
        "EBIT": 154,
        "Net Income": 89
    },
    "2021-12-31": {
        "Diluted EPS": 1.13,
        "Total Revenue": 519,
        "Gross Profit": 149,
        "Operating Income": 130,
        "EBIT": 165,
        "Net Income": 75
    },
    "2021-09-30": {
        "Diluted EPS": 1.04,
        "Total Revenue": 470,
        "Gross Profit": 133,
        "Operating Income": 114,
        "EBIT": 148,
        "Net Income": 69
    },
    "2021-06-30": {
        "Diluted EPS": 0.32,
        "Total Revenue": 402,
        "Gross Profit": 72,
        "Operating Income": 52,
        "EBIT": 84,
        "Net Income": 21
    },
    "2021-03-31": {
        "Diluted EPS": 0.09,
        "Total Revenue": 413,
        "Gross Profit": 72,
        "Operating Income": 51,
        "EBIT": 82,
        "Net Income": 6
    },
    "2020-12-31": {
        "Diluted EPS": -0.19,
        "Total Revenue": 398,
        "Gross Profit": 33,
        "Operating Income": 16,
        "EBIT": 50,
        "Net Income": -13
    },
    "2020-09-30": {
        "Diluted EPS": 0.11,
        "Total Revenue": 333,
        "Gross Profit": 29,
        "Operating Income": 14,
        "EBIT": 46,
        "Net Income": 8
    },
    "2020-06-30": {
        "Diluted EPS": -0.13,
        "Total Revenue": 341,
        "Gross Profit": 27,
        "Operating Income": 10,
        "EBIT": 41,
        "Net Income": -8
    },
    "2020-03-31": {
        "Diluted EPS": -0.05,
        "Total Revenue": 351,
        "Gross Profit": 42,
        "Operating Income": 24,
        "EBIT": 57,
        "Net Income": -3
    },
    "2019-12-31": {
        "Diluted EPS": -1.11,
        "Total Revenue": 331,
        "Gross Profit": -47,
        "Operating Income": -66,
        "EBIT": -34,
        "Net Income": -73
    },
    "2019-09-30": {
        "Diluted EPS": 0.02,
        "Total Revenue": 384,
        "Gross Profit": 37,
        "Operating Income": 19,
        "EBIT": 51,
        "Net Income": 1
    },
    "2019-06-30": {
        "Diluted EPS": 0.16,
        "Total Revenue": 426,
        "Gross Profit": 57,
        "Operating Income": 38,
        "EBIT": 70,
        "Net Income": 10
    },
    "2019-03-31": {
        "Diluted EPS": 0.78,
        "Total Revenue": 484,
        "Gross Profit": 111,
        "Operating Income": 94,
        "EBIT": 124,
        "Net Income": 52
    },
    "2018-12-31": {
        "Diluted EPS": 0.68,
        "Total Revenue": 412,
        "Gross Profit": 109,
        "Operating Income": 91,
        "EBIT": 118,
        "Net Income": 45
    },
    "2018-09-30": {
        "Diluted EPS": 0.63,
        "Total Revenue": 331,
        "Gross Profit": 78,
        "Operating Income": 63,
        "EBIT": 87,
        "Net Income": 41
    },
    "2018-06-30": {
        "Diluted EPS": 0.26,
        "Total Revenue": 347,
        "Gross Profit": 52,
        "Operating Income": 37,
        "EBIT": 60,
        "Net Income": 17
    },
    "2018-03-31": {
        "Diluted EPS": 0.39,
        "Total Revenue": 368,
        "Gross Profit": 90,
        "Operating Income": 76,
        "EBIT": 99,
        "Net Income": 26
    },
    "2017-12-31": {
        "Diluted EPS": 0.64,
        "Total Revenue": 338,
        "Gross Profit": 81,
        "Operating Income": 67,
        "EBIT": 89,
        "Net Income": 42
    },
    "2017-09-30": {
        "Diluted EPS": 0.32,
        "Total Revenue": 305,
        "Gross Profit": 54,
        "Operating Income": 42,
        "EBIT": 64,
        "Net Income": 21
    },
    "2017-06-30": {
        "Diluted EPS": -0.03,
        "Total Revenue": 283,
        "Gross Profit": 32,
        "Operating Income": 19,
        "EBIT": 39,
        "Net Income": -2
    },
    "2017-03-31": {
        "Diluted EPS": 0.15,
        "Total Revenue": 243,
        "Gross Profit": 51,
        "Operating Income": 41,
        "EBIT": 61,
        "Net Income": 10
    },
    "2016-12-31": {
        "Diluted EPS": 0.29,
        "Total Revenue": 222,
        "Gross Profit": 51,
        "Operating Income": 39,
        "EBIT": 58,
        "Net Income": 18
    },
    "2016-09-30": {
        "Diluted EPS": 0.18,
        "Total Revenue": 238,
        "Gross Profit": 40,
        "Operating Income": 30,
        "EBIT": 48,
        "Net Income": 12
    },
    "2016-06-30": {
        "Diluted EPS": -0.07,
        "Total Revenue": 218,
        "Gross Profit": 27,
        "Operating Income": 17,
        "EBIT": 35,
        "Net Income": -4
    },
    "2016-03-31": {
        "Diluted EPS": 0.14,
        "Total Revenue": 254,
        "Gross Profit": 40,
        "Operating Income": 28,
        "EBIT": 45,
        "Net Income": 9
    },
    "2015-12-31": {
        "Diluted EPS": 0.34,
        "Total Revenue": 238,
        "Gross Profit": 55,
        "Operating Income": 44,
        "EBIT": 62,
        "Net Income": 22
    },
    "2015-09-30": {
        "Diluted EPS": 0.37,
        "Total Revenue": 271,
        "Gross Profit": 56,
        "Operating Income": 44,
        "EBIT": 61,
        "Net Income": 24
    },
    "2015-06-30": {
        "Diluted EPS": 0.25,
        "Total Revenue": 267,
        "Gross Profit": 45,
        "Operating Income": 34,
        "EBIT": 50,
        "Net Income": 16
    },
    "2015-03-31": {
        "Diluted EPS": 0.21,
        "Total Revenue": 258,
        "Gross Profit": 55,
        "Operating Income": 44,
        "EBIT": 61,
        "Net Income": 14
    },
    "2014-12-31": {
        "Diluted EPS": 0.06,
        "Total Revenue": 283,
        "Gross Profit": 66,
        "Operating Income": 52,
        "EBIT": 71,
        "Net Income": 3
    },
    "2014-09-30": {
        "Diluted EPS": 1.37,
        "Total Revenue": 302,
        "Gross Profit": 59,
        "Operating Income": 48,
        "EBIT": 68,
        "Net Income": 88
    },
    "2014-06-30": {
        "Diluted EPS": 0.01,
        "Total Revenue": 285,
        "Gross Profit": 35,
        "Operating Income": 22,
        "EBIT": 42,
        "Net Income": 1
    },
    "2014-03-31": {
        "Diluted EPS": 0.37,
        "Total Revenue": 306,
        "Gross Profit": 50,
        "Operating Income": 39,
        "EBIT": 59,
        "Net Income": 21
    },
    "2013-12-31": {
        "Diluted EPS": -0.18,
        "Total Revenue": 283,
        "Gross Profit": 24,
        "Operating Income": 7,
        "EBIT": 27,
        "Net Income": -10
    },
    "2013-09-30": {
        "Diluted EPS": -0.05,
        "Total Revenue": 269,
        "Gross Profit": 30,
        "Operating Income": 13,
        "EBIT": 33,
        "Net Income": -3
    },
    "2013-06-30": {
        "Diluted EPS": -0.23,
        "Total Revenue": 275,
        "Gross Profit": 11,
        "Operating Income": -1,
        "EBIT": 18,
        "Net Income": -13
    },
    "2013-03-31": {
        "Diluted EPS": -0.01,
        "Total Revenue": 262,
        "Gross Profit": 24,
        "Operating Income": 13,
        "EBIT": 32,
        "Net Income": -1
    },
    "2012-12-31": {
        "Diluted EPS": 0.0,
        "Total Revenue": NaN,
        "Gross Profit": NaN,
        "Operating Income": NaN,
        "EBIT": NaN,
        "Net Income": NaN
    },
    "2012-09-30": {
        "Diluted EPS": 0.0,
        "Total Revenue": NaN,
        "Gross Profit": NaN,
        "Operating Income": NaN,
        "EBIT": NaN,
        "Net Income": NaN
    },
    "2012-06-30": {
        "Diluted EPS": 0.0,
        "Total Revenue": NaN,
        "Gross Profit": NaN,
        "Operating Income": NaN,
        "EBIT": NaN,
        "Net Income": NaN
    },
    "2012-03-31": {
        "Diluted EPS": 0.0,
        "Total Revenue": NaN,
        "Gross Profit": NaN,
        "Operating Income": NaN,
        "EBIT": NaN,
        "Net Income": NaN
    },
    "2011-12-31": {
        "Diluted EPS": 0.0,
        "Total Revenue": NaN,
        "Gross Profit": NaN,
        "Operating Income": NaN,
        "EBIT": NaN,
        "Net Income": NaN
    },
    "2011-09-30": {
        "Diluted EPS": 0.0,
        "Total Revenue": NaN,
        "Gross Profit": NaN,
        "Operating Income": NaN,
        "EBIT": NaN,
        "Net Income": NaN
    },
    "2011-06-30": {
        "Diluted EPS": 0.0,
        "Total Revenue": NaN,
        "Gross Profit": NaN,
        "Operating Income": NaN,
        "EBIT": NaN,
        "Net Income": NaN
    },
    "2011-03-31": {
        "Diluted EPS": 0.0,
        "Total Revenue": NaN,
        "Gross Profit": NaN,
        "Operating Income": NaN,
        "EBIT": NaN,
        "Net Income": NaN
    },
    "2010-12-31": {
        "Diluted EPS": 0.0,
        "Total Revenue": NaN,
        "Gross Profit": NaN,
        "Operating Income": NaN,
        "EBIT": NaN,
        "Net Income": NaN
    },
    "2010-09-30": {
        "Diluted EPS": 0.0,
        "Total Revenue": NaN,
        "Gross Profit": NaN,
        "Operating Income": NaN,
        "EBIT": NaN,
        "Net Income": NaN
    },
    "2010-06-30": {
        "Diluted EPS": 0.0,
        "Total Revenue": NaN,
        "Gross Profit": NaN,
        "Operating Income": NaN,
        "EBIT": NaN,
        "Net Income": NaN
    },
    "2010-03-31": {
        "Diluted EPS": 0.0,
        "Total Revenue": NaN,
        "Gross Profit": NaN,
        "Operating Income": NaN,
        "EBIT": NaN,
        "Net Income": NaN
    },
    "2009-12-31": {
        "Diluted EPS": 0.0,
        "Total Revenue": NaN,
        "Gross Profit": NaN,
        "Operating Income": NaN,
        "EBIT": NaN,
        "Net Income": NaN
    },
    "2009-09-30": {
        "Diluted EPS": 0.0,
        "Total Revenue": NaN,
        "Gross Profit": NaN,
        "Operating Income": NaN,
        "EBIT": NaN,
        "Net Income": NaN
    },
    "2009-06-30": {
        "Diluted EPS": 0.0,
        "Total Revenue": NaN,
        "Gross Profit": NaN,
        "Operating Income": NaN,
        "EBIT": NaN,
        "Net Income": NaN
    },
    "2009-03-31": {
        "Diluted EPS": 0.0,
        "Total Revenue": NaN,
        "Gross Profit": NaN,
        "Operating Income": NaN,
        "EBIT": NaN,
        "Net Income": NaN
    },
    "2023-09-30": {
        "Tax Effect Of Unusual Items": 0.0,
        "Tax Rate For Calcs": 0.4,
        "Normalized EBITDA": 40844000.0,
        "Total Unusual Items": NaN,
        "Total Unusual Items Excluding Goodwill": NaN,
        "Net Income From Continuing Operation Net Minority Interest": -25956000.0,
        "Reconciled Depreciation": 40953000.0,
        "Reconciled Cost Of Revenue": 444151000.0,
        "EBITDA": 40844000.0,
        "EBIT": -109000.0,
        "Net Interest Income": -21863000.0,
        "Interest Expense": 21863000.0,
        "Normalized Income": -25956000.0,
        "Net Income From Continuing And Discontinued Operation": -25956000.0,
        "Total Expenses": 474247000.0,
        "Total Operating Income As Reported": -3426000.0,
        "Diluted NI Availto Com Stockholders": -25956000.0,
        "Net Income Common Stockholders": -25956000.0,
        "Net Income": -25956000.0,
        "Net Income Including Noncontrolling Interests": -25956000.0,
        "Net Income Continuous Operations": -25956000.0,
        "Tax Provision": 3984000.0,
        "Pretax Income": -21972000.0,
        "Other Income Expense": 3317000.0,
        "Other Non Operating Income Expenses": 3317000.0,
        "Special Income Charges": NaN,
        "Net Non Operating Interest Income Expense": -21863000.0,
        "Interest Expense Non Operating": 21863000.0,
        "Operating Income": -3426000.0,
        "Operating Expense": 30096000.0,
        "Selling General And Administration": 30096000.0,
        "Gross Profit": 26670000.0,
        "Cost Of Revenue": 444151000.0,
        "Total Revenue": 470821000.0,
        "Operating Revenue": 470821000.0
    }
}