{
    "2023-03-31": {
        "Tax Effect Of Unusual Items": -820288.0,
        "Tax Rate For Calcs": 0.056,
        "Normalized EBITDA": 7000000.0,
        "Total Unusual Items": -14648000.0,
        "Total Unusual Items Excluding Goodwill": -14648000.0,
        "Net Income From Continuing Operation Net Minority Interest": -35122000.0,
        "Reconciled Depreciation": 16541000.0,
        "Reconciled Cost Of Revenue": 118191000.0,
        "EBITDA": -7648000.0,
        "EBIT": -24189000.0,
        "Net Interest Income": -12981000.0,
        "Interest Expense": 13030000.0,
        "Interest Income": 49000.0,
        "Normalized Income": -21294288.0,
        "Net Income From Continuing And Discontinued Operation": -35122000.0,
        "Total Expenses": 131962000.0,
        "Rent Expense Supplemental": 835000.0,
        "Total Operating Income As Reported": -26871000.0,
        "Diluted Average Shares": 39932000.0,
        "Basic Average Shares": 39932000.0,
        "Diluted EPS": -0.88,
        "Basic EPS": -0.88,
        "Diluted NI Availto Com Stockholders": -35122000.0,
        "Net Income Common Stockholders": -35122000.0,
        "Net Income": -35122000.0,
        "Net Income Including Noncontrolling Interests": -35122000.0,
        "Net Income Continuous Operations": -35122000.0,
        "Tax Provision": -2097000.0,
        "Pretax Income": -37219000.0,
        "Other Income Expense": -14110000.0,
        "Other Non Operating Income Expenses": 538000.0,
        "Special Income Charges": -16743000.0,
        "Gain On Sale Of Ppe": NaN,
        "Impairment Of Capital Assets": 16743000.0,
        "Gain On Sale Of Security": 2095000.0,
        "Net Non Operating Interest Income Expense": -12981000.0,
        "Interest Expense Non Operating": 13030000.0,
        "Interest Income Non Operating": 49000.0,
        "Operating Income": -10128000.0,
        "Operating Expense": 13771000.0,
        "Other Operating Expenses": 233000.0,
        "Selling General And Administration": 13538000.0,
        "General And Administrative Expense": 13538000.0,
        "Other Gand A": 13538000.0,
        "Gross Profit": 3643000.0,
        "Cost Of Revenue": 118191000.0,
        "Total Revenue": 121834000.0,
        "Operating Revenue": 103782000.0
    },
    "2022-12-31": {
        "Tax Effect Of Unusual Items": -502014.0,
        "Tax Rate For Calcs": 0.093,
        "Normalized EBITDA": 21857000.0,
        "Total Unusual Items": -5398000.0,
        "Total Unusual Items Excluding Goodwill": -5398000.0,
        "Net Income From Continuing Operation Net Minority Interest": -9090000.0,
        "Reconciled Depreciation": 15203000.0,
        "Reconciled Cost Of Revenue": 125893000.0,
        "EBITDA": 16459000.0,
        "EBIT": 1256000.0,
        "Net Interest Income": -11205000.0,
        "Interest Expense": 11276000.0,
        "Interest Income": 71000.0,
        "Normalized Income": -4194014.0,
        "Net Income From Continuing And Discontinued Operation": -9090000.0,
        "Total Expenses": 141007000.0,
        "Rent Expense Supplemental": 4083000.0,
        "Total Operating Income As Reported": 2447000.0,
        "Diluted Average Shares": 36378000.0,
        "Basic Average Shares": 36378000.0,
        "Diluted EPS": -0.25,
        "Basic EPS": -0.25,
        "Diluted NI Availto Com Stockholders": -9090000.0,
        "Net Income Common Stockholders": -9090000.0,
        "Net Income": -9090000.0,
        "Net Income Including Noncontrolling Interests": -9090000.0,
        "Net Income Continuous Operations": -9090000.0,
        "Tax Provision": -930000.0,
        "Pretax Income": -10020000.0,
        "Other Income Expense": -4981000.0,
        "Other Non Operating Income Expenses": 417000.0,
        "Special Income Charges": -3719000.0,
        "Gain On Sale Of Ppe": NaN,
        "Impairment Of Capital Assets": 3719000.0,
        "Gain On Sale Of Security": -1679000.0,
        "Net Non Operating Interest Income Expense": -11205000.0,
        "Interest Expense Non Operating": 11276000.0,
        "Interest Income Non Operating": 71000.0,
        "Operating Income": 6166000.0,
        "Operating Expense": 15114000.0,
        "Other Operating Expenses": 1126000.0,
        "Selling General And Administration": 13988000.0,
        "General And Administrative Expense": 13988000.0,
        "Other Gand A": 13988000.0,
        "Gross Profit": 21280000.0,
        "Cost Of Revenue": 125893000.0,
        "Total Revenue": 147173000.0,
        "Operating Revenue": 128450000.0
    },
    "2022-09-30": {
        "Tax Effect Of Unusual Items": -28625810.016214,
        "Tax Rate For Calcs": 0.222035,
        "Normalized EBITDA": -9191000.0,
        "Total Unusual Items": -128925000.0,
        "Total Unusual Items Excluding Goodwill": -128925000.0,
        "Net Income From Continuing Operation Net Minority Interest": -115636000.0,
        "Reconciled Depreciation": 19630000.0,
        "Reconciled Cost Of Revenue": 117974000.0,
        "EBITDA": -138116000.0,
        "EBIT": -138116000.0,
        "Net Interest Income": -10501000.0,
        "Interest Expense": 10523000.0,
        "Interest Income": 22000.0,
        "Normalized Income": -15336810.016214,
        "Net Income From Continuing And Discontinued Operation": -115636000.0,
        "Total Expenses": 134249000.0,
        "Rent Expense Supplemental": 8670000.0,
        "Total Operating Income As Reported": -141197000.0,
        "Diluted Average Shares": 36336000.0,
        "Basic Average Shares": 36336000.0,
        "Diluted EPS": -3.18,
        "Basic EPS": -3.18,
        "Diluted NI Availto Com Stockholders": -115636000.0,
        "Net Income Common Stockholders": -115636000.0,
        "Net Income": -115636000.0,
        "Net Income Including Noncontrolling Interests": -115636000.0,
        "Net Income Continuous Operations": -115636000.0,
        "Tax Provision": -33003000.0,
        "Pretax Income": -148639000.0,
        "Other Income Expense": -129523000.0,
        "Other Non Operating Income Expenses": -598000.0,
        "Special Income Charges": -127859000.0,
        "Gain On Sale Of Ppe": 4723000.0,
        "Other Special Charges": 233000.0,
        "Write Off": 132349000.0,
        "Impairment Of Capital Assets": NaN,
        "Gain On Sale Of Security": -1066000.0,
        "Net Non Operating Interest Income Expense": -10501000.0,
        "Interest Expense Non Operating": 10523000.0,
        "Interest Income Non Operating": 22000.0,
        "Operating Income": -8615000.0,
        "Operating Expense": 16275000.0,
        "Other Operating Expenses": 3859000.0,
        "Selling General And Administration": 12416000.0,
        "General And Administrative Expense": 12416000.0,
        "Other Gand A": 12416000.0,
        "Gross Profit": 7660000.0,
        "Cost Of Revenue": 117974000.0,
        "Total Revenue": 125634000.0,
        "Operating Revenue": 110701000.0
    },
    "2022-06-30": {
        "Tax Effect Of Unusual Items": -781274.0,
        "Tax Rate For Calcs": 0.199,
        "Normalized EBITDA": 20267000.0,
        "Total Unusual Items": -3926000.0,
        "Total Unusual Items Excluding Goodwill": -3926000.0,
        "Net Income From Continuing Operation Net Minority Interest": -9985000.0,
        "Reconciled Depreciation": 20103000.0,
        "Reconciled Cost Of Revenue": 122350000.0,
        "EBITDA": 16341000.0,
        "EBIT": -3762000.0,
        "Net Interest Income": -8692000.0,
        "Interest Expense": 8716000.0,
        "Interest Income": 24000.0,
        "Normalized Income": -6840274.0,
        "Net Income From Continuing And Discontinued Operation": -9985000.0,
        "Total Expenses": 134184000.0,
        "Rent Expense Supplemental": 9299000.0,
        "Total Operating Income As Reported": 213000.0,
        "Diluted Average Shares": 36183000.0,
        "Basic Average Shares": 36183000.0,
        "Diluted EPS": -0.28,
        "Basic EPS": -0.28,
        "Diluted NI Availto Com Stockholders": -9985000.0,
        "Net Income Common Stockholders": -9985000.0,
        "Net Income": -9985000.0,
        "Net Income Including Noncontrolling Interests": -9985000.0,
        "Net Income Continuous Operations": -9985000.0,
        "Tax Provision": -2493000.0,
        "Pretax Income": -12478000.0,
        "Other Income Expense": -3999000.0,
        "Other Non Operating Income Expenses": -73000.0,
        "Special Income Charges": 0.0,
        "Gain On Sale Of Ppe": NaN,
        "Other Special Charges": NaN,
        "Write Off": 0.0,
        "Impairment Of Capital Assets": NaN,
        "Gain On Sale Of Security": -3926000.0,
        "Net Non Operating Interest Income Expense": -8692000.0,
        "Interest Expense Non Operating": 8716000.0,
        "Interest Income Non Operating": 24000.0,
        "Operating Income": 213000.0,
        "Operating Expense": 11834000.0,
        "Other Operating Expenses": 722000.0,
        "Selling General And Administration": 11112000.0,
        "General And Administrative Expense": 11112000.0,
        "Other Gand A": 11112000.0,
        "Gross Profit": 12047000.0,
        "Cost Of Revenue": 122350000.0,
        "Total Revenue": 134397000.0,
        "Operating Revenue": 118899000.0
    },
    "2022-03-31": {
        "Diluted EPS": -1.19,
        "Total Revenue": 123,
        "Gross Profit": 24,
        "Operating Income": -45,
        "EBIT": -21,
        "Net Income": -43
    },
    "2021-12-31": {
        "Diluted EPS": -0.4,
        "Total Revenue": 148,
        "Gross Profit": 32,
        "Operating Income": -4,
        "EBIT": 20,
        "Net Income": -14
    },
    "2021-09-30": {
        "Diluted EPS": -0.21,
        "Total Revenue": 131,
        "Gross Profit": 15,
        "Operating Income": 5,
        "EBIT": 29,
        "Net Income": -7
    },
    "2021-06-30": {
        "Diluted EPS": 0.11,
        "Total Revenue": 125,
        "Gross Profit": 22,
        "Operating Income": 14,
        "EBIT": 38,
        "Net Income": 4
    },
    "2021-03-31": {
        "Diluted EPS": 0.14,
        "Total Revenue": 97,
        "Gross Profit": -2,
        "Operating Income": 17,
        "EBIT": 39,
        "Net Income": 6
    },
    "2020-12-31": {
        "Diluted EPS": 0.39,
        "Total Revenue": 150,
        "Gross Profit": 49,
        "Operating Income": 27,
        "EBIT": 49,
        "Net Income": 14
    },
    "2020-09-30": {
        "Diluted EPS": 0.32,
        "Total Revenue": 108,
        "Gross Profit": 21,
        "Operating Income": 24,
        "EBIT": 45,
        "Net Income": 11
    },
    "2020-06-30": {
        "Diluted EPS": 0.1,
        "Total Revenue": 73,
        "Gross Profit": 5,
        "Operating Income": 15,
        "EBIT": 36,
        "Net Income": 3
    },
    "2020-03-31": {
        "Diluted EPS": 0.05,
        "Total Revenue": 180,
        "Gross Profit": 49,
        "Operating Income": 14,
        "EBIT": 35,
        "Net Income": 2
    },
    "2019-12-31": {
        "Diluted EPS": 0.31,
        "Total Revenue": 184,
        "Gross Profit": 61,
        "Operating Income": 27,
        "EBIT": 48,
        "Net Income": 11
    },
    "2019-09-30": {
        "Diluted EPS": 0.35,
        "Total Revenue": 188,
        "Gross Profit": 63,
        "Operating Income": 30,
        "EBIT": 51,
        "Net Income": 12
    },
    "2019-06-30": {
        "Diluted EPS": 0.09,
        "Total Revenue": 180,
        "Gross Profit": 59,
        "Operating Income": 17,
        "EBIT": 37,
        "Net Income": 3
    },
    "2019-03-31": {
        "Diluted EPS": 0.38,
        "Total Revenue": 177,
        "Gross Profit": 67,
        "Operating Income": 34,
        "EBIT": 53,
        "Net Income": 13
    },
    "2018-12-31": {
        "Diluted EPS": 0.54,
        "Total Revenue": 178,
        "Gross Profit": 70,
        "Operating Income": 39,
        "EBIT": 58,
        "Net Income": 19
    },
    "2018-09-30": {
        "Diluted EPS": 0.74,
        "Total Revenue": 178,
        "Gross Profit": 70,
        "Operating Income": 42,
        "EBIT": 64,
        "Net Income": 19
    },
    "2018-06-30": {
        "Diluted EPS": -0.48,
        "Total Revenue": 172,
        "Gross Profit": 53,
        "Operating Income": -1,
        "EBIT": 14,
        "Net Income": -11
    },
    "2018-03-31": {
        "Diluted EPS": 0.1,
        "Total Revenue": 168,
        "Gross Profit": 42,
        "Operating Income": 16,
        "EBIT": 30,
        "Net Income": 2
    },
    "2017-12-31": {
        "Diluted EPS": 0.96,
        "Total Revenue": 165,
        "Gross Profit": 42,
        "Operating Income": 15,
        "EBIT": 30,
        "Net Income": 23
    },
    "2017-09-30": {
        "Diluted EPS": 0.0,
        "Total Revenue": NaN,
        "Gross Profit": NaN,
        "Operating Income": NaN,
        "EBIT": NaN,
        "Net Income": NaN
    },
    "2017-06-30": {
        "Diluted EPS": 0.66,
        "Total Revenue": 167,
        "Gross Profit": 63,
        "Operating Income": 36,
        "EBIT": 36,
        "Net Income": 15
    },
    "2016-09-30": {
        "Diluted EPS": 0.0,
        "Total Revenue": NaN,
        "Gross Profit": NaN,
        "Operating Income": NaN,
        "EBIT": NaN,
        "Net Income": NaN
    },
    "2009-06-30": {
        "Diluted EPS": 0.0,
        "Total Revenue": 233,
        "Gross Profit": 43,
        "Operating Income": 38,
        "EBIT": 43,
        "Net Income": -3
    },
    "2009-03-31": {
        "Diluted EPS": 0.0,
        "Total Revenue": 233,
        "Gross Profit": 41,
        "Operating Income": -2,
        "EBIT": -2,
        "Net Income": -37
    },
    "2023-06-30": {
        "Tax Effect Of Unusual Items": -1149940.0,
        "Tax Rate For Calcs": 0.055,
        "Normalized EBITDA": -2085000.0,
        "Total Unusual Items": -20908000.0,
        "Total Unusual Items Excluding Goodwill": -20908000.0,
        "Net Income From Continuing Operation Net Minority Interest": -47560000.0,
        "Reconciled Depreciation": 15316000.0,
        "Reconciled Cost Of Revenue": 118809000.0,
        "EBITDA": -22993000.0,
        "EBIT": -38309000.0,
        "Net Interest Income": -12007000.0,
        "Interest Expense": 12015000.0,
        "Interest Income": 8000.0,
        "Normalized Income": -27801940.0,
        "Net Income From Continuing And Discontinued Operation": -47560000.0,
        "Total Expenses": 131154000.0,
        "Rent Expense Supplemental": 864000.0,
        "Total Operating Income As Reported": -40230000.0,
        "Diluted Average Shares": 40688000.0,
        "Basic Average Shares": 40688000.0,
        "Diluted EPS": -1.17,
        "Basic EPS": -1.17,
        "Diluted NI Availto Com Stockholders": -47560000.0,
        "Net Income Common Stockholders": -47560000.0,
        "Net Income": -47560000.0,
        "Net Income Including Noncontrolling Interests": -47560000.0,
        "Net Income Continuous Operations": -47560000.0,
        "Tax Provision": -2764000.0,
        "Pretax Income": -50324000.0,
        "Other Income Expense": -21854000.0,
        "Other Non Operating Income Expenses": -946000.0,
        "Special Income Charges": -23767000.0,
        "Gain On Sale Of Ppe": 6722000.0,
        "Impairment Of Capital Assets": 30489000.0,
        "Gain On Sale Of Security": 2859000.0,
        "Net Non Operating Interest Income Expense": -12007000.0,
        "Interest Expense Non Operating": 12015000.0,
        "Interest Income Non Operating": 8000.0,
        "Operating Income": -16463000.0,
        "Operating Expense": 12345000.0,
        "Other Operating Expenses": 999000.0,
        "Selling General And Administration": 11346000.0,
        "General And Administrative Expense": 11346000.0,
        "Other Gand A": 11346000.0,
        "Gross Profit": -4118000.0,
        "Cost Of Revenue": 118809000.0,
        "Total Revenue": 114691000.0,
        "Operating Revenue": 94356000.0
    },
    "2023-09-30": {
        "Tax Effect Of Unusual Items": -129111.856609,
        "Tax Rate For Calcs": 0.09438,
        "Normalized EBITDA": -3032000.0,
        "Total Unusual Items": -1368000.0,
        "Total Unusual Items Excluding Goodwill": -1368000.0,
        "Net Income From Continuing Operation Net Minority Interest": -28345000.0,
        "Reconciled Depreciation": 13299000.0,
        "Reconciled Cost Of Revenue": 120062000.0,
        "EBITDA": -4400000.0,
        "EBIT": -17699000.0,
        "Net Interest Income": -13582000.0,
        "Interest Expense": 13600000.0,
        "Interest Income": 18000.0,
        "Normalized Income": -27106111.856609,
        "Net Income From Continuing And Discontinued Operation": -28345000.0,
        "Total Expenses": 131107000.0,
        "Rent Expense Supplemental": 418000.0,
        "Total Operating Income As Reported": -20242000.0,
        "Diluted Average Shares": 40885000.0,
        "Basic Average Shares": 40885000.0,
        "Diluted EPS": -0.69,
        "Basic EPS": -0.69,
        "Diluted NI Availto Com Stockholders": -28345000.0,
        "Net Income Common Stockholders": -28345000.0,
        "Net Income": -28345000.0,
        "Net Income Including Noncontrolling Interests": -28345000.0,
        "Net Income Continuous Operations": -28345000.0,
        "Tax Provision": -2954000.0,
        "Pretax Income": -31299000.0,
        "Other Income Expense": -976000.0,
        "Other Non Operating Income Expenses": 392000.0,
        "Special Income Charges": -3501000.0,
        "Gain On Sale Of Ppe": -109000.0,
        "Impairment Of Capital Assets": 3392000.0,
        "Gain On Sale Of Security": 2133000.0,
        "Net Non Operating Interest Income Expense": -13582000.0,
        "Interest Expense Non Operating": 13600000.0,
        "Interest Income Non Operating": 18000.0,
        "Operating Income": -16741000.0,
        "Operating Expense": 11045000.0,
        "Other Operating Expenses": 1152000.0,
        "Selling General And Administration": 9893000.0,
        "General And Administrative Expense": 9893000.0,
        "Other Gand A": 9893000.0,
        "Gross Profit": -5696000.0,
        "Cost Of Revenue": 120062000.0,
        "Total Revenue": 114366000.0,
        "Operating Revenue": 94710000.0
    }
}