{
    "2023-03-31": {
        "Tax Effect Of Unusual Items": 0.0,
        "Tax Rate For Calcs": 0.18,
        "Normalized EBITDA": 44966000.0,
        "Net Income From Continuing Operation Net Minority Interest": 25257000.0,
        "Reconciled Depreciation": 11852000.0,
        "Reconciled Cost Of Revenue": 110549000.0,
        "EBITDA": 44966000.0,
        "EBIT": 33114000.0,
        "Net Interest Income": -2309000.0,
        "Interest Expense": 2309000.0,
        "Normalized Income": 25257000.0,
        "Net Income From Continuing And Discontinued Operation": 25257000.0,
        "Total Expenses": 134493000.0,
        "Total Operating Income As Reported": 31867000.0,
        "Diluted Average Shares": 44692000.0,
        "Basic Average Shares": 44281000.0,
        "Diluted EPS": 0.57,
        "Basic EPS": 0.57,
        "Diluted NI Availto Com Stockholders": 25257000.0,
        "Net Income Common Stockholders": 25257000.0,
        "Net Income": 25257000.0,
        "Net Income Including Noncontrolling Interests": 25257000.0,
        "Net Income Continuous Operations": 25257000.0,
        "Tax Provision": 5548000.0,
        "Pretax Income": 30805000.0,
        "Other Income Expense": 1247000.0,
        "Other Non Operating Income Expenses": 1247000.0,
        "Net Non Operating Interest Income Expense": -2309000.0,
        "Total Other Finance Cost": NaN,
        "Interest Expense Non Operating": 2309000.0,
        "Operating Income": 31867000.0,
        "Operating Expense": 23944000.0,
        "Other Operating Expenses": 350000.0,
        "Depreciation Amortization Depletion Income Statement": 11852000.0,
        "Depreciation And Amortization In Income Statement": 11852000.0,
        "Amortization": NaN,
        "Amortization Of Intangibles Income Statement": NaN,
        "Depreciation Income Statement": 11852000.0,
        "Selling General And Administration": 11742000.0,
        "Gross Profit": 55811000.0,
        "Cost Of Revenue": 110549000.0,
        "Total Revenue": 166360000.0,
        "Operating Revenue": 166360000.0
    },
    "2022-12-31": {
        "Tax Effect Of Unusual Items": 0.0,
        "Tax Rate For Calcs": 0.176578,
        "Normalized EBITDA": 30273000.0,
        "Net Income From Continuing Operation Net Minority Interest": 14386000.0,
        "Reconciled Depreciation": 11296000.0,
        "Reconciled Cost Of Revenue": 95430000.0,
        "EBITDA": 30273000.0,
        "EBIT": 18977000.0,
        "Net Interest Income": -1506000.0,
        "Interest Expense": 1506000.0,
        "Normalized Income": 14386000.0,
        "Net Income From Continuing And Discontinued Operation": 14386000.0,
        "Total Expenses": 117106000.0,
        "Total Operating Income As Reported": 18121000.0,
        "Diluted Average Shares": 44571000.0,
        "Basic Average Shares": 44122000.0,
        "Diluted EPS": 0.32,
        "Basic EPS": 0.33,
        "Diluted NI Availto Com Stockholders": 14386000.0,
        "Net Income Common Stockholders": 14386000.0,
        "Net Income": 14386000.0,
        "Net Income Including Noncontrolling Interests": 14386000.0,
        "Net Income Continuous Operations": 14386000.0,
        "Tax Provision": 3085000.0,
        "Pretax Income": 17471000.0,
        "Other Income Expense": 856000.0,
        "Other Non Operating Income Expenses": 856000.0,
        "Net Non Operating Interest Income Expense": -1506000.0,
        "Total Other Finance Cost": NaN,
        "Interest Expense Non Operating": 1506000.0,
        "Operating Income": 18121000.0,
        "Operating Expense": 21676000.0,
        "Other Operating Expenses": -370000.0,
        "Depreciation Amortization Depletion Income Statement": 11296000.0,
        "Depreciation And Amortization In Income Statement": 11296000.0,
        "Amortization": NaN,
        "Amortization Of Intangibles Income Statement": NaN,
        "Depreciation Income Statement": 11296000.0,
        "Selling General And Administration": 10750000.0,
        "Gross Profit": 39797000.0,
        "Cost Of Revenue": 95430000.0,
        "Total Revenue": 135227000.0,
        "Operating Revenue": 135227000.0
    },
    "2022-09-30": {
        "Tax Effect Of Unusual Items": 0.0,
        "Tax Rate For Calcs": 0.2,
        "Normalized EBITDA": 47191000.0,
        "Net Income From Continuing Operation Net Minority Interest": 26905000.0,
        "Reconciled Depreciation": 11435000.0,
        "Reconciled Cost Of Revenue": 79634000.0,
        "EBITDA": 47191000.0,
        "EBIT": 35756000.0,
        "Net Interest Income": -2255000.0,
        "Interest Expense": 2255000.0,
        "Normalized Income": 26905000.0,
        "Net Income From Continuing And Discontinued Operation": 26905000.0,
        "Total Expenses": 100236000.0,
        "Total Operating Income As Reported": 36689000.0,
        "Diluted Average Shares": 44543000.0,
        "Basic Average Shares": 44085000.0,
        "Diluted EPS": 0.6,
        "Basic EPS": 0.61,
        "Diluted NI Availto Com Stockholders": 26905000.0,
        "Net Income Common Stockholders": 26905000.0,
        "Net Income": 26905000.0,
        "Net Income Including Noncontrolling Interests": 26905000.0,
        "Net Income Continuous Operations": 26905000.0,
        "Tax Provision": 6596000.0,
        "Pretax Income": 33501000.0,
        "Other Income Expense": -933000.0,
        "Other Non Operating Income Expenses": -933000.0,
        "Net Non Operating Interest Income Expense": -2255000.0,
        "Total Other Finance Cost": NaN,
        "Interest Expense Non Operating": 2255000.0,
        "Operating Income": 36689000.0,
        "Operating Expense": 20602000.0,
        "Other Operating Expenses": 495000.0,
        "Depreciation Amortization Depletion Income Statement": 11435000.0,
        "Depreciation And Amortization In Income Statement": 11435000.0,
        "Amortization": NaN,
        "Amortization Of Intangibles Income Statement": NaN,
        "Depreciation Income Statement": 11435000.0,
        "Selling General And Administration": 8672000.0,
        "Gross Profit": 57291000.0,
        "Cost Of Revenue": 79634000.0,
        "Total Revenue": 136925000.0,
        "Operating Revenue": 136925000.0
    },
    "2022-06-30": {
        "Tax Effect Of Unusual Items": 0.0,
        "Tax Rate For Calcs": 0.228,
        "Normalized EBITDA": 54818000.0,
        "Net Income From Continuing Operation Net Minority Interest": 33280000.0,
        "Reconciled Depreciation": 9783000.0,
        "Reconciled Cost Of Revenue": 76644000.0,
        "EBITDA": 54818000.0,
        "EBIT": 45035000.0,
        "Net Interest Income": -1937000.0,
        "Interest Expense": 1937000.0,
        "Normalized Income": 33280000.0,
        "Net Income From Continuing And Discontinued Operation": 33280000.0,
        "Total Expenses": 95968000.0,
        "Total Operating Income As Reported": 42687000.0,
        "Diluted Average Shares": 45135000.0,
        "Basic Average Shares": 44271000.0,
        "Diluted EPS": 0.74,
        "Basic EPS": 0.75,
        "Diluted NI Availto Com Stockholders": 33280000.0,
        "Net Income Common Stockholders": 33280000.0,
        "Net Income": 33280000.0,
        "Net Income Including Noncontrolling Interests": 33280000.0,
        "Net Income Continuous Operations": 33280000.0,
        "Tax Provision": 9818000.0,
        "Pretax Income": 43098000.0,
        "Other Income Expense": 2348000.0,
        "Other Non Operating Income Expenses": 2348000.0,
        "Net Non Operating Interest Income Expense": -1937000.0,
        "Total Other Finance Cost": NaN,
        "Interest Expense Non Operating": 1937000.0,
        "Operating Income": 42687000.0,
        "Operating Expense": 19324000.0,
        "Other Operating Expenses": 755000.0,
        "Depreciation Amortization Depletion Income Statement": 9783000.0,
        "Depreciation And Amortization In Income Statement": 9783000.0,
        "Amortization": NaN,
        "Amortization Of Intangibles Income Statement": NaN,
        "Depreciation Income Statement": 9783000.0,
        "Selling General And Administration": 8786000.0,
        "Gross Profit": 62011000.0,
        "Cost Of Revenue": 76644000.0,
        "Total Revenue": 138655000.0,
        "Operating Revenue": 138655000.0
    },
    "2022-03-31": {
        "Diluted EPS": 0.92,
        "Total Revenue": 155,
        "Gross Profit": 74,
        "Operating Income": 53,
        "EBIT": 62,
        "Net Income": 41
    },
    "2021-12-31": {
        "Diluted EPS": 0.41,
        "Total Revenue": 88,
        "Gross Profit": 36,
        "Operating Income": 23,
        "EBIT": 30,
        "Net Income": 19
    },
    "2021-09-30": {
        "Diluted EPS": 0.16,
        "Total Revenue": 76,
        "Gross Profit": 22,
        "Operating Income": 9,
        "EBIT": 16,
        "Net Income": 7
    },
    "2021-06-30": {
        "Diluted EPS": 0.23,
        "Total Revenue": 76,
        "Gross Profit": 18,
        "Operating Income": 7,
        "EBIT": 13,
        "Net Income": 10
    },
    "2021-03-31": {
        "Diluted EPS": 0.1,
        "Total Revenue": 43,
        "Gross Profit": 12,
        "Operating Income": 1,
        "EBIT": 7,
        "Net Income": 4
    },
    "2020-12-31": {
        "Diluted EPS": -0.12,
        "Total Revenue": 51,
        "Gross Profit": 2,
        "Operating Income": -8,
        "EBIT": -3,
        "Net Income": -5
    },
    "2020-09-30": {
        "Diluted EPS": -0.11,
        "Total Revenue": 39,
        "Gross Profit": 4,
        "Operating Income": -8,
        "EBIT": -2,
        "Net Income": -5
    },
    "2020-06-30": {
        "Diluted EPS": 0.06,
        "Total Revenue": 36,
        "Gross Profit": 6,
        "Operating Income": -4,
        "EBIT": 1,
        "Net Income": 3
    },
    "2020-03-31": {
        "Diluted EPS": 0.05,
        "Total Revenue": 42,
        "Gross Profit": 11,
        "Operating Income": 1,
        "EBIT": 6,
        "Net Income": 2
    },
    "2019-12-31": {
        "Diluted EPS": 0.04,
        "Total Revenue": 46,
        "Gross Profit": 12,
        "Operating Income": 2,
        "EBIT": 7,
        "Net Income": 2
    },
    "2019-09-30": {
        "Diluted EPS": 0.14,
        "Total Revenue": 61,
        "Gross Profit": 16,
        "Operating Income": 6,
        "EBIT": 12,
        "Net Income": 6
    },
    "2019-06-30": {
        "Diluted EPS": 0.26,
        "Total Revenue": 66,
        "Gross Profit": 23,
        "Operating Income": 13,
        "EBIT": 18,
        "Net Income": 11
    },
    "2019-03-31": {
        "Diluted EPS": 0.17,
        "Total Revenue": 57,
        "Gross Profit": 16,
        "Operating Income": 8,
        "EBIT": 12,
        "Net Income": 7
    },
    "2018-12-31": {
        "Diluted EPS": 0.09,
        "Total Revenue": 44,
        "Gross Profit": 9,
        "Operating Income": 2,
        "EBIT": 6,
        "Net Income": 3
    },
    "2018-09-30": {
        "Diluted EPS": 0.15,
        "Total Revenue": 62,
        "Gross Profit": 13,
        "Operating Income": 6,
        "EBIT": 9,
        "Net Income": 6
    },
    "2018-06-30": {
        "Diluted EPS": 0.25,
        "Total Revenue": 65,
        "Gross Profit": 17,
        "Operating Income": 11,
        "EBIT": 14,
        "Net Income": 10
    },
    "2018-03-31": {
        "Diluted EPS": 0.13,
        "Total Revenue": 56,
        "Gross Profit": 12,
        "Operating Income": 6,
        "EBIT": 8,
        "Net Income": 5
    },
    "2017-12-31": {
        "Diluted EPS": -0.06,
        "Total Revenue": 24,
        "Gross Profit": 3,
        "Operating Income": -3,
        "EBIT": -1,
        "Net Income": -3
    },
    "2017-09-30": {
        "Diluted EPS": -0.16,
        "Total Revenue": 14,
        "Gross Profit": -2,
        "Operating Income": -6,
        "EBIT": -5,
        "Net Income": -6
    },
    "2017-06-30": {
        "Diluted EPS": -0.09,
        "Total Revenue": 11,
        "Gross Profit": -1,
        "Operating Income": -4,
        "EBIT": -3,
        "Net Income": -3
    },
    "2017-03-31": {
        "Diluted EPS": -0.1,
        "Total Revenue": 12,
        "Gross Profit": 1,
        "Operating Income": -3,
        "EBIT": -3,
        "Net Income": -3
    },
    "2016-12-31": {
        "Diluted EPS": 0.0,
        "Total Revenue": 4,
        "Gross Profit": 0,
        "Operating Income": -2,
        "EBIT": -1,
        "Net Income": -2
    },
    "2016-09-30": {
        "Diluted EPS": -0.07,
        "Total Revenue": 1,
        "Gross Profit": 1,
        "Operating Income": -1,
        "EBIT": -1,
        "Net Income": -2
    },
    "2016-06-30": {
        "Diluted EPS": -0.03,
        "Total Revenue": NaN,
        "Gross Profit": NaN,
        "Operating Income": -1,
        "EBIT": -1,
        "Net Income": -1
    },
    "2016-03-31": {
        "Diluted EPS": -0.17,
        "Total Revenue": NaN,
        "Gross Profit": NaN,
        "Operating Income": -4,
        "EBIT": -4,
        "Net Income": -4
    },
    "2015-12-31": {
        "Diluted EPS": 0.0,
        "Total Revenue": NaN,
        "Gross Profit": NaN,
        "Operating Income": NaN,
        "EBIT": NaN,
        "Net Income": NaN
    },
    "2014-12-31": {
        "Diluted EPS": 0.0,
        "Total Revenue": NaN,
        "Gross Profit": NaN,
        "Operating Income": NaN,
        "EBIT": NaN,
        "Net Income": NaN
    },
    "2023-06-30": {
        "Tax Effect Of Unusual Items": 0.0,
        "Tax Rate For Calcs": 0.246,
        "Normalized EBITDA": 26097000.0,
        "Net Income From Continuing Operation Net Minority Interest": 7556000.0,
        "Reconciled Depreciation": 13555000.0,
        "Reconciled Cost Of Revenue": 99200000.0,
        "EBITDA": 26097000.0,
        "EBIT": 12541000.0,
        "Net Interest Income": -2518000.0,
        "Interest Expense": 2518000.0,
        "Normalized Income": 7556000.0,
        "Net Income From Continuing And Discontinued Operation": 7556000.0,
        "Total Expenses": 127423000.0,
        "Total Operating Income As Reported": 10046000.0,
        "Diluted Average Shares": 44819000.0,
        "Basic Average Shares": 44414000.0,
        "Diluted EPS": 0.17,
        "Basic EPS": 0.17,
        "Diluted NI Availto Com Stockholders": 7556000.0,
        "Net Income Common Stockholders": 7556000.0,
        "Net Income": 7556000.0,
        "Net Income Including Noncontrolling Interests": 7556000.0,
        "Net Income Continuous Operations": 7556000.0,
        "Tax Provision": 2467000.0,
        "Pretax Income": 10023000.0,
        "Other Income Expense": 2495000.0,
        "Other Non Operating Income Expenses": 2495000.0,
        "Net Non Operating Interest Income Expense": -2518000.0,
        "Total Other Finance Cost": NaN,
        "Interest Expense Non Operating": 2518000.0,
        "Operating Income": 10046000.0,
        "Operating Expense": 28224000.0,
        "Other Operating Expenses": 349000.0,
        "Depreciation Amortization Depletion Income Statement": 13556000.0,
        "Depreciation And Amortization In Income Statement": 13556000.0,
        "Amortization": 3896000.0,
        "Amortization Of Intangibles Income Statement": 3896000.0,
        "Depreciation Income Statement": 9660000.0,
        "Selling General And Administration": 14319000.0,
        "Gross Profit": 38270000.0,
        "Cost Of Revenue": 99199000.0,
        "Total Revenue": 137469000.0,
        "Operating Revenue": 137469000.0
    },
    "2023-09-30": {
        "Tax Effect Of Unusual Items": 0.0,
        "Tax Rate For Calcs": 0.22,
        "Normalized EBITDA": 30524000.0,
        "Net Income From Continuing Operation Net Minority Interest": 19462000.0,
        "Reconciled Depreciation": 14443000.0,
        "Reconciled Cost Of Revenue": 144635000.0,
        "EBITDA": 30524000.0,
        "EBIT": 16081000.0,
        "Net Interest Income": -2447000.0,
        "Interest Expense": NaN,
        "Normalized Income": 19462000.0,
        "Net Income From Continuing And Discontinued Operation": 19462000.0,
        "Total Expenses": 170885000.0,
        "Total Operating Income As Reported": 16081000.0,
        "Diluted Average Shares": 48655000.0,
        "Basic Average Shares": 47468293.0,
        "Diluted EPS": 0.4,
        "Basic EPS": 0.41,
        "Diluted NI Availto Com Stockholders": 19462000.0,
        "Net Income Common Stockholders": 19462000.0,
        "Net Income": 19462000.0,
        "Net Income Including Noncontrolling Interests": 19462000.0,
        "Net Income Continuous Operations": 19462000.0,
        "Tax Provision": 5505000.0,
        "Pretax Income": 24967000.0,
        "Other Income Expense": 11333000.0,
        "Other Non Operating Income Expenses": 11333000.0,
        "Net Non Operating Interest Income Expense": -2447000.0,
        "Total Other Finance Cost": 2447000.0,
        "Interest Expense Non Operating": NaN,
        "Operating Income": 16081000.0,
        "Operating Expense": 26250000.0,
        "Other Operating Expenses": 349000.0,
        "Depreciation Amortization Depletion Income Statement": 14443000.0,
        "Depreciation And Amortization In Income Statement": 14443000.0,
        "Amortization": NaN,
        "Amortization Of Intangibles Income Statement": NaN,
        "Depreciation Income Statement": 14443000.0,
        "Selling General And Administration": 11458000.0,
        "Gross Profit": 42331000.0,
        "Cost Of Revenue": 144635000.0,
        "Total Revenue": 186966000.0,
        "Operating Revenue": 186966000.0
    }
}