{
    "2023-03-31": {
        "Tax Effect Of Unusual Items": 0.0,
        "Tax Rate For Calcs": 0.180043,
        "Normalized EBITDA": 70000000.0,
        "Net Income From Continuing Operation Net Minority Interest": 31078000.0,
        "Reconciled Depreciation": 24611000.0,
        "Reconciled Cost Of Revenue": 146998000.0,
        "EBIT": 45389000.0,
        "Net Interest Income": -7487000.0,
        "Interest Expense": 7487000.0,
        "Normalized Income": 31078000.0,
        "Net Income From Continuing And Discontinued Operation": 31078000.0,
        "Total Expenses": 177219000.0,
        "Total Operating Income As Reported": 40034000.0,
        "Diluted Average Shares": 36180000.0,
        "Basic Average Shares": 36163000.0,
        "Diluted EPS": 0.86,
        "Basic EPS": 0.86,
        "Diluted NI Availto Com Stockholders": 31078000.0,
        "Net Income Common Stockholders": 31078000.0,
        "Net Income": 31078000.0,
        "Net Income Including Noncontrolling Interests": 31078000.0,
        "Net Income Continuous Operations": 31078000.0,
        "Tax Provision": 6824000.0,
        "Pretax Income": 37902000.0,
        "Other Income Expense": 5355000.0,
        "Other Non Operating Income Expenses": 5355000.0,
        "Net Non Operating Interest Income Expense": -7487000.0,
        "Interest Expense Non Operating": 7487000.0,
        "Operating Income": 40034000.0,
        "Operating Expense": 30221000.0,
        "Other Taxes": 5610000.0,
        "Depreciation Amortization Depletion Income Statement": 24611000.0,
        "Depreciation And Amortization In Income Statement": 24611000.0,
        "Gross Profit": 70255000.0,
        "Cost Of Revenue": 146998000.0,
        "Total Revenue": 217253000.0,
        "Operating Revenue": 217253000.0
    },
    "2022-12-31": {
        "Tax Effect Of Unusual Items": 0.0,
        "Tax Rate For Calcs": 0.200129,
        "Normalized EBITDA": 55048000.0,
        "Net Income From Continuing Operation Net Minority Interest": 21051000.0,
        "Reconciled Depreciation": 21769000.0,
        "Reconciled Cost Of Revenue": 135076000.0,
        "EBIT": 33279000.0,
        "Net Interest Income": -6961000.0,
        "Interest Expense": 6961000.0,
        "Normalized Income": 21051000.0,
        "Net Income From Continuing And Discontinued Operation": 21051000.0,
        "Total Expenses": 161898000.0,
        "Total Operating Income As Reported": 27935000.0,
        "Diluted Average Shares": NaN,
        "Basic Average Shares": NaN,
        "Diluted EPS": NaN,
        "Basic EPS": NaN,
        "Diluted NI Availto Com Stockholders": 21051000.0,
        "Net Income Common Stockholders": 21051000.0,
        "Net Income": 21051000.0,
        "Net Income Including Noncontrolling Interests": 21051000.0,
        "Net Income Continuous Operations": 21051000.0,
        "Tax Provision": 5267000.0,
        "Pretax Income": 26318000.0,
        "Other Income Expense": 5344000.0,
        "Other Non Operating Income Expenses": 5344000.0,
        "Net Non Operating Interest Income Expense": -6961000.0,
        "Interest Expense Non Operating": 6961000.0,
        "Operating Income": 27935000.0,
        "Operating Expense": 26822000.0,
        "Other Taxes": 5053000.0,
        "Depreciation Amortization Depletion Income Statement": 21769000.0,
        "Depreciation And Amortization In Income Statement": 21769000.0,
        "Gross Profit": 54757000.0,
        "Cost Of Revenue": 135076000.0,
        "Total Revenue": 189833000.0,
        "Operating Revenue": 189833000.0
    },
    "2022-09-30": {
        "Tax Effect Of Unusual Items": 0.0,
        "Tax Rate For Calcs": 0.195284,
        "Normalized EBITDA": 70002000.0,
        "Net Income From Continuing Operation Net Minority Interest": 33720000.0,
        "Reconciled Depreciation": 21447000.0,
        "Reconciled Cost Of Revenue": 94355000.0,
        "EBIT": 48555000.0,
        "Net Interest Income": -6652000.0,
        "Interest Expense": 6652000.0,
        "Normalized Income": 33720000.0,
        "Net Income From Continuing And Discontinued Operation": 33720000.0,
        "Total Expenses": 120913000.0,
        "Total Operating Income As Reported": 42487000.0,
        "Diluted Average Shares": 36176000.0,
        "Basic Average Shares": 36163000.0,
        "Diluted EPS": 0.93,
        "Basic EPS": 0.93,
        "Diluted NI Availto Com Stockholders": 33720000.0,
        "Net Income Common Stockholders": 33720000.0,
        "Net Income": 33720000.0,
        "Net Income Including Noncontrolling Interests": 33720000.0,
        "Net Income Continuous Operations": 33720000.0,
        "Tax Provision": 8183000.0,
        "Pretax Income": 41903000.0,
        "Other Income Expense": 6068000.0,
        "Other Non Operating Income Expenses": 6068000.0,
        "Net Non Operating Interest Income Expense": -6652000.0,
        "Interest Expense Non Operating": 6652000.0,
        "Operating Income": 42487000.0,
        "Operating Expense": 26558000.0,
        "Other Taxes": 5111000.0,
        "Depreciation Amortization Depletion Income Statement": 21447000.0,
        "Depreciation And Amortization In Income Statement": 21447000.0,
        "Gross Profit": 69045000.0,
        "Cost Of Revenue": 94355000.0,
        "Total Revenue": 163400000.0,
        "Operating Revenue": 163400000.0
    },
    "2022-06-30": {
        "Tax Effect Of Unusual Items": 0.0,
        "Tax Rate For Calcs": 0.185,
        "Normalized EBITDA": 54441000.0,
        "Net Income From Continuing Operation Net Minority Interest": 21761000.0,
        "Reconciled Depreciation": 21287000.0,
        "Reconciled Cost Of Revenue": 100340000.0,
        "EBIT": 33154000.0,
        "Net Interest Income": -6463000.0,
        "Interest Expense": 6463000.0,
        "Normalized Income": 21761000.0,
        "Net Income From Continuing And Discontinued Operation": 21761000.0,
        "Total Expenses": 126890000.0,
        "Total Operating Income As Reported": 25458000.0,
        "Diluted Average Shares": 36174000.0,
        "Basic Average Shares": 36163000.0,
        "Diluted EPS": 0.6,
        "Basic EPS": 0.6,
        "Diluted NI Availto Com Stockholders": 21761000.0,
        "Net Income Common Stockholders": 21761000.0,
        "Net Income": 21761000.0,
        "Net Income Including Noncontrolling Interests": 21761000.0,
        "Net Income Continuous Operations": 21761000.0,
        "Tax Provision": 4930000.0,
        "Pretax Income": 26691000.0,
        "Other Income Expense": 7696000.0,
        "Other Non Operating Income Expenses": 7696000.0,
        "Net Non Operating Interest Income Expense": -6463000.0,
        "Interest Expense Non Operating": 6463000.0,
        "Operating Income": 25458000.0,
        "Operating Expense": 26550000.0,
        "Other Taxes": 5263000.0,
        "Depreciation Amortization Depletion Income Statement": 21287000.0,
        "Depreciation And Amortization In Income Statement": 21287000.0,
        "Gross Profit": 52008000.0,
        "Cost Of Revenue": 100340000.0,
        "Total Revenue": 152348000.0,
        "Operating Revenue": 152348000.0
    },
    "2022-03-31": {
        "Diluted EPS": 0.95,
        "Total Revenue": 209,
        "Gross Profit": 118,
        "Operating Income": 42,
        "EBIT": 63,
        "Net Income": 34
    },
    "2021-12-31": {
        "Diluted EPS": 0.35,
        "Total Revenue": 162,
        "Gross Profit": 98,
        "Operating Income": 17,
        "EBIT": 38,
        "Net Income": 13
    },
    "2021-09-30": {
        "Diluted EPS": 0.97,
        "Total Revenue": 146,
        "Gross Profit": 110,
        "Operating Income": 38,
        "EBIT": 57,
        "Net Income": 35
    },
    "2021-06-30": {
        "Diluted EPS": 0.63,
        "Total Revenue": 131,
        "Gross Profit": 97,
        "Operating Income": 23,
        "EBIT": 42,
        "Net Income": 23
    },
    "2021-03-31": {
        "Diluted EPS": 0.97,
        "Total Revenue": 168,
        "Gross Profit": 108,
        "Operating Income": 39,
        "EBIT": 57,
        "Net Income": 35
    },
    "2020-12-31": {
        "Diluted EPS": 0.44,
        "Total Revenue": 137,
        "Gross Profit": 93,
        "Operating Income": 19,
        "EBIT": 38,
        "Net Income": 16
    },
    "2020-09-30": {
        "Diluted EPS": 0.88,
        "Total Revenue": 135,
        "Gross Profit": 108,
        "Operating Income": 38,
        "EBIT": 57,
        "Net Income": 32
    },
    "2020-06-30": {
        "Diluted EPS": 0.53,
        "Total Revenue": 117,
        "Gross Profit": 91,
        "Operating Income": 22,
        "EBIT": 40,
        "Net Income": 19
    },
    "2020-03-31": {
        "Diluted EPS": 0.75,
        "Total Revenue": 150,
        "Gross Profit": 99,
        "Operating Income": 31,
        "EBIT": 50,
        "Net Income": 26
    },
    "2019-12-31": {
        "Diluted EPS": 0.49,
        "Total Revenue": 141,
        "Gross Profit": 94,
        "Operating Income": 22,
        "EBIT": 40,
        "Net Income": 17
    },
    "2019-09-30": {
        "Diluted EPS": 0.88,
        "Total Revenue": 138,
        "Gross Profit": 110,
        "Operating Income": 39,
        "EBIT": 57,
        "Net Income": 31
    },
    "2019-06-30": {
        "Diluted EPS": 0.45,
        "Total Revenue": 122,
        "Gross Profit": 92,
        "Operating Income": 20,
        "EBIT": 38,
        "Net Income": 16
    },
    "2019-03-31": {
        "Diluted EPS": 0.69,
        "Total Revenue": 168,
        "Gross Profit": 100,
        "Operating Income": 31,
        "EBIT": 48,
        "Net Income": 24
    },
    "2018-12-31": {
        "Diluted EPS": 0.47,
        "Total Revenue": 140,
        "Gross Profit": 89,
        "Operating Income": 24,
        "EBIT": 39,
        "Net Income": 16
    },
    "2018-09-30": {
        "Diluted EPS": 0.85,
        "Total Revenue": 138,
        "Gross Profit": 103,
        "Operating Income": 40,
        "EBIT": 54,
        "Net Income": 30
    },
    "2018-06-30": {
        "Diluted EPS": 0.53,
        "Total Revenue": 124,
        "Gross Profit": 86,
        "Operating Income": 24,
        "EBIT": 38,
        "Net Income": 18
    },
    "2018-03-31": {
        "Diluted EPS": 0.58,
        "Total Revenue": 158,
        "Gross Profit": 89,
        "Operating Income": 26,
        "EBIT": 40,
        "Net Income": 20
    },
    "2017-12-31": {
        "Diluted EPS": 1.04,
        "Total Revenue": 140,
        "Gross Profit": 90,
        "Operating Income": 25,
        "EBIT": 39,
        "Net Income": 36
    },
    "2017-09-30": {
        "Diluted EPS": 0.77,
        "Total Revenue": 140,
        "Gross Profit": 103,
        "Operating Income": 42,
        "EBIT": 55,
        "Net Income": 27
    },
    "2017-06-30": {
        "Diluted EPS": 0.45,
        "Total Revenue": 126,
        "Gross Profit": 89,
        "Operating Income": 26,
        "EBIT": 39,
        "Net Income": 16
    },
    "2017-03-31": {
        "Diluted EPS": 0.56,
        "Total Revenue": 157,
        "Gross Profit": 93,
        "Operating Income": 32,
        "EBIT": 45,
        "Net Income": 19
    },
    "2016-12-31": {
        "Diluted EPS": 0.42,
        "Total Revenue": 139,
        "Gross Profit": 85,
        "Operating Income": 20,
        "EBIT": 31,
        "Net Income": 15
    },
    "2016-09-30": {
        "Diluted EPS": 0.8,
        "Total Revenue": 137,
        "Gross Profit": 103,
        "Operating Income": 47,
        "EBIT": 58,
        "Net Income": 28
    },
    "2016-06-30": {
        "Diluted EPS": 0.47,
        "Total Revenue": 122,
        "Gross Profit": 85,
        "Operating Income": 28,
        "EBIT": 39,
        "Net Income": 16
    },
    "2016-03-31": {
        "Diluted EPS": 0.49,
        "Total Revenue": 148,
        "Gross Profit": 88,
        "Operating Income": 30,
        "EBIT": 41,
        "Net Income": 17
    },
    "2015-12-31": {
        "Diluted EPS": 0.32,
        "Total Revenue": 131,
        "Gross Profit": 82,
        "Operating Income": 22,
        "EBIT": 33,
        "Net Income": 11
    },
    "2015-09-30": {
        "Diluted EPS": 0.82,
        "Total Revenue": 141,
        "Gross Profit": 101,
        "Operating Income": 46,
        "EBIT": 57,
        "Net Income": 28
    },
    "2015-06-30": {
        "Diluted EPS": 0.39,
        "Total Revenue": 122,
        "Gross Profit": 82,
        "Operating Income": 24,
        "EBIT": 35,
        "Net Income": 13
    },
    "2015-03-31": {
        "Diluted EPS": 0.53,
        "Total Revenue": 170,
        "Gross Profit": 88,
        "Operating Income": 32,
        "EBIT": 43,
        "Net Income": 18
    },
    "2014-12-31": {
        "Diluted EPS": 0.44,
        "Total Revenue": 146,
        "Gross Profit": 88,
        "Operating Income": 30,
        "EBIT": 40,
        "Net Income": 15
    },
    "2014-09-30": {
        "Diluted EPS": 0.67,
        "Total Revenue": 135,
        "Gross Profit": 93,
        "Operating Income": 40,
        "EBIT": 50,
        "Net Income": 23
    },
    "2014-06-30": {
        "Diluted EPS": 0.41,
        "Total Revenue": 129,
        "Gross Profit": 80,
        "Operating Income": 24,
        "EBIT": 35,
        "Net Income": 14
    },
    "2014-03-31": {
        "Diluted EPS": 0.8,
        "Total Revenue": 210,
        "Gross Profit": 99,
        "Operating Income": 44,
        "EBIT": 54,
        "Net Income": 28
    },
    "2013-12-31": {
        "Diluted EPS": 0.41,
        "Total Revenue": 155,
        "Gross Profit": 87,
        "Operating Income": 26,
        "EBIT": 36,
        "Net Income": 14
    },
    "2013-09-30": {
        "Diluted EPS": 0.7,
        "Total Revenue": 140,
        "Gross Profit": 95,
        "Operating Income": 40,
        "EBIT": 50,
        "Net Income": 24
    },
    "2013-06-30": {
        "Diluted EPS": 0.4,
        "Total Revenue": 128,
        "Gross Profit": 81,
        "Operating Income": 24,
        "EBIT": 34,
        "Net Income": 14
    },
    "2013-03-31": {
        "Diluted EPS": 0.65,
        "Total Revenue": 167,
        "Gross Profit": 94,
        "Operating Income": 38,
        "EBIT": 47,
        "Net Income": 23
    },
    "2012-12-31": {
        "Diluted EPS": 0.31,
        "Total Revenue": 137,
        "Gross Profit": 80,
        "Operating Income": 19,
        "EBIT": 29,
        "Net Income": 10
    },
    "2012-09-30": {
        "Diluted EPS": 0.68,
        "Total Revenue": 138,
        "Gross Profit": 96,
        "Operating Income": 40,
        "EBIT": 50,
        "Net Income": 24
    },
    "2012-06-30": {
        "Diluted EPS": 0.41,
        "Total Revenue": 117,
        "Gross Profit": 81,
        "Operating Income": 25,
        "EBIT": 35,
        "Net Income": 14
    },
    "2012-03-31": {
        "Diluted EPS": 0.46,
        "Total Revenue": 149,
        "Gross Profit": 86,
        "Operating Income": 28,
        "EBIT": 38,
        "Net Income": 16
    },
    "2011-12-31": {
        "Diluted EPS": 0.27,
        "Total Revenue": 131,
        "Gross Profit": 78,
        "Operating Income": 17,
        "EBIT": 28,
        "Net Income": 9
    },
    "2011-09-30": {
        "Diluted EPS": 0.61,
        "Total Revenue": 134,
        "Gross Profit": 91,
        "Operating Income": 36,
        "EBIT": 47,
        "Net Income": 21
    },
    "2011-06-30": {
        "Diluted EPS": 0.37,
        "Total Revenue": 117,
        "Gross Profit": 78,
        "Operating Income": 23,
        "EBIT": 34,
        "Net Income": 13
    },
    "2011-03-31": {
        "Diluted EPS": 0.51,
        "Total Revenue": 165,
        "Gross Profit": 85,
        "Operating Income": 31,
        "EBIT": 41,
        "Net Income": 18
    },
    "2010-12-31": {
        "Diluted EPS": 0.35,
        "Total Revenue": 136,
        "Gross Profit": 78,
        "Operating Income": 20,
        "EBIT": 30,
        "Net Income": 12
    },
    "2010-09-30": {
        "Diluted EPS": 0.57,
        "Total Revenue": 128,
        "Gross Profit": 88,
        "Operating Income": 34,
        "EBIT": 44,
        "Net Income": 20
    },
    "2010-06-30": {
        "Diluted EPS": 0.33,
        "Total Revenue": 109,
        "Gross Profit": 73,
        "Operating Income": 20,
        "EBIT": 30,
        "Net Income": 12
    },
    "2010-03-31": {
        "Diluted EPS": 0.41,
        "Total Revenue": 160,
        "Gross Profit": 77,
        "Operating Income": 22,
        "EBIT": 31,
        "Net Income": 14
    },
    "2009-12-31": {
        "Diluted EPS": 0.39,
        "Total Revenue": 136,
        "Gross Profit": 75,
        "Operating Income": 23,
        "EBIT": 33,
        "Net Income": 13
    },
    "2009-09-30": {
        "Diluted EPS": 0.37,
        "Total Revenue": 109,
        "Gross Profit": 71,
        "Operating Income": 21,
        "EBIT": 31,
        "Net Income": 13
    },
    "2009-06-30": {
        "Diluted EPS": 0.29,
        "Total Revenue": 108,
        "Gross Profit": 67,
        "Operating Income": 17,
        "EBIT": 27,
        "Net Income": 10
    },
    "2009-03-31": {
        "Diluted EPS": 0.43,
        "Total Revenue": 181,
        "Gross Profit": 76,
        "Operating Income": 24,
        "EBIT": 34,
        "Net Income": 15
    }
}