{
    "2023-03-31": {
        "Tax Effect Of Unusual Items": -25925.382305,
        "Tax Rate For Calcs": 0.19204,
        "Normalized EBITDA": 20399000.0,
        "Total Unusual Items": -135000.0,
        "Total Unusual Items Excluding Goodwill": -135000.0,
        "Net Income From Continuing Operation Net Minority Interest": 10108000.0,
        "Reconciled Depreciation": 5052000.0,
        "Reconciled Cost Of Revenue": 103555000.0,
        "EBITDA": 20264000.0,
        "EBIT": 15212000.0,
        "Net Interest Income": -564000.0,
        "Interest Expense": 564000.0,
        "Normalized Income": 10217074.617695,
        "Net Income From Continuing And Discontinued Operation": 10108000.0,
        "Total Expenses": 127093000.0,
        "Total Operating Income As Reported": 15347000.0,
        "Diluted Average Shares": 49136000.0,
        "Basic Average Shares": 49093000.0,
        "Diluted EPS": 0.2,
        "Basic EPS": 0.2,
        "Diluted NI Availto Com Stockholders": 10108000.0,
        "Net Income Common Stockholders": 10108000.0,
        "Net Income": 10108000.0,
        "Minority Interests": -1727000.0,
        "Net Income Including Noncontrolling Interests": 11835000.0,
        "Net Income Continuous Operations": 11835000.0,
        "Tax Provision": 2813000.0,
        "Pretax Income": 14648000.0,
        "Other Income Expense": -135000.0,
        "Special Income Charges": -135000.0,
        "Restructuring And Mergern Acquisition": 135000.0,
        "Net Non Operating Interest Income Expense": -564000.0,
        "Interest Expense Non Operating": 564000.0,
        "Operating Income": 15347000.0,
        "Operating Expense": 23538000.0,
        "Research And Development": 2539000.0,
        "Selling General And Administration": 20999000.0,
        "Gross Profit": 38885000.0,
        "Cost Of Revenue": 103555000.0,
        "Total Revenue": 142440000.0,
        "Operating Revenue": 142440000.0
    },
    "2022-12-31": {
        "Tax Effect Of Unusual Items": -17509.067553,
        "Tax Rate For Calcs": 0.144703,
        "Normalized EBITDA": 23742000.0,
        "Total Unusual Items": -121000.0,
        "Total Unusual Items Excluding Goodwill": -121000.0,
        "Net Income From Continuing Operation Net Minority Interest": 9872000.0,
        "Reconciled Depreciation": 7997000.0,
        "Reconciled Cost Of Revenue": 105325000.0,
        "EBITDA": 23621000.0,
        "EBIT": 15624000.0,
        "Net Interest Income": -998000.0,
        "Interest Expense": 2390000.0,
        "Normalized Income": 9975490.932447,
        "Net Income From Continuing And Discontinued Operation": 9872000.0,
        "Total Expenses": 132793000.0,
        "Total Operating Income As Reported": 14976000.0,
        "Diluted Average Shares": 49131000.0,
        "Basic Average Shares": 49093000.0,
        "Diluted EPS": 0.23,
        "Basic EPS": 0.23,
        "Diluted NI Availto Com Stockholders": 11335000.0,
        "Net Income Common Stockholders": 11335000.0,
        "Net Income": 9872000.0,
        "Minority Interests": -1447000.0,
        "Net Income Including Noncontrolling Interests": 11319000.0,
        "Net Income Continuous Operations": 11319000.0,
        "Tax Provision": 1915000.0,
        "Pretax Income": 13234000.0,
        "Other Income Expense": -121000.0,
        "Special Income Charges": -121000.0,
        "Restructuring And Mergern Acquisition": 121000.0,
        "Net Non Operating Interest Income Expense": -998000.0,
        "Interest Expense Non Operating": 2390000.0,
        "Operating Income": 14353000.0,
        "Operating Expense": 27468000.0,
        "Research And Development": 2714000.0,
        "Selling General And Administration": 24754000.0,
        "Gross Profit": 41821000.0,
        "Cost Of Revenue": 105325000.0,
        "Total Revenue": 147146000.0,
        "Operating Revenue": 147146000.0
    },
    "2022-09-30": {
        "Tax Effect Of Unusual Items": 27673.965619,
        "Tax Rate For Calcs": 0.15635,
        "Normalized EBITDA": 19395000.0,
        "Total Unusual Items": 177000.0,
        "Total Unusual Items Excluding Goodwill": 177000.0,
        "Net Income From Continuing Operation Net Minority Interest": 11493000.0,
        "Reconciled Depreciation": 3461000.0,
        "Reconciled Cost Of Revenue": 104600000.0,
        "EBITDA": 19572000.0,
        "EBIT": 16111000.0,
        "Net Interest Income": -812000.0,
        "Interest Expense": 812000.0,
        "Normalized Income": 11343673.965619,
        "Net Income From Continuing And Discontinued Operation": 11493000.0,
        "Total Expenses": 128029000.0,
        "Total Operating Income As Reported": 16111000.0,
        "Diluted Average Shares": 49128000.0,
        "Basic Average Shares": 49093000.0,
        "Diluted EPS": 0.24,
        "Basic EPS": 0.24,
        "Diluted NI Availto Com Stockholders": 11517000.0,
        "Net Income Common Stockholders": 11517000.0,
        "Otherunder Preferred Stock Dividend": -24000.0,
        "Net Income": 11493000.0,
        "Minority Interests": -1414000.0,
        "Net Income Including Noncontrolling Interests": 12907000.0,
        "Net Income Continuous Operations": 12907000.0,
        "Tax Provision": 2392000.0,
        "Pretax Income": 15299000.0,
        "Other Income Expense": 177000.0,
        "Special Income Charges": 177000.0,
        "Restructuring And Mergern Acquisition": -177000.0,
        "Net Non Operating Interest Income Expense": -812000.0,
        "Interest Expense Non Operating": 812000.0,
        "Operating Income": 15934000.0,
        "Operating Expense": 23429000.0,
        "Research And Development": 2441000.0,
        "Selling General And Administration": 20988000.0,
        "Gross Profit": 39363000.0,
        "Cost Of Revenue": 104600000.0,
        "Total Revenue": 143963000.0,
        "Operating Revenue": 143963000.0
    },
    "2022-06-30": {
        "Tax Effect Of Unusual Items": 105647.995039,
        "Tax Rate For Calcs": 0.249759,
        "Normalized EBITDA": 18806000.0,
        "Total Unusual Items": 423000.0,
        "Total Unusual Items Excluding Goodwill": 423000.0,
        "Net Income From Continuing Operation Net Minority Interest": 9487000.0,
        "Reconciled Depreciation": 4496000.0,
        "Reconciled Cost Of Revenue": 100385000.0,
        "EBITDA": 19229000.0,
        "EBIT": 14733000.0,
        "Net Interest Income": -219000.0,
        "Interest Expense": 219000.0,
        "Normalized Income": 9169647.995039,
        "Net Income From Continuing And Discontinued Operation": 9487000.0,
        "Total Expenses": 122668000.0,
        "Total Operating Income As Reported": 14733000.0,
        "Diluted Average Shares": 49123000.0,
        "Basic Average Shares": 49093000.0,
        "Diluted EPS": 0.19,
        "Basic EPS": 0.19,
        "Diluted NI Availto Com Stockholders": 8000000.0,
        "Net Income Common Stockholders": 8000000.0,
        "Otherunder Preferred Stock Dividend": 1487000.0,
        "Net Income": 9487000.0,
        "Minority Interests": -1402000.0,
        "Net Income Including Noncontrolling Interests": 10889000.0,
        "Net Income Continuous Operations": 10889000.0,
        "Tax Provision": 3625000.0,
        "Pretax Income": 14514000.0,
        "Other Income Expense": 423000.0,
        "Special Income Charges": 423000.0,
        "Restructuring And Mergern Acquisition": -423000.0,
        "Net Non Operating Interest Income Expense": -219000.0,
        "Interest Expense Non Operating": 219000.0,
        "Operating Income": 14310000.0,
        "Operating Expense": 22283000.0,
        "Research And Development": 2596000.0,
        "Selling General And Administration": 19687000.0,
        "Gross Profit": 36593000.0,
        "Cost Of Revenue": 100385000.0,
        "Total Revenue": 136978000.0,
        "Operating Revenue": 136978000.0
    },
    "2023-06-30": {
        "Tax Effect Of Unusual Items": -11031.520518,
        "Tax Rate For Calcs": 0.162228,
        "Normalized EBITDA": 20314000.0,
        "Total Unusual Items": -68000.0,
        "Total Unusual Items Excluding Goodwill": -68000.0,
        "Net Income From Continuing Operation Net Minority Interest": 11294000.0,
        "Reconciled Depreciation": 4865000.0,
        "Reconciled Cost Of Revenue": 97278000.0,
        "EBITDA": 20246000.0,
        "EBIT": 15381000.0,
        "Net Interest Income": -248000.0,
        "Interest Expense": 248000.0,
        "Normalized Income": 11350968.479482,
        "Net Income From Continuing And Discontinued Operation": 11294000.0,
        "Total Expenses": 122134000.0,
        "Total Operating Income As Reported": 15449000.0,
        "Diluted Average Shares": 49133000.0,
        "Basic Average Shares": 49093000.0,
        "Diluted EPS": 0.23,
        "Basic EPS": 0.23,
        "Diluted NI Availto Com Stockholders": 11294000.0,
        "Net Income Common Stockholders": 11294000.0,
        "Net Income": 11294000.0,
        "Minority Interests": -1384000.0,
        "Net Income Including Noncontrolling Interests": 12678000.0,
        "Net Income Continuous Operations": 12678000.0,
        "Tax Provision": 2455000.0,
        "Pretax Income": 15133000.0,
        "Other Income Expense": -68000.0,
        "Special Income Charges": -68000.0,
        "Restructuring And Mergern Acquisition": 68000.0,
        "Net Non Operating Interest Income Expense": -248000.0,
        "Interest Expense Non Operating": 248000.0,
        "Operating Income": 15449000.0,
        "Operating Expense": 24856000.0,
        "Research And Development": 2425000.0,
        "Selling General And Administration": 22431000.0,
        "Gross Profit": 40305000.0,
        "Cost Of Revenue": 97278000.0,
        "Total Revenue": 137583000.0,
        "Operating Revenue": 137583000.0
    },
    "2022-03-31": {
        "Diluted EPS": 0.54,
        "Total Revenue": 295,
        "Gross Profit": 259,
        "Operating Income": 256,
        "EBIT": 272,
        "Net Income": 175
    },
    "2021-12-31": {
        "Diluted EPS": 0.52,
        "Total Revenue": 294,
        "Gross Profit": 276,
        "Operating Income": 273,
        "EBIT": 289,
        "Net Income": 174
    },
    "2021-09-30": {
        "Diluted EPS": 0.46,
        "Total Revenue": 296,
        "Gross Profit": 221,
        "Operating Income": 218,
        "EBIT": 235,
        "Net Income": 158
    },
    "2021-06-30": {
        "Diluted EPS": 0.44,
        "Total Revenue": 298,
        "Gross Profit": 215,
        "Operating Income": 212,
        "EBIT": 227,
        "Net Income": 153
    },
    "2021-03-31": {
        "Diluted EPS": 0.43,
        "Total Revenue": 298,
        "Gross Profit": 210,
        "Operating Income": 208,
        "EBIT": 225,
        "Net Income": 150
    },
    "2020-12-31": {
        "Diluted EPS": 0.45,
        "Total Revenue": 302,
        "Gross Profit": 212,
        "Operating Income": 208,
        "EBIT": 225,
        "Net Income": 151
    },
    "2020-09-30": {
        "Diluted EPS": 0.38,
        "Total Revenue": 296,
        "Gross Profit": 210,
        "Operating Income": 207,
        "EBIT": 222,
        "Net Income": 131
    },
    "2020-06-30": {
        "Diluted EPS": 0.04,
        "Total Revenue": 294,
        "Gross Profit": 32,
        "Operating Income": 29,
        "EBIT": 42,
        "Net Income": 14
    },
    "2020-03-31": {
        "Diluted EPS": 0.42,
        "Total Revenue": 307,
        "Gross Profit": 204,
        "Operating Income": 201,
        "EBIT": 214,
        "Net Income": 150
    },
    "2019-12-31": {
        "Diluted EPS": 0.48,
        "Total Revenue": 312,
        "Gross Profit": 239,
        "Operating Income": 236,
        "EBIT": 249,
        "Net Income": 177
    },
    "2019-09-30": {
        "Diluted EPS": 0.49,
        "Total Revenue": 318,
        "Gross Profit": 239,
        "Operating Income": 236,
        "EBIT": 248,
        "Net Income": 177
    },
    "2019-06-30": {
        "Diluted EPS": 0.46,
        "Total Revenue": 292,
        "Gross Profit": 228,
        "Operating Income": 225,
        "EBIT": 236,
        "Net Income": 168
    },
    "2019-03-31": {
        "Diluted EPS": 0.42,
        "Total Revenue": 292,
        "Gross Profit": 207,
        "Operating Income": 204,
        "EBIT": 216,
        "Net Income": 152
    },
    "2018-12-31": {
        "Diluted EPS": 0.42,
        "Total Revenue": 286,
        "Gross Profit": 211,
        "Operating Income": 208,
        "EBIT": 221,
        "Net Income": 158
    },
    "2018-09-30": {
        "Diluted EPS": 0.49,
        "Total Revenue": 290,
        "Gross Profit": 248,
        "Operating Income": 245,
        "EBIT": 259,
        "Net Income": 182
    },
    "2018-06-30": {
        "Diluted EPS": 0.49,
        "Total Revenue": 282,
        "Gross Profit": 254,
        "Operating Income": 251,
        "EBIT": 266,
        "Net Income": 187
    },
    "2018-03-31": {
        "Diluted EPS": 0.38,
        "Total Revenue": 266,
        "Gross Profit": 196,
        "Operating Income": 193,
        "EBIT": 209,
        "Net Income": 144
    },
    "2017-12-31": {
        "Diluted EPS": 0.08,
        "Total Revenue": 272,
        "Gross Profit": 262,
        "Operating Income": 259,
        "EBIT": 274,
        "Net Income": 27
    },
    "2017-09-30": {
        "Diluted EPS": 0.32,
        "Total Revenue": 270,
        "Gross Profit": 201,
        "Operating Income": 198,
        "EBIT": 213,
        "Net Income": 120
    },
    "2017-06-30": {
        "Diluted EPS": 0.31,
        "Total Revenue": 263,
        "Gross Profit": 197,
        "Operating Income": 195,
        "EBIT": 211,
        "Net Income": 119
    },
    "2017-03-31": {
        "Diluted EPS": 0.24,
        "Total Revenue": 261,
        "Gross Profit": 192,
        "Operating Income": 190,
        "EBIT": 207,
        "Net Income": 90
    },
    "2016-12-31": {
        "Diluted EPS": 0.29,
        "Total Revenue": 267,
        "Gross Profit": 181,
        "Operating Income": 178,
        "EBIT": 195,
        "Net Income": 107
    },
    "2016-09-30": {
        "Diluted EPS": 0.14,
        "Total Revenue": 274,
        "Gross Profit": 175,
        "Operating Income": 173,
        "EBIT": 188,
        "Net Income": 57
    },
    "2016-06-30": {
        "Diluted EPS": 0.26,
        "Total Revenue": 264,
        "Gross Profit": 182,
        "Operating Income": 179,
        "EBIT": 194,
        "Net Income": 109
    },
    "2016-03-31": {
        "Diluted EPS": 0.17,
        "Total Revenue": 259,
        "Gross Profit": 134,
        "Operating Income": 132,
        "EBIT": 146,
        "Net Income": 69
    },
    "2015-12-31": {
        "Diluted EPS": 0.22,
        "Total Revenue": 258,
        "Gross Profit": 129,
        "Operating Income": 126,
        "EBIT": 141,
        "Net Income": 102
    },
    "2015-09-30": {
        "Diluted EPS": 1.78,
        "Total Revenue": 270,
        "Gross Profit": 147,
        "Operating Income": 145,
        "EBIT": 159,
        "Net Income": 823
    },
    "2015-06-30": {
        "Diluted EPS": 0.28,
        "Total Revenue": 243,
        "Gross Profit": 134,
        "Operating Income": 132,
        "EBIT": 145,
        "Net Income": 114
    },
    "2015-03-31": {
        "Diluted EPS": 0.32,
        "Total Revenue": 270,
        "Gross Profit": 156,
        "Operating Income": 154,
        "EBIT": 165,
        "Net Income": 133
    },
    "2014-12-31": {
        "Diluted EPS": 0.19,
        "Total Revenue": 241,
        "Gross Profit": 96,
        "Operating Income": 93,
        "EBIT": 104,
        "Net Income": 74
    },
    "2014-09-30": {
        "Diluted EPS": 0.18,
        "Total Revenue": 235,
        "Gross Profit": 92,
        "Operating Income": 90,
        "EBIT": 101,
        "Net Income": 72
    },
    "2014-06-30": {
        "Diluted EPS": 0.12,
        "Total Revenue": 231,
        "Gross Profit": 66,
        "Operating Income": 64,
        "EBIT": 76,
        "Net Income": 46
    },
    "2014-03-31": {
        "Diluted EPS": 0.15,
        "Total Revenue": 235,
        "Gross Profit": 80,
        "Operating Income": 78,
        "EBIT": 93,
        "Net Income": 60
    },
    "2013-12-31": {
        "Diluted EPS": 0.07,
        "Total Revenue": 252,
        "Gross Profit": 22,
        "Operating Income": 17,
        "EBIT": 33,
        "Net Income": -1
    },
    "2013-09-30": {
        "Diluted EPS": 0.04,
        "Total Revenue": 254,
        "Gross Profit": 32,
        "Operating Income": 30,
        "EBIT": 46,
        "Net Income": 12
    },
    "2013-06-30": {
        "Diluted EPS": 0.04,
        "Total Revenue": 264,
        "Gross Profit": 33,
        "Operating Income": 31,
        "EBIT": 46,
        "Net Income": 12
    },
    "2013-03-31": {
        "Diluted EPS": -0.31,
        "Total Revenue": 269,
        "Gross Profit": -44,
        "Operating Income": -45,
        "EBIT": -23,
        "Net Income": -73
    },
    "2012-12-31": {
        "Diluted EPS": -1.91,
        "Total Revenue": 371,
        "Gross Profit": -357,
        "Operating Income": -358,
        "EBIT": -336,
        "Net Income": -387
    },
    "2012-09-30": {
        "Diluted EPS": -1.22,
        "Total Revenue": 306,
        "Gross Profit": -223,
        "Operating Income": -225,
        "EBIT": -198,
        "Net Income": -247
    },
    "2012-06-30": {
        "Diluted EPS": -1.36,
        "Total Revenue": 321,
        "Gross Profit": -250,
        "Operating Income": -252,
        "EBIT": -227,
        "Net Income": -274
    },
    "2012-03-31": {
        "Diluted EPS": -0.1,
        "Total Revenue": 380,
        "Gross Profit": 8,
        "Operating Income": 6,
        "EBIT": 31,
        "Net Income": -20
    },
    "2011-12-31": {
        "Diluted EPS": -0.68,
        "Total Revenue": 447,
        "Gross Profit": -72,
        "Operating Income": -74,
        "EBIT": -49,
        "Net Income": -135
    },
    "2011-09-30": {
        "Diluted EPS": -0.82,
        "Total Revenue": 337,
        "Gross Profit": -164,
        "Operating Income": -166,
        "EBIT": -145,
        "Net Income": -165
    },
    "2011-06-30": {
        "Diluted EPS": -0.75,
        "Total Revenue": 367,
        "Gross Profit": -134,
        "Operating Income": -136,
        "EBIT": -116,
        "Net Income": -152
    },
    "2011-03-31": {
        "Diluted EPS": -0.17,
        "Total Revenue": 353,
        "Gross Profit": -4,
        "Operating Income": -6,
        "EBIT": 14,
        "Net Income": -34
    },
    "2010-12-31": {
        "Diluted EPS": -0.73,
        "Total Revenue": 361,
        "Gross Profit": -121,
        "Operating Income": -123,
        "EBIT": -105,
        "Net Income": -187
    },
    "2010-09-30": {
        "Diluted EPS": -0.26,
        "Total Revenue": 382,
        "Gross Profit": -49,
        "Operating Income": -51,
        "EBIT": -36,
        "Net Income": -52
    },
    "2010-06-30": {
        "Diluted EPS": 0.13,
        "Total Revenue": 406,
        "Gross Profit": 45,
        "Operating Income": 43,
        "EBIT": 59,
        "Net Income": 25
    },
    "2010-03-31": {
        "Diluted EPS": -1.2,
        "Total Revenue": 371,
        "Gross Profit": -128,
        "Operating Income": -130,
        "EBIT": -117,
        "Net Income": -150
    },
    "2009-12-31": {
        "Diluted EPS": -2.25,
        "Total Revenue": 406,
        "Gross Profit": -486,
        "Operating Income": -517,
        "EBIT": -510,
        "Net Income": -280
    },
    "2009-09-30": {
        "Diluted EPS": -4.17,
        "Total Revenue": 413,
        "Gross Profit": -595,
        "Operating Income": -597,
        "EBIT": -580,
        "Net Income": -518
    },
    "2009-06-30": {
        "Diluted EPS": -2.74,
        "Total Revenue": 454,
        "Gross Profit": -313,
        "Operating Income": -314,
        "EBIT": -298,
        "Net Income": -340
    },
    "2009-03-31": {
        "Diluted EPS": -1.49,
        "Total Revenue": 435,
        "Gross Profit": -247,
        "Operating Income": -247,
        "EBIT": -227,
        "Net Income": -185
    },
    "2023-09-30": {
        "Tax Effect Of Unusual Items": -151819.041885,
        "Tax Rate For Calcs": 0.253032,
        "Normalized EBITDA": 19377000.0,
        "Total Unusual Items": -600000.0,
        "Total Unusual Items Excluding Goodwill": -600000.0,
        "Net Income From Continuing Operation Net Minority Interest": 7146000.0,
        "Reconciled Depreciation": 5501000.0,
        "Reconciled Cost Of Revenue": 92647000.0,
        "EBITDA": 18777000.0,
        "EBIT": 13276000.0,
        "Net Interest Income": -1649000.0,
        "Interest Expense": 1649000.0,
        "Normalized Income": 7594180.958115,
        "Net Income From Continuing And Discontinued Operation": 7146000.0,
        "Total Expenses": 115608000.0,
        "Total Operating Income As Reported": 13329000.0,
        "Diluted Average Shares": 49115000.0,
        "Basic Average Shares": 49096000.0,
        "Diluted EPS": 0.15,
        "Basic EPS": 0.15,
        "Diluted NI Availto Com Stockholders": 7146000.0,
        "Net Income Common Stockholders": 7146000.0,
        "Net Income": 7146000.0,
        "Minority Interests": -1539000.0,
        "Net Income Including Noncontrolling Interests": 8685000.0,
        "Net Income Continuous Operations": 8685000.0,
        "Tax Provision": 2942000.0,
        "Pretax Income": 11627000.0,
        "Other Income Expense": -600000.0,
        "Special Income Charges": -600000.0,
        "Restructuring And Mergern Acquisition": 600000.0,
        "Net Non Operating Interest Income Expense": -1649000.0,
        "Interest Expense Non Operating": 1649000.0,
        "Operating Income": 13876000.0,
        "Operating Expense": 22961000.0,
        "Research And Development": 2661000.0,
        "Selling General And Administration": 20300000.0,
        "Gross Profit": 36837000.0,
        "Cost Of Revenue": 92647000.0,
        "Total Revenue": 129484000.0,
        "Operating Revenue": 129484000.0
    },
    "2023-12-31": {
        "Tax Effect Of Unusual Items": NaN,
        "Tax Rate For Calcs": NaN,
        "Normalized EBITDA": NaN,
        "Total Unusual Items": NaN,
        "Total Unusual Items Excluding Goodwill": NaN,
        "Net Income From Continuing Operation Net Minority Interest": NaN,
        "Reconciled Depreciation": NaN,
        "Reconciled Cost Of Revenue": NaN,
        "EBITDA": NaN,
        "EBIT": NaN,
        "Net Interest Income": NaN,
        "Interest Expense": NaN,
        "Normalized Income": NaN,
        "Net Income From Continuing And Discontinued Operation": NaN,
        "Total Expenses": NaN,
        "Total Operating Income As Reported": NaN,
        "Diluted Average Shares": 49099000.0,
        "Basic Average Shares": 49099000.0,
        "Diluted EPS": 0.17,
        "Basic EPS": 0.17,
        "Diluted NI Availto Com Stockholders": NaN,
        "Net Income Common Stockholders": NaN,
        "Net Income": NaN,
        "Minority Interests": NaN,
        "Net Income Including Noncontrolling Interests": NaN,
        "Net Income Continuous Operations": NaN,
        "Tax Provision": NaN,
        "Pretax Income": NaN,
        "Other Income Expense": NaN,
        "Special Income Charges": NaN,
        "Restructuring And Mergern Acquisition": NaN,
        "Net Non Operating Interest Income Expense": NaN,
        "Interest Expense Non Operating": NaN,
        "Operating Income": NaN,
        "Operating Expense": NaN,
        "Research And Development": NaN,
        "Selling General And Administration": NaN,
        "Gross Profit": NaN,
        "Cost Of Revenue": NaN,
        "Total Revenue": NaN,
        "Operating Revenue": NaN
    }
}