{
    "2023-03-31": {
        "Tax Effect Of Unusual Items": 2655.051948,
        "Tax Rate For Calcs": 0.00312,
        "Normalized EBITDA": 4078000.0,
        "Total Unusual Items": 851000.0,
        "Total Unusual Items Excluding Goodwill": 851000.0,
        "Net Income From Continuing Operation Net Minority Interest": -98732000.0,
        "Reconciled Depreciation": 95795000.0,
        "Reconciled Cost Of Revenue": 124828000.0,
        "EBIT": -90866000.0,
        "Net Interest Income": -8175000.0,
        "Interest Expense": 8175000.0,
        "Normalized Income": -99580344.948052,
        "Net Income From Continuing And Discontinued Operation": -98732000.0,
        "Total Expenses": 223180000.0,
        "Total Operating Income As Reported": -100495000.0,
        "Diluted Average Shares": 134667000.0,
        "Basic Average Shares": 134667000.0,
        "Diluted EPS": -0.73,
        "Basic EPS": -0.73,
        "Diluted NI Availto Com Stockholders": -98732000.0,
        "Net Income Common Stockholders": -98732000.0,
        "Net Income": -98732000.0,
        "Net Income Including Noncontrolling Interests": -98732000.0,
        "Net Income Continuous Operations": -98732000.0,
        "Tax Provision": -309000.0,
        "Pretax Income": -99041000.0,
        "Other Income Expense": 2164000.0,
        "Other Non Operating Income Expenses": 1313000.0,
        "Special Income Charges": 1084000.0,
        "Other Special Charges": -8549000.0,
        "Restructuring And Mergern Acquisition": 7465000.0,
        "Gain On Sale Of Security": -233000.0,
        "Net Non Operating Interest Income Expense": -8175000.0,
        "Total Other Finance Cost": NaN,
        "Interest Expense Non Operating": 8175000.0,
        "Operating Income": -93030000.0,
        "Operating Expense": 98352000.0,
        "Research And Development": 24215000.0,
        "Selling General And Administration": 74137000.0,
        "Selling And Marketing Expense": 53049000.0,
        "General And Administrative Expense": 21088000.0,
        "Other Gand A": 21088000.0,
        "Salaries And Wages": NaN,
        "Gross Profit": 5322000.0,
        "Cost Of Revenue": 124828000.0,
        "Total Revenue": 130150000.0,
        "Operating Revenue": 130150000.0
    },
    "2022-12-31": {
        "Tax Effect Of Unusual Items": -273104.691295,
        "Tax Rate For Calcs": 0.069794,
        "Normalized EBITDA": -27215000.0,
        "Total Unusual Items": -3913000.0,
        "Total Unusual Items Excluding Goodwill": -3913000.0,
        "Net Income From Continuing Operation Net Minority Interest": -36385000.0,
        "Reconciled Depreciation": 77411000.0,
        "Reconciled Cost Of Revenue": 111015000.0,
        "EBIT": -31128000.0,
        "Net Interest Income": -7987000.0,
        "Interest Expense": 7987000.0,
        "Normalized Income": -32745104.691295,
        "Net Income From Continuing And Discontinued Operation": -36385000.0,
        "Total Expenses": 203941000.0,
        "Total Operating Income As Reported": -28542000.0,
        "Diluted Average Shares": 133706000.0,
        "Basic Average Shares": 133706000.0,
        "Diluted EPS": -0.27,
        "Basic EPS": -0.27,
        "Diluted NI Availto Com Stockholders": -36385000.0,
        "Net Income Common Stockholders": -36385000.0,
        "Net Income": -36385000.0,
        "Net Income Including Noncontrolling Interests": -36385000.0,
        "Net Income Continuous Operations": -36385000.0,
        "Tax Provision": -2730000.0,
        "Pretax Income": -39115000.0,
        "Other Income Expense": -2586000.0,
        "Other Non Operating Income Expenses": 1327000.0,
        "Special Income Charges": 0.0,
        "Other Special Charges": NaN,
        "Restructuring And Mergern Acquisition": 0.0,
        "Gain On Sale Of Security": -3913000.0,
        "Net Non Operating Interest Income Expense": -7987000.0,
        "Total Other Finance Cost": 7987000.0,
        "Interest Expense Non Operating": 7987000.0,
        "Operating Income": -28542000.0,
        "Operating Expense": 92926000.0,
        "Research And Development": 22543000.0,
        "Selling General And Administration": 70383000.0,
        "Selling And Marketing Expense": 48406000.0,
        "General And Administrative Expense": 21977000.0,
        "Other Gand A": 21977000.0,
        "Salaries And Wages": NaN,
        "Gross Profit": 64384000.0,
        "Cost Of Revenue": 111015000.0,
        "Total Revenue": 175399000.0,
        "Operating Revenue": 175399000.0
    },
    "2022-09-30": {
        "Tax Effect Of Unusual Items": 34623.378716,
        "Tax Rate For Calcs": 0.017522,
        "Normalized EBITDA": 23484000.0,
        "Total Unusual Items": 1976000.0,
        "Total Unusual Items Excluding Goodwill": 1976000.0,
        "Net Income From Continuing Operation Net Minority Interest": -24391000.0,
        "Reconciled Depreciation": 46615000.0,
        "Reconciled Cost Of Revenue": 71753000.0,
        "EBIT": -21155000.0,
        "Net Interest Income": -7016000.0,
        "Interest Expense": NaN,
        "Normalized Income": -26332376.621284,
        "Net Income From Continuing And Discontinued Operation": -24391000.0,
        "Total Expenses": 166970000.0,
        "Total Operating Income As Reported": -21155000.0,
        "Diluted Average Shares": 133144000.0,
        "Basic Average Shares": 133144000.0,
        "Diluted EPS": -0.18,
        "Basic EPS": -0.18,
        "Diluted NI Availto Com Stockholders": -24391000.0,
        "Net Income Common Stockholders": -24391000.0,
        "Net Income": -24391000.0,
        "Net Income Including Noncontrolling Interests": -24391000.0,
        "Net Income Continuous Operations": -24391000.0,
        "Tax Provision": -435000.0,
        "Pretax Income": -24826000.0,
        "Other Income Expense": 3345000.0,
        "Other Non Operating Income Expenses": 1369000.0,
        "Special Income Charges": 0.0,
        "Other Special Charges": NaN,
        "Restructuring And Mergern Acquisition": 0.0,
        "Gain On Sale Of Security": 1976000.0,
        "Net Non Operating Interest Income Expense": -7016000.0,
        "Total Other Finance Cost": 7016000.0,
        "Interest Expense Non Operating": NaN,
        "Operating Income": -21155000.0,
        "Operating Expense": 95217000.0,
        "Research And Development": 25134000.0,
        "Selling General And Administration": 70083000.0,
        "Selling And Marketing Expense": 49848000.0,
        "General And Administrative Expense": 20235000.0,
        "Other Gand A": 20235000.0,
        "Salaries And Wages": NaN,
        "Gross Profit": 74062000.0,
        "Cost Of Revenue": 71753000.0,
        "Total Revenue": 145815000.0,
        "Operating Revenue": 145815000.0
    },
    "2022-06-30": {
        "Tax Effect Of Unusual Items": 13613.217336,
        "Tax Rate For Calcs": 0.00415,
        "Normalized EBITDA": 20329000.0,
        "Total Unusual Items": 3280000.0,
        "Total Unusual Items Excluding Goodwill": 3280000.0,
        "Net Income From Continuing Operation Net Minority Interest": -24954000.0,
        "Reconciled Depreciation": 46160000.0,
        "Reconciled Cost Of Revenue": 65001000.0,
        "EBIT": -22551000.0,
        "Net Interest Income": -7146000.0,
        "Interest Expense": NaN,
        "Normalized Income": -28220386.782664,
        "Net Income From Continuing And Discontinued Operation": -24954000.0,
        "Total Expenses": 160331000.0,
        "Total Operating Income As Reported": -23263000.0,
        "Diluted Average Shares": 132433000.0,
        "Basic Average Shares": 132433000.0,
        "Diluted EPS": -0.19,
        "Basic EPS": -0.19,
        "Diluted NI Availto Com Stockholders": -24954000.0,
        "Net Income Common Stockholders": -24954000.0,
        "Net Income": -24954000.0,
        "Net Income Including Noncontrolling Interests": -24954000.0,
        "Net Income Continuous Operations": -24954000.0,
        "Tax Provision": -104000.0,
        "Pretax Income": -25058000.0,
        "Other Income Expense": 4639000.0,
        "Other Non Operating Income Expenses": 1359000.0,
        "Special Income Charges": -712000.0,
        "Other Special Charges": NaN,
        "Restructuring And Mergern Acquisition": 712000.0,
        "Gain On Sale Of Security": 3992000.0,
        "Net Non Operating Interest Income Expense": -7146000.0,
        "Total Other Finance Cost": 7146000.0,
        "Interest Expense Non Operating": NaN,
        "Operating Income": -22551000.0,
        "Operating Expense": 95330000.0,
        "Research And Development": 23037000.0,
        "Selling General And Administration": 72293000.0,
        "Selling And Marketing Expense": 51827000.0,
        "General And Administrative Expense": 20466000.0,
        "Other Gand A": 20466000.0,
        "Salaries And Wages": NaN,
        "Gross Profit": 72779000.0,
        "Cost Of Revenue": 65001000.0,
        "Total Revenue": 137780000.0,
        "Operating Revenue": 137780000.0
    },
    "2022-03-31": {
        "Diluted EPS": -0.34,
        "Total Revenue": 118,
        "Gross Profit": 59,
        "Operating Income": -40,
        "EBIT": 11,
        "Net Income": -45
    },
    "2021-12-31": {
        "Diluted EPS": 0.03,
        "Total Revenue": 161,
        "Gross Profit": 94,
        "Operating Income": 4,
        "EBIT": 55,
        "Net Income": 0
    },
    "2021-09-30": {
        "Diluted EPS": -0.18,
        "Total Revenue": 132,
        "Gross Profit": 68,
        "Operating Income": -24,
        "EBIT": 26,
        "Net Income": -24
    },
    "2021-06-30": {
        "Diluted EPS": 0.26,
        "Total Revenue": 115,
        "Gross Profit": 64,
        "Operating Income": -47,
        "EBIT": -10,
        "Net Income": 37
    },
    "2021-03-31": {
        "Diluted EPS": -0.11,
        "Total Revenue": 61,
        "Gross Profit": 40,
        "Operating Income": -14,
        "EBIT": -1,
        "Net Income": -13
    },
    "2020-12-31": {
        "Diluted EPS": 0.09,
        "Total Revenue": 82,
        "Gross Profit": 61,
        "Operating Income": 8,
        "EBIT": 21,
        "Net Income": 6
    },
    "2020-09-30": {
        "Diluted EPS": -0.1,
        "Total Revenue": 61,
        "Gross Profit": 40,
        "Operating Income": -11,
        "EBIT": 3,
        "Net Income": -11
    },
    "2020-06-30": {
        "Diluted EPS": -0.36,
        "Total Revenue": 42,
        "Gross Profit": 21,
        "Operating Income": -41,
        "EBIT": -26,
        "Net Income": -39
    },
    "2020-03-31": {
        "Diluted EPS": -0.18,
        "Total Revenue": 36,
        "Gross Profit": 22,
        "Operating Income": -11,
        "EBIT": -3,
        "Net Income": -10
    },
    "2019-12-31": {
        "Diluted EPS": 0.04,
        "Total Revenue": 48,
        "Gross Profit": 35,
        "Operating Income": 1,
        "EBIT": 8,
        "Net Income": 2
    },
    "2019-09-30": {
        "Diluted EPS": -0.12,
        "Total Revenue": 38,
        "Gross Profit": 24,
        "Operating Income": -7,
        "EBIT": 1,
        "Net Income": -6
    },
    "2019-06-30": {
        "Diluted EPS": -0.16,
        "Total Revenue": 38,
        "Gross Profit": 23,
        "Operating Income": -9,
        "EBIT": 0,
        "Net Income": -8
    },
    "2019-03-31": {
        "Diluted EPS": -0.24,
        "Total Revenue": 32,
        "Gross Profit": 17,
        "Operating Income": -13,
        "EBIT": -5,
        "Net Income": -13
    },
    "2018-12-31": {
        "Diluted EPS": -0.04,
        "Total Revenue": 41,
        "Gross Profit": 26,
        "Operating Income": -2,
        "EBIT": 7,
        "Net Income": -2
    },
    "2018-09-30": {
        "Diluted EPS": -0.27,
        "Total Revenue": 30,
        "Gross Profit": 15,
        "Operating Income": -14,
        "EBIT": -5,
        "Net Income": -14
    },
    "2018-06-30": {
        "Diluted EPS": -0.36,
        "Total Revenue": 29,
        "Gross Profit": 14,
        "Operating Income": -19,
        "EBIT": -10,
        "Net Income": -18
    },
    "2018-03-31": {
        "Diluted EPS": -0.56,
        "Total Revenue": 25,
        "Gross Profit": 10,
        "Operating Income": -28,
        "EBIT": -19,
        "Net Income": -28
    },
    "2017-12-31": {
        "Diluted EPS": -0.49,
        "Total Revenue": 31,
        "Gross Profit": 16,
        "Operating Income": -24,
        "EBIT": -11,
        "Net Income": -24
    },
    "2017-09-30": {
        "Diluted EPS": -2.11,
        "Total Revenue": 35,
        "Gross Profit": 22,
        "Operating Income": -106,
        "EBIT": -7,
        "Net Income": -104
    },
    "2017-06-30": {
        "Diluted EPS": -0.24,
        "Total Revenue": 43,
        "Gross Profit": 29,
        "Operating Income": -11,
        "EBIT": -2,
        "Net Income": -12
    },
    "2017-03-31": {
        "Diluted EPS": -0.33,
        "Total Revenue": 46,
        "Gross Profit": 31,
        "Operating Income": -15,
        "EBIT": -5,
        "Net Income": -16
    },
    "2016-12-31": {
        "Diluted EPS": -0.45,
        "Total Revenue": 73,
        "Gross Profit": 52,
        "Operating Income": -22,
        "EBIT": 15,
        "Net Income": -21
    },
    "2016-09-30": {
        "Diluted EPS": 0.07,
        "Total Revenue": 66,
        "Gross Profit": 48,
        "Operating Income": -2,
        "EBIT": 9,
        "Net Income": 4
    },
    "2016-06-30": {
        "Diluted EPS": -0.06,
        "Total Revenue": 71,
        "Gross Profit": 53,
        "Operating Income": 1,
        "EBIT": 11,
        "Net Income": -3
    },
    "2016-03-31": {
        "Diluted EPS": 0.05,
        "Total Revenue": 69,
        "Gross Profit": 52,
        "Operating Income": -2,
        "EBIT": 7,
        "Net Income": 2
    },
    "2015-12-31": {
        "Diluted EPS": 0.52,
        "Total Revenue": 94,
        "Gross Profit": 73,
        "Operating Income": 18,
        "EBIT": 27,
        "Net Income": 20
    },
    "2015-09-30": {
        "Diluted EPS": -0.07,
        "Total Revenue": 64,
        "Gross Profit": 48,
        "Operating Income": -5,
        "EBIT": 3,
        "Net Income": -3
    },
    "2015-06-30": {
        "Diluted EPS": -0.3,
        "Total Revenue": 53,
        "Gross Profit": 39,
        "Operating Income": -11,
        "EBIT": -2,
        "Net Income": -12
    },
    "2015-03-31": {
        "Diluted EPS": -0.14,
        "Total Revenue": 37,
        "Gross Profit": 31,
        "Operating Income": -7,
        "EBIT": -3,
        "Net Income": -5
    },
    "2014-12-31": {
        "Diluted EPS": 0.32,
        "Total Revenue": 42,
        "Gross Profit": 36,
        "Operating Income": 0,
        "EBIT": 5,
        "Net Income": 1
    },
    "2014-09-30": {
        "Diluted EPS": -0.14,
        "Total Revenue": 32,
        "Gross Profit": 27,
        "Operating Income": -5,
        "EBIT": -2,
        "Net Income": -5
    },
    "2014-06-30": {
        "Diluted EPS": -0.29,
        "Total Revenue": 28,
        "Gross Profit": 23,
        "Operating Income": -7,
        "EBIT": -4,
        "Net Income": -9
    },
    "2014-03-31": {
        "Diluted EPS": -0.59,
        "Total Revenue": 23,
        "Gross Profit": 19,
        "Operating Income": -6,
        "EBIT": -4,
        "Net Income": -7
    },
    "2013-12-31": {
        "Diluted EPS": -0.1,
        "Total Revenue": 28,
        "Gross Profit": 24,
        "Operating Income": 2,
        "EBIT": 5,
        "Net Income": 0
    },
    "2013-09-30": {
        "Diluted EPS": -0.52,
        "Total Revenue": 20,
        "Gross Profit": 16,
        "Operating Income": -3,
        "EBIT": -1,
        "Net Income": -6
    },
    "2013-06-30": {
        "Diluted EPS": -0.28,
        "Total Revenue": 19,
        "Gross Profit": 15,
        "Operating Income": -2,
        "EBIT": 0,
        "Net Income": -3
    },
    "2013-03-31": {
        "Diluted EPS": -0.28,
        "Total Revenue": 17,
        "Gross Profit": 13,
        "Operating Income": -2,
        "EBIT": 0,
        "Net Income": -3
    },
    "2012-12-31": {
        "Diluted EPS": 0.0,
        "Total Revenue": NaN,
        "Gross Profit": NaN,
        "Operating Income": NaN,
        "EBIT": NaN,
        "Net Income": NaN
    },
    "2011-12-31": {
        "Diluted EPS": 0.0,
        "Total Revenue": NaN,
        "Gross Profit": NaN,
        "Operating Income": NaN,
        "EBIT": NaN,
        "Net Income": NaN
    },
    "2023-06-30": {
        "Tax Effect Of Unusual Items": 2292400.0,
        "Tax Rate For Calcs": 0.4,
        "Normalized EBITDA": 18502000.0,
        "Total Unusual Items": 5731000.0,
        "Total Unusual Items Excluding Goodwill": 5731000.0,
        "Net Income From Continuing Operation Net Minority Interest": -73889000.0,
        "Reconciled Depreciation": 88939000.0,
        "Reconciled Cost Of Revenue": 130175000.0,
        "EBIT": -64706000.0,
        "Net Interest Income": -8520000.0,
        "Interest Expense": 8520000.0,
        "Normalized Income": -77327600.0,
        "Net Income From Continuing And Discontinued Operation": -73889000.0,
        "Total Expenses": 224338000.0,
        "Total Operating Income As Reported": -71795000.0,
        "Diluted Average Shares": 136164000.0,
        "Basic Average Shares": 136164000.0,
        "Diluted EPS": -0.54,
        "Basic EPS": -0.54,
        "Diluted NI Availto Com Stockholders": -73889000.0,
        "Net Income Common Stockholders": -73889000.0,
        "Net Income": -73889000.0,
        "Net Income Including Noncontrolling Interests": -73889000.0,
        "Net Income Continuous Operations": -73889000.0,
        "Tax Provision": 663000.0,
        "Pretax Income": -73226000.0,
        "Other Income Expense": 7089000.0,
        "Other Non Operating Income Expenses": 1358000.0,
        "Special Income Charges": 5427000.0,
        "Other Special Charges": -5427000.0,
        "Restructuring And Mergern Acquisition": 0.0,
        "Gain On Sale Of Security": 304000.0,
        "Net Non Operating Interest Income Expense": -8520000.0,
        "Total Other Finance Cost": NaN,
        "Interest Expense Non Operating": 8520000.0,
        "Operating Income": -71795000.0,
        "Operating Expense": 94163000.0,
        "Research And Development": 23383000.0,
        "Selling General And Administration": 70780000.0,
        "Selling And Marketing Expense": 38038000.0,
        "General And Administrative Expense": 32742000.0,
        "Other Gand A": 19967000.0,
        "Salaries And Wages": 12775000.0,
        "Gross Profit": 22368000.0,
        "Cost Of Revenue": 130175000.0,
        "Total Revenue": 152543000.0,
        "Operating Revenue": 152543000.0
    }
}