{
    "2023-03-31": {
        "Tax Effect Of Unusual Items": NaN,
        "Tax Rate For Calcs": NaN,
        "Normalized EBITDA": NaN,
        "Total Unusual Items": NaN,
        "Total Unusual Items Excluding Goodwill": NaN,
        "Net Income From Continuing Operation Net Minority Interest": NaN,
        "Reconciled Depreciation": NaN,
        "Reconciled Cost Of Revenue": NaN,
        "EBITDA": NaN,
        "EBIT": NaN,
        "Net Interest Income": NaN,
        "Interest Expense": NaN,
        "Interest Income": NaN,
        "Normalized Income": NaN,
        "Net Income From Continuing And Discontinued Operation": NaN,
        "Total Expenses": NaN,
        "Total Operating Income As Reported": NaN,
        "Diluted Average Shares": NaN,
        "Basic Average Shares": NaN,
        "Diluted EPS": NaN,
        "Basic EPS": NaN,
        "Diluted NI Availto Com Stockholders": NaN,
        "Net Income Common Stockholders": NaN,
        "Net Income": NaN,
        "Net Income Including Noncontrolling Interests": NaN,
        "Net Income Continuous Operations": NaN,
        "Pretax Income": NaN,
        "Other Income Expense": NaN,
        "Other Non Operating Income Expenses": NaN,
        "Special Income Charges": NaN,
        "Gain On Sale Of Ppe": NaN,
        "Gain On Sale Of Business": NaN,
        "Net Non Operating Interest Income Expense": NaN,
        "Interest Expense Non Operating": NaN,
        "Interest Income Non Operating": NaN,
        "Operating Income": NaN,
        "Operating Expense": NaN,
        "Other Operating Expenses": -283000.0,
        "Research And Development": NaN,
        "Selling General And Administration": NaN,
        "Gross Profit": NaN,
        "Cost Of Revenue": NaN,
        "Total Revenue": NaN,
        "Operating Revenue": NaN
    },
    "2022-12-31": {
        "Tax Effect Of Unusual Items": NaN,
        "Tax Rate For Calcs": NaN,
        "Normalized EBITDA": NaN,
        "Total Unusual Items": NaN,
        "Total Unusual Items Excluding Goodwill": NaN,
        "Net Income From Continuing Operation Net Minority Interest": NaN,
        "Reconciled Depreciation": NaN,
        "Reconciled Cost Of Revenue": NaN,
        "EBITDA": NaN,
        "EBIT": NaN,
        "Net Interest Income": NaN,
        "Interest Expense": NaN,
        "Interest Income": NaN,
        "Normalized Income": NaN,
        "Net Income From Continuing And Discontinued Operation": NaN,
        "Total Expenses": NaN,
        "Total Operating Income As Reported": NaN,
        "Diluted Average Shares": NaN,
        "Basic Average Shares": NaN,
        "Diluted EPS": NaN,
        "Basic EPS": NaN,
        "Diluted NI Availto Com Stockholders": NaN,
        "Net Income Common Stockholders": NaN,
        "Net Income": NaN,
        "Net Income Including Noncontrolling Interests": NaN,
        "Net Income Continuous Operations": NaN,
        "Pretax Income": NaN,
        "Other Income Expense": 819000.0,
        "Other Non Operating Income Expenses": 819000.0,
        "Special Income Charges": NaN,
        "Gain On Sale Of Ppe": NaN,
        "Gain On Sale Of Business": NaN,
        "Net Non Operating Interest Income Expense": NaN,
        "Interest Expense Non Operating": NaN,
        "Interest Income Non Operating": NaN,
        "Operating Income": NaN,
        "Operating Expense": NaN,
        "Other Operating Expenses": NaN,
        "Research And Development": NaN,
        "Selling General And Administration": NaN,
        "Gross Profit": NaN,
        "Cost Of Revenue": NaN,
        "Total Revenue": NaN,
        "Operating Revenue": NaN
    },
    "2022-09-30": {
        "Tax Effect Of Unusual Items": NaN,
        "Tax Rate For Calcs": NaN,
        "Normalized EBITDA": NaN,
        "Total Unusual Items": 0.0,
        "Total Unusual Items Excluding Goodwill": 0.0,
        "Net Income From Continuing Operation Net Minority Interest": NaN,
        "Reconciled Depreciation": NaN,
        "Reconciled Cost Of Revenue": NaN,
        "EBITDA": NaN,
        "EBIT": NaN,
        "Net Interest Income": NaN,
        "Interest Expense": NaN,
        "Interest Income": NaN,
        "Normalized Income": NaN,
        "Net Income From Continuing And Discontinued Operation": NaN,
        "Total Expenses": NaN,
        "Total Operating Income As Reported": NaN,
        "Diluted Average Shares": 61459831.0,
        "Basic Average Shares": 61459831.0,
        "Diluted EPS": -0.4,
        "Basic EPS": -0.4,
        "Diluted NI Availto Com Stockholders": NaN,
        "Net Income Common Stockholders": NaN,
        "Net Income": NaN,
        "Net Income Including Noncontrolling Interests": NaN,
        "Net Income Continuous Operations": NaN,
        "Pretax Income": NaN,
        "Other Income Expense": 142000.0,
        "Other Non Operating Income Expenses": 142000.0,
        "Special Income Charges": 0.0,
        "Gain On Sale Of Ppe": 0.0,
        "Gain On Sale Of Business": 0.0,
        "Net Non Operating Interest Income Expense": NaN,
        "Interest Expense Non Operating": NaN,
        "Interest Income Non Operating": NaN,
        "Operating Income": NaN,
        "Operating Expense": NaN,
        "Other Operating Expenses": NaN,
        "Research And Development": NaN,
        "Selling General And Administration": NaN,
        "Gross Profit": NaN,
        "Cost Of Revenue": NaN,
        "Total Revenue": NaN,
        "Operating Revenue": NaN
    },
    "2022-06-30": {
        "Tax Effect Of Unusual Items": 0.0,
        "Tax Rate For Calcs": 0.0,
        "Normalized EBITDA": -38931000.0,
        "Net Income From Continuing Operation Net Minority Interest": -41304000.0,
        "Reconciled Depreciation": 2877000.0,
        "Reconciled Cost Of Revenue": 2402000.0,
        "EBITDA": -38931000.0,
        "EBIT": -41808000.0,
        "Net Interest Income": NaN,
        "Interest Expense": NaN,
        "Interest Income": NaN,
        "Normalized Income": -41304000.0,
        "Net Income From Continuing And Discontinued Operation": -41304000.0,
        "Total Expenses": 67815000.0,
        "Total Operating Income As Reported": -41808000.0,
        "Diluted Average Shares": 61384943.0,
        "Basic Average Shares": 61384943.0,
        "Diluted EPS": -0.67,
        "Basic EPS": -0.67,
        "Diluted NI Availto Com Stockholders": -41304000.0,
        "Net Income Common Stockholders": -41304000.0,
        "Net Income": -41304000.0,
        "Net Income Including Noncontrolling Interests": -41304000.0,
        "Net Income Continuous Operations": -41304000.0,
        "Pretax Income": -41304000.0,
        "Other Income Expense": 504000.0,
        "Other Non Operating Income Expenses": 504000.0,
        "Net Non Operating Interest Income Expense": NaN,
        "Interest Expense Non Operating": NaN,
        "Interest Income Non Operating": NaN,
        "Operating Income": -41808000.0,
        "Operating Expense": 65413000.0,
        "Other Operating Expenses": NaN,
        "Research And Development": 51744000.0,
        "Selling General And Administration": 13669000.0,
        "Gross Profit": 23605000.0,
        "Cost Of Revenue": 2402000.0,
        "Total Revenue": 26007000.0,
        "Operating Revenue": 25527000.0
    },
    "2022-03-31": {
        "Diluted EPS": -1.08,
        "Total Revenue": 11,
        "Gross Profit": 11,
        "Operating Income": -67,
        "EBIT": -63,
        "Net Income": -66
    },
    "2021-12-31": {
        "Diluted EPS": -0.95,
        "Total Revenue": 14,
        "Gross Profit": 13,
        "Operating Income": -58,
        "EBIT": -55,
        "Net Income": -58
    },
    "2021-09-30": {
        "Diluted EPS": -0.86,
        "Total Revenue": 16,
        "Gross Profit": 14,
        "Operating Income": -53,
        "EBIT": -50,
        "Net Income": -53
    },
    "2021-06-30": {
        "Diluted EPS": -0.66,
        "Total Revenue": 31,
        "Gross Profit": 31,
        "Operating Income": -40,
        "EBIT": -37,
        "Net Income": -40
    },
    "2021-03-31": {
        "Diluted EPS": -0.9,
        "Total Revenue": 17,
        "Gross Profit": 17,
        "Operating Income": -51,
        "EBIT": -48,
        "Net Income": -51
    },
    "2020-12-31": {
        "Diluted EPS": 0.04,
        "Total Revenue": 53,
        "Gross Profit": 53,
        "Operating Income": -2,
        "EBIT": 1,
        "Net Income": -2
    },
    "2020-09-30": {
        "Diluted EPS": -0.66,
        "Total Revenue": 18,
        "Gross Profit": 18,
        "Operating Income": -36,
        "EBIT": -33,
        "Net Income": -36
    },
    "2020-06-30": {
        "Diluted EPS": -0.94,
        "Total Revenue": 20,
        "Gross Profit": 20,
        "Operating Income": -47,
        "EBIT": -44,
        "Net Income": -47
    },
    "2020-03-31": {
        "Diluted EPS": -0.91,
        "Total Revenue": 14,
        "Gross Profit": 14,
        "Operating Income": -45,
        "EBIT": -43,
        "Net Income": -45
    },
    "2019-12-31": {
        "Diluted EPS": -0.61,
        "Total Revenue": 25,
        "Gross Profit": 25,
        "Operating Income": -39,
        "EBIT": -36,
        "Net Income": -30
    },
    "2019-09-30": {
        "Diluted EPS": -0.91,
        "Total Revenue": 19,
        "Gross Profit": 19,
        "Operating Income": -38,
        "EBIT": -35,
        "Net Income": -45
    },
    "2019-06-30": {
        "Diluted EPS": -0.65,
        "Total Revenue": 11,
        "Gross Profit": 11,
        "Operating Income": -53,
        "EBIT": -50,
        "Net Income": -32
    },
    "2019-03-31": {
        "Diluted EPS": -0.99,
        "Total Revenue": 10,
        "Gross Profit": 10,
        "Operating Income": -48,
        "EBIT": -45,
        "Net Income": -45
    },
    "2018-12-31": {
        "Diluted EPS": -1.01,
        "Total Revenue": 16,
        "Gross Profit": 16,
        "Operating Income": -42,
        "EBIT": -39,
        "Net Income": -45
    },
    "2018-09-30": {
        "Diluted EPS": -0.81,
        "Total Revenue": 21,
        "Gross Profit": 21,
        "Operating Income": -35,
        "EBIT": -32,
        "Net Income": -34
    },
    "2018-06-30": {
        "Diluted EPS": -1.03,
        "Total Revenue": 19,
        "Gross Profit": 19,
        "Operating Income": -44,
        "EBIT": -43,
        "Net Income": -43
    },
    "2018-03-31": {
        "Diluted EPS": -1.34,
        "Total Revenue": 5,
        "Gross Profit": 5,
        "Operating Income": -50,
        "EBIT": -49,
        "Net Income": -50
    },
    "2017-12-31": {
        "Diluted EPS": 2.96,
        "Total Revenue": 152,
        "Gross Profit": 152,
        "Operating Income": 105,
        "EBIT": 106,
        "Net Income": 106
    },
    "2017-09-30": {
        "Diluted EPS": -1.28,
        "Total Revenue": 2,
        "Gross Profit": 2,
        "Operating Income": -48,
        "EBIT": -46,
        "Net Income": -47
    },
    "2017-06-30": {
        "Diluted EPS": -1.14,
        "Total Revenue": 2,
        "Gross Profit": 2,
        "Operating Income": -41,
        "EBIT": -39,
        "Net Income": -41
    },
    "2017-03-31": {
        "Diluted EPS": -1.08,
        "Total Revenue": 2,
        "Gross Profit": 2,
        "Operating Income": -38,
        "EBIT": -36,
        "Net Income": -38
    },
    "2016-12-31": {
        "Diluted EPS": -0.96,
        "Total Revenue": 5,
        "Gross Profit": 5,
        "Operating Income": -35,
        "EBIT": -33,
        "Net Income": -35
    },
    "2016-09-30": {
        "Diluted EPS": -0.97,
        "Total Revenue": 3,
        "Gross Profit": 3,
        "Operating Income": -34,
        "EBIT": -32,
        "Net Income": -34
    },
    "2016-06-30": {
        "Diluted EPS": 1.12,
        "Total Revenue": 81,
        "Gross Profit": 81,
        "Operating Income": 40,
        "EBIT": 42,
        "Net Income": 40
    },
    "2016-03-31": {
        "Diluted EPS": -0.88,
        "Total Revenue": 3,
        "Gross Profit": 3,
        "Operating Income": -31,
        "EBIT": -29,
        "Net Income": -30
    },
    "2015-12-31": {
        "Diluted EPS": -0.88,
        "Total Revenue": 8,
        "Gross Profit": 8,
        "Operating Income": -29,
        "EBIT": -27,
        "Net Income": -28
    },
    "2015-09-30": {
        "Diluted EPS": -0.46,
        "Total Revenue": 15,
        "Gross Profit": 15,
        "Operating Income": -15,
        "EBIT": -15,
        "Net Income": -15
    },
    "2015-06-30": {
        "Diluted EPS": -0.71,
        "Total Revenue": 7,
        "Gross Profit": 7,
        "Operating Income": -21,
        "EBIT": -21,
        "Net Income": -21
    },
    "2015-03-31": {
        "Diluted EPS": 1.42,
        "Total Revenue": 71,
        "Gross Profit": 71,
        "Operating Income": 45,
        "EBIT": 46,
        "Net Income": 45
    },
    "2014-12-31": {
        "Diluted EPS": -0.7,
        "Total Revenue": 5,
        "Gross Profit": 5,
        "Operating Income": -19,
        "EBIT": -19,
        "Net Income": -19
    },
    "2014-09-30": {
        "Diluted EPS": -0.14,
        "Total Revenue": 18,
        "Gross Profit": 18,
        "Operating Income": -4,
        "EBIT": -3,
        "Net Income": -4
    },
    "2014-06-30": {
        "Diluted EPS": -0.44,
        "Total Revenue": 9,
        "Gross Profit": 9,
        "Operating Income": -12,
        "EBIT": -12,
        "Net Income": -12
    },
    "2014-03-31": {
        "Diluted EPS": -0.12,
        "Total Revenue": 15,
        "Gross Profit": 15,
        "Operating Income": -3,
        "EBIT": -3,
        "Net Income": -3
    },
    "2013-12-31": {
        "Diluted EPS": 3.12,
        "Total Revenue": 15,
        "Gross Profit": 15,
        "Operating Income": -3,
        "EBIT": -3,
        "Net Income": 3
    },
    "2013-09-30": {
        "Diluted EPS": 0.01,
        "Total Revenue": 20,
        "Gross Profit": 20,
        "Operating Income": 7,
        "EBIT": 7,
        "Net Income": 0
    },
    "2013-06-30": {
        "Diluted EPS": -0.24,
        "Total Revenue": 12,
        "Gross Profit": 12,
        "Operating Income": 0,
        "EBIT": 0,
        "Net Income": 0
    },
    "2013-03-31": {
        "Diluted EPS": -2.93,
        "Total Revenue": 11,
        "Gross Profit": 11,
        "Operating Income": -3,
        "EBIT": -3,
        "Net Income": -3
    },
    "2012-12-31": {
        "Diluted EPS": 0.0,
        "Total Revenue": NaN,
        "Gross Profit": NaN,
        "Operating Income": NaN,
        "EBIT": NaN,
        "Net Income": NaN
    },
    "2012-09-30": {
        "Diluted EPS": 0.0,
        "Total Revenue": 16,
        "Gross Profit": 16,
        "Operating Income": 3,
        "EBIT": 3,
        "Net Income": NaN
    },
    "2012-06-30": {
        "Diluted EPS": 0.0,
        "Total Revenue": NaN,
        "Gross Profit": NaN,
        "Operating Income": NaN,
        "EBIT": NaN,
        "Net Income": NaN
    },
    "2011-12-31": {
        "Diluted EPS": 0.0,
        "Total Revenue": NaN,
        "Gross Profit": NaN,
        "Operating Income": NaN,
        "EBIT": NaN,
        "Net Income": NaN
    },
    "2023-06-30": {
        "Tax Effect Of Unusual Items": NaN,
        "Tax Rate For Calcs": NaN,
        "Normalized EBITDA": NaN,
        "Total Unusual Items": 100930000.0,
        "Total Unusual Items Excluding Goodwill": 100930000.0,
        "Net Income From Continuing Operation Net Minority Interest": NaN,
        "Reconciled Depreciation": NaN,
        "Reconciled Cost Of Revenue": NaN,
        "EBITDA": NaN,
        "EBIT": NaN,
        "Net Interest Income": NaN,
        "Interest Expense": NaN,
        "Interest Income": NaN,
        "Normalized Income": NaN,
        "Net Income From Continuing And Discontinued Operation": NaN,
        "Total Expenses": NaN,
        "Total Operating Income As Reported": NaN,
        "Diluted Average Shares": 62261646.0,
        "Basic Average Shares": 61880096.0,
        "Diluted EPS": 0.92,
        "Basic EPS": 0.93,
        "Diluted NI Availto Com Stockholders": NaN,
        "Net Income Common Stockholders": NaN,
        "Net Income": NaN,
        "Net Income Including Noncontrolling Interests": NaN,
        "Net Income Continuous Operations": NaN,
        "Pretax Income": NaN,
        "Other Income Expense": 100930000.0,
        "Other Non Operating Income Expenses": 100930000.0,
        "Special Income Charges": 100930000.0,
        "Gain On Sale Of Ppe": 100930000.0,
        "Gain On Sale Of Business": 100930000.0,
        "Net Non Operating Interest Income Expense": NaN,
        "Interest Expense Non Operating": NaN,
        "Interest Income Non Operating": NaN,
        "Operating Income": NaN,
        "Operating Expense": NaN,
        "Research And Development": NaN,
        "Selling General And Administration": NaN,
        "Gross Profit": NaN,
        "Cost Of Revenue": NaN,
        "Total Revenue": NaN,
        "Operating Revenue": NaN
    },
    "2023-09-30": {
        "Tax Effect Of Unusual Items": 10500000.0,
        "Tax Rate For Calcs": 0.21,
        "Normalized EBITDA": -30496000.0,
        "Total Unusual Items": 50000000.0,
        "Total Unusual Items Excluding Goodwill": 50000000.0,
        "Net Income From Continuing Operation Net Minority Interest": 17554000.0,
        "Reconciled Depreciation": 1950000.0,
        "Reconciled Cost Of Revenue": 3359000.0,
        "EBITDA": 19504000.0,
        "EBIT": 17554000.0,
        "Net Interest Income": 3056000.0,
        "Interest Expense": 0.0,
        "Interest Income": 3056000.0,
        "Normalized Income": -21946000.0,
        "Net Income From Continuing And Discontinued Operation": 17554000.0,
        "Total Expenses": 45899000.0,
        "Total Operating Income As Reported": -35502000.0,
        "Diluted Average Shares": 62244602.0,
        "Basic Average Shares": 61980680.0,
        "Diluted EPS": 0.28,
        "Basic EPS": 0.28,
        "Diluted NI Availto Com Stockholders": 17554000.0,
        "Net Income Common Stockholders": 17554000.0,
        "Net Income": 17554000.0,
        "Net Income Including Noncontrolling Interests": 17554000.0,
        "Net Income Continuous Operations": 17554000.0,
        "Pretax Income": 17554000.0,
        "Other Income Expense": 50000000.0,
        "Other Non Operating Income Expenses": NaN,
        "Special Income Charges": 50000000.0,
        "Gain On Sale Of Ppe": 50000000.0,
        "Gain On Sale Of Business": 50000000.0,
        "Net Non Operating Interest Income Expense": 3056000.0,
        "Interest Expense Non Operating": 0.0,
        "Interest Income Non Operating": 3056000.0,
        "Operating Income": -35502000.0,
        "Operating Expense": 42540000.0,
        "Research And Development": 30131000.0,
        "Selling General And Administration": 12409000.0,
        "Gross Profit": 7038000.0,
        "Cost Of Revenue": 3359000.0,
        "Total Revenue": 10397000.0,
        "Operating Revenue": 10397000.0
    },
    "2023-12-31": {
        "Tax Effect Of Unusual Items": 0.0,
        "Tax Rate For Calcs": 0.0,
        "Normalized EBITDA": -44172000.0,
        "Total Unusual Items": 0.0,
        "Total Unusual Items Excluding Goodwill": 0.0,
        "Net Income From Continuing Operation Net Minority Interest": -46072000.0,
        "Reconciled Depreciation": 1900000.0,
        "Reconciled Cost Of Revenue": 163000.0,
        "EBITDA": -44172000.0,
        "EBIT": -46072000.0,
        "Net Interest Income": 3282000.0,
        "Interest Expense": 0.0,
        "Interest Income": 3282000.0,
        "Normalized Income": -46072000.0,
        "Net Income From Continuing And Discontinued Operation": -46072000.0,
        "Total Expenses": 58518000.0,
        "Total Operating Income As Reported": -49354000.0,
        "Diluted Average Shares": NaN,
        "Basic Average Shares": NaN,
        "Diluted EPS": NaN,
        "Basic EPS": NaN,
        "Diluted NI Availto Com Stockholders": -46072000.0,
        "Net Income Common Stockholders": -46072000.0,
        "Net Income": -46072000.0,
        "Net Income Including Noncontrolling Interests": -46072000.0,
        "Net Income Continuous Operations": -46072000.0,
        "Pretax Income": -46072000.0,
        "Other Income Expense": 0.0,
        "Other Non Operating Income Expenses": NaN,
        "Special Income Charges": 0.0,
        "Gain On Sale Of Ppe": NaN,
        "Gain On Sale Of Business": 0.0,
        "Net Non Operating Interest Income Expense": 3282000.0,
        "Interest Expense Non Operating": 0.0,
        "Interest Income Non Operating": 3282000.0,
        "Operating Income": -49354000.0,
        "Operating Expense": 58355000.0,
        "Research And Development": 47351000.0,
        "Selling General And Administration": 12560000.0,
        "Gross Profit": 9001000.0,
        "Cost Of Revenue": 163000.0,
        "Total Revenue": 9164000.0,
        "Operating Revenue": 9164000.0
    },
    "2024-03-31": {
        "Tax Effect Of Unusual Items": 0.0,
        "Tax Rate For Calcs": 0.0,
        "Normalized EBITDA": -49216000.0,
        "Total Unusual Items": NaN,
        "Total Unusual Items Excluding Goodwill": NaN,
        "Net Income From Continuing Operation Net Minority Interest": -52190000.0,
        "Reconciled Depreciation": 1841000.0,
        "Reconciled Cost Of Revenue": 2116000.0,
        "EBITDA": -49216000.0,
        "EBIT": -51057000.0,
        "Net Interest Income": 1560000.0,
        "Interest Expense": 1133000.0,
        "Interest Income": 2693000.0,
        "Normalized Income": -52190000.0,
        "Net Income From Continuing And Discontinued Operation": -52190000.0,
        "Total Expenses": 62854000.0,
        "Total Operating Income As Reported": -53750000.0,
        "Diluted Average Shares": 62290538.0,
        "Basic Average Shares": 62290538.0,
        "Diluted EPS": -0.84,
        "Basic EPS": -0.84,
        "Diluted NI Availto Com Stockholders": -52190000.0,
        "Net Income Common Stockholders": -52190000.0,
        "Net Income": -52190000.0,
        "Net Income Including Noncontrolling Interests": -52190000.0,
        "Net Income Continuous Operations": -52190000.0,
        "Pretax Income": -52190000.0,
        "Other Income Expense": NaN,
        "Other Non Operating Income Expenses": NaN,
        "Special Income Charges": NaN,
        "Gain On Sale Of Ppe": NaN,
        "Gain On Sale Of Business": NaN,
        "Net Non Operating Interest Income Expense": 1560000.0,
        "Interest Expense Non Operating": 1133000.0,
        "Interest Income Non Operating": 2693000.0,
        "Operating Income": -53750000.0,
        "Operating Expense": 60738000.0,
        "Research And Development": 46029000.0,
        "Selling General And Administration": 14709000.0,
        "Gross Profit": 6988000.0,
        "Cost Of Revenue": 2116000.0,
        "Total Revenue": 9104000.0,
        "Operating Revenue": 9104000.0
    },
    "2024-06-30": {
        "Tax Effect Of Unusual Items": 0.0,
        "Tax Rate For Calcs": 0.0,
        "Normalized EBITDA": -53847000.0,
        "Total Unusual Items": 0.0,
        "Total Unusual Items Excluding Goodwill": 0.0,
        "Net Income From Continuing Operation Net Minority Interest": -55664000.0,
        "Reconciled Depreciation": 1811000.0,
        "Reconciled Cost Of Revenue": 2823000.0,
        "EBITDA": -53847000.0,
        "EBIT": -55658000.0,
        "Net Interest Income": 2517000.0,
        "Interest Expense": 6000.0,
        "Interest Income": 2523000.0,
        "Normalized Income": -55664000.0,
        "Net Income From Continuing And Discontinued Operation": -55664000.0,
        "Total Expenses": 68978000.0,
        "Total Operating Income As Reported": -58181000.0,
        "Diluted Average Shares": 62663677.0,
        "Basic Average Shares": 62663677.0,
        "Diluted EPS": -0.89,
        "Basic EPS": -0.89,
        "Diluted NI Availto Com Stockholders": -55664000.0,
        "Net Income Common Stockholders": -55664000.0,
        "Net Income": -55664000.0,
        "Net Income Including Noncontrolling Interests": -55664000.0,
        "Net Income Continuous Operations": -55664000.0,
        "Pretax Income": -55664000.0,
        "Other Income Expense": NaN,
        "Other Non Operating Income Expenses": NaN,
        "Special Income Charges": 0.0,
        "Gain On Sale Of Ppe": NaN,
        "Gain On Sale Of Business": 0.0,
        "Net Non Operating Interest Income Expense": 2517000.0,
        "Interest Expense Non Operating": 6000.0,
        "Interest Income Non Operating": 2523000.0,
        "Operating Income": -58181000.0,
        "Operating Expense": 66155000.0,
        "Research And Development": 51732000.0,
        "Selling General And Administration": 14423000.0,
        "Gross Profit": 7974000.0,
        "Cost Of Revenue": 2823000.0,
        "Total Revenue": 10797000.0,
        "Operating Revenue": 10797000.0
    },
    "2024-09-30": {
        "Tax Effect Of Unusual Items": 0.0,
        "Tax Rate For Calcs": 0.21,
        "Normalized EBITDA": 58144000.0,
        "Total Unusual Items": 0.0,
        "Total Unusual Items Excluding Goodwill": 0.0,
        "Net Income From Continuing Operation Net Minority Interest": 56309000.0,
        "Reconciled Depreciation": 1835000.0,
        "Reconciled Cost Of Revenue": 1870000.0,
        "EBITDA": 58144000.0,
        "EBIT": 56309000.0,
        "Net Interest Income": 2118000.0,
        "Interest Expense": 0.0,
        "Interest Income": 2118000.0,
        "Normalized Income": 56309000.0,
        "Net Income From Continuing And Discontinued Operation": 56309000.0,
        "Total Expenses": 56517000.0,
        "Total Operating Income As Reported": 54191000.0,
        "Diluted Average Shares": 62865841.0,
        "Basic Average Shares": 62744005.0,
        "Diluted EPS": 0.9,
        "Basic EPS": 0.9,
        "Diluted NI Availto Com Stockholders": 56309000.0,
        "Net Income Common Stockholders": 56309000.0,
        "Net Income": 56309000.0,
        "Net Income Including Noncontrolling Interests": 56309000.0,
        "Net Income Continuous Operations": 56309000.0,
        "Pretax Income": 56309000.0,
        "Other Income Expense": NaN,
        "Other Non Operating Income Expenses": NaN,
        "Special Income Charges": 0.0,
        "Gain On Sale Of Ppe": NaN,
        "Gain On Sale Of Business": 0.0,
        "Net Non Operating Interest Income Expense": 2118000.0,
        "Interest Expense Non Operating": 0.0,
        "Interest Income Non Operating": 2118000.0,
        "Operating Income": 54191000.0,
        "Operating Expense": 54647000.0,
        "Research And Development": 40543000.0,
        "Selling General And Administration": 14104000.0,
        "Gross Profit": 108838000.0,
        "Cost Of Revenue": 1870000.0,
        "Total Revenue": 110708000.0,
        "Operating Revenue": 110708000.0
    }
}