{
    "2023-03-31": {
        "Tax Effect Of Unusual Items": 0.0,
        "Tax Rate For Calcs": 0.237,
        "Normalized EBITDA": 46853000.0,
        "Total Unusual Items": NaN,
        "Total Unusual Items Excluding Goodwill": NaN,
        "Net Income From Continuing Operation Net Minority Interest": 31071000.0,
        "Reconciled Depreciation": 5171000.0,
        "Reconciled Cost Of Revenue": 131186000.0,
        "EBITDA": 46853000.0,
        "EBIT": 41682000.0,
        "Net Interest Income": -995000.0,
        "Interest Expense": 995000.0,
        "Normalized Income": 31071000.0,
        "Net Income From Continuing And Discontinued Operation": 31071000.0,
        "Total Expenses": 159451000.0,
        "Total Operating Income As Reported": 41559000.0,
        "Diluted Average Shares": 22072271.0,
        "Basic Average Shares": 22040224.0,
        "Diluted EPS": 1.39,
        "Basic EPS": 1.4,
        "Diluted NI Availto Com Stockholders": 30760000.0,
        "Net Income Common Stockholders": 30760000.0,
        "Otherunder Preferred Stock Dividend": 311000.0,
        "Net Income": 31071000.0,
        "Minority Interests": 39000.0,
        "Net Income Including Noncontrolling Interests": 31032000.0,
        "Net Income Continuous Operations": 31032000.0,
        "Tax Provision": 9655000.0,
        "Pretax Income": 40687000.0,
        "Other Income Expense": 123000.0,
        "Other Non Operating Income Expenses": 123000.0,
        "Special Income Charges": NaN,
        "Impairment Of Capital Assets": NaN,
        "Restructuring And Mergern Acquisition": NaN,
        "Net Non Operating Interest Income Expense": -995000.0,
        "Interest Expense Non Operating": 995000.0,
        "Operating Income": 41559000.0,
        "Operating Expense": 28265000.0,
        "Selling General And Administration": 28265000.0,
        "Selling And Marketing Expense": 7733000.0,
        "General And Administrative Expense": 20532000.0,
        "Other Gand A": 20532000.0,
        "Gross Profit": 69824000.0,
        "Cost Of Revenue": 131186000.0,
        "Total Revenue": 201010000.0,
        "Operating Revenue": 201010000.0
    },
    "2022-12-31": {
        "Tax Effect Of Unusual Items": 0.0,
        "Tax Rate For Calcs": 0.189494,
        "Normalized EBITDA": 33932000.0,
        "Total Unusual Items": 0.0,
        "Total Unusual Items Excluding Goodwill": 0.0,
        "Net Income From Continuing Operation Net Minority Interest": 22657000.0,
        "Reconciled Depreciation": 5198000.0,
        "Reconciled Cost Of Revenue": 127782000.0,
        "EBITDA": 33932000.0,
        "EBIT": 28734000.0,
        "Net Interest Income": -960000.0,
        "Interest Expense": 960000.0,
        "Normalized Income": 22657000.0,
        "Net Income From Continuing And Discontinued Operation": 22657000.0,
        "Total Expenses": 161280000.0,
        "Total Operating Income As Reported": 29715000.0,
        "Diluted Average Shares": 22304093.0,
        "Basic Average Shares": 22011785.0,
        "Diluted EPS": 1.01,
        "Basic EPS": 1.02,
        "Diluted NI Availto Com Stockholders": 22474000.0,
        "Net Income Common Stockholders": 22474000.0,
        "Otherunder Preferred Stock Dividend": 183000.0,
        "Net Income": 22657000.0,
        "Minority Interests": 146000.0,
        "Net Income Including Noncontrolling Interests": 22511000.0,
        "Net Income Continuous Operations": 22511000.0,
        "Tax Provision": 5263000.0,
        "Pretax Income": 27774000.0,
        "Other Income Expense": -981000.0,
        "Other Non Operating Income Expenses": -981000.0,
        "Special Income Charges": 0.0,
        "Impairment Of Capital Assets": NaN,
        "Restructuring And Mergern Acquisition": NaN,
        "Net Non Operating Interest Income Expense": -960000.0,
        "Interest Expense Non Operating": 960000.0,
        "Operating Income": 29715000.0,
        "Operating Expense": 33498000.0,
        "Selling General And Administration": 33498000.0,
        "Selling And Marketing Expense": 10866000.0,
        "General And Administrative Expense": 22632000.0,
        "Other Gand A": 22632000.0,
        "Gross Profit": 63213000.0,
        "Cost Of Revenue": 127782000.0,
        "Total Revenue": 190995000.0,
        "Operating Revenue": 190995000.0
    },
    "2022-09-30": {
        "Tax Effect Of Unusual Items": 0.0,
        "Tax Rate For Calcs": 0.242,
        "Normalized EBITDA": 37844000.0,
        "Total Unusual Items": NaN,
        "Total Unusual Items Excluding Goodwill": NaN,
        "Net Income From Continuing Operation Net Minority Interest": 23808000.0,
        "Reconciled Depreciation": 5333000.0,
        "Reconciled Cost Of Revenue": 142098000.0,
        "EBITDA": 37844000.0,
        "EBIT": 32511000.0,
        "Net Interest Income": -1350000.0,
        "Interest Expense": 1350000.0,
        "Normalized Income": 23808000.0,
        "Net Income From Continuing And Discontinued Operation": 23808000.0,
        "Total Expenses": 167282000.0,
        "Total Operating Income As Reported": 33864000.0,
        "Diluted Average Shares": 22228814.0,
        "Basic Average Shares": 22008381.0,
        "Diluted EPS": 1.06,
        "Basic EPS": 1.07,
        "Diluted NI Availto Com Stockholders": 23620000.0,
        "Net Income Common Stockholders": 23620000.0,
        "Otherunder Preferred Stock Dividend": 188000.0,
        "Net Income": 23808000.0,
        "Minority Interests": 180000.0,
        "Net Income Including Noncontrolling Interests": 23628000.0,
        "Net Income Continuous Operations": 23628000.0,
        "Tax Provision": 7533000.0,
        "Pretax Income": 31161000.0,
        "Other Income Expense": -1353000.0,
        "Other Non Operating Income Expenses": -1353000.0,
        "Special Income Charges": NaN,
        "Impairment Of Capital Assets": NaN,
        "Restructuring And Mergern Acquisition": NaN,
        "Net Non Operating Interest Income Expense": -1350000.0,
        "Interest Expense Non Operating": 1350000.0,
        "Operating Income": 33864000.0,
        "Operating Expense": 25184000.0,
        "Other Operating Expenses": 1000.0,
        "Selling General And Administration": 25183000.0,
        "Selling And Marketing Expense": 7279000.0,
        "General And Administrative Expense": 17904000.0,
        "Other Gand A": 17904000.0,
        "Gross Profit": 59048000.0,
        "Cost Of Revenue": 142098000.0,
        "Total Revenue": 201146000.0,
        "Operating Revenue": 201146000.0
    },
    "2022-06-30": {
        "Tax Effect Of Unusual Items": 0.0,
        "Tax Rate For Calcs": 0.224,
        "Normalized EBITDA": 35306000.0,
        "Total Unusual Items": NaN,
        "Total Unusual Items Excluding Goodwill": NaN,
        "Net Income From Continuing Operation Net Minority Interest": 25560000.0,
        "Reconciled Depreciation": 5303000.0,
        "Reconciled Cost Of Revenue": 135758000.0,
        "EBITDA": 35306000.0,
        "EBIT": 35306000.0,
        "Net Interest Income": -1543000.0,
        "Interest Expense": 1543000.0,
        "Normalized Income": 25560000.0,
        "Net Income From Continuing And Discontinued Operation": 25560000.0,
        "Total Expenses": 159676000.0,
        "Total Operating Income As Reported": 35306000.0,
        "Diluted Average Shares": 22002385.0,
        "Basic Average Shares": 22002385.0,
        "Diluted EPS": 1.15,
        "Basic EPS": 1.15,
        "Diluted NI Availto Com Stockholders": 25343000.0,
        "Net Income Common Stockholders": 25343000.0,
        "Otherunder Preferred Stock Dividend": 217000.0,
        "Net Income": 25560000.0,
        "Minority Interests": 198000.0,
        "Net Income Including Noncontrolling Interests": 25362000.0,
        "Net Income Continuous Operations": 25362000.0,
        "Tax Provision": 7339000.0,
        "Pretax Income": 32701000.0,
        "Other Income Expense": -1062000.0,
        "Other Non Operating Income Expenses": -1062000.0,
        "Special Income Charges": NaN,
        "Net Non Operating Interest Income Expense": -1543000.0,
        "Total Other Finance Cost": 1543000.0,
        "Interest Expense Non Operating": 1543000.0,
        "Operating Income": 35306000.0,
        "Operating Expense": 23918000.0,
        "Other Operating Expenses": -6000.0,
        "Selling General And Administration": 23924000.0,
        "Selling And Marketing Expense": 6065000.0,
        "General And Administrative Expense": 17859000.0,
        "Other Gand A": 17859000.0,
        "Gross Profit": 59224000.0,
        "Cost Of Revenue": 135758000.0,
        "Total Revenue": 194982000.0,
        "Operating Revenue": 194982000.0
    },
    "2023-06-30": {
        "Tax Effect Of Unusual Items": 0.0,
        "Tax Rate For Calcs": 0.253,
        "Normalized EBITDA": 49369000.0,
        "Total Unusual Items": NaN,
        "Total Unusual Items Excluding Goodwill": NaN,
        "Net Income From Continuing Operation Net Minority Interest": 32126000.0,
        "Reconciled Depreciation": 5319000.0,
        "Reconciled Cost Of Revenue": 132706000.0,
        "EBITDA": 49369000.0,
        "EBIT": 44050000.0,
        "Net Interest Income": -1282000.0,
        "Interest Expense": 1282000.0,
        "Normalized Income": 32126000.0,
        "Net Income From Continuing And Discontinued Operation": 32126000.0,
        "Total Expenses": 164858000.0,
        "Total Operating Income As Reported": 44143000.0,
        "Diluted Average Shares": 22139663.0,
        "Basic Average Shares": 22062142.0,
        "Diluted EPS": 1.44,
        "Basic EPS": 1.44,
        "Diluted NI Availto Com Stockholders": 31802000.0,
        "Net Income Common Stockholders": 31802000.0,
        "Otherunder Preferred Stock Dividend": 324000.0,
        "Net Income": 32126000.0,
        "Minority Interests": 162000.0,
        "Net Income Including Noncontrolling Interests": 31964000.0,
        "Net Income Continuous Operations": 31964000.0,
        "Tax Provision": 10804000.0,
        "Pretax Income": 42768000.0,
        "Other Income Expense": -93000.0,
        "Other Non Operating Income Expenses": -93000.0,
        "Special Income Charges": NaN,
        "Impairment Of Capital Assets": NaN,
        "Restructuring And Mergern Acquisition": NaN,
        "Net Non Operating Interest Income Expense": -1282000.0,
        "Interest Expense Non Operating": 1282000.0,
        "Operating Income": 44143000.0,
        "Operating Expense": 32152000.0,
        "Selling General And Administration": 32152000.0,
        "Selling And Marketing Expense": 8639000.0,
        "General And Administrative Expense": 23513000.0,
        "Other Gand A": 23513000.0,
        "Gross Profit": 76295000.0,
        "Cost Of Revenue": 132706000.0,
        "Total Revenue": 209001000.0,
        "Operating Revenue": 209001000.0
    },
    "2022-03-31": {
        "Diluted EPS": 1.69,
        "Total Revenue": 195,
        "Gross Profit": 72,
        "Operating Income": 50,
        "EBIT": 56,
        "Net Income": 37
    },
    "2021-12-31": {
        "Diluted EPS": 1.48,
        "Total Revenue": 167,
        "Gross Profit": 53,
        "Operating Income": 45,
        "EBIT": 51,
        "Net Income": 32
    },
    "2021-09-30": {
        "Diluted EPS": 1.08,
        "Total Revenue": 177,
        "Gross Profit": 57,
        "Operating Income": 33,
        "EBIT": 38,
        "Net Income": 24
    },
    "2021-06-30": {
        "Diluted EPS": 0.91,
        "Total Revenue": 175,
        "Gross Profit": 57,
        "Operating Income": 28,
        "EBIT": 33,
        "Net Income": 20
    },
    "2021-03-31": {
        "Diluted EPS": 0.9,
        "Total Revenue": 108,
        "Gross Profit": 32,
        "Operating Income": 21,
        "EBIT": 24,
        "Net Income": 15
    },
    "2020-12-31": {
        "Diluted EPS": 0.69,
        "Total Revenue": 101,
        "Gross Profit": 32,
        "Operating Income": 16,
        "EBIT": 19,
        "Net Income": 12
    },
    "2020-09-30": {
        "Diluted EPS": 0.61,
        "Total Revenue": 103,
        "Gross Profit": 23,
        "Operating Income": 14,
        "EBIT": 17,
        "Net Income": 10
    },
    "2020-06-30": {
        "Diluted EPS": 0.5,
        "Total Revenue": 93,
        "Gross Profit": 21,
        "Operating Income": 11,
        "EBIT": 15,
        "Net Income": 8
    },
    "2020-03-31": {
        "Diluted EPS": 0.57,
        "Total Revenue": 99,
        "Gross Profit": 23,
        "Operating Income": 14,
        "EBIT": 17,
        "Net Income": 10
    },
    "2019-12-31": {
        "Diluted EPS": 0.76,
        "Total Revenue": 92,
        "Gross Profit": 22,
        "Operating Income": 16,
        "EBIT": 19,
        "Net Income": 13
    },
    "2019-09-30": {
        "Diluted EPS": 0.48,
        "Total Revenue": 91,
        "Gross Profit": 19,
        "Operating Income": 12,
        "EBIT": 15,
        "Net Income": 8
    },
    "2019-06-30": {
        "Diluted EPS": 0.46,
        "Total Revenue": 91,
        "Gross Profit": 20,
        "Operating Income": 11,
        "EBIT": 14,
        "Net Income": 8
    },
    "2019-03-31": {
        "Diluted EPS": 0.57,
        "Total Revenue": 89,
        "Gross Profit": 17,
        "Operating Income": 9,
        "EBIT": 11,
        "Net Income": 10
    },
    "2018-12-31": {
        "Diluted EPS": 0.69,
        "Total Revenue": 105,
        "Gross Profit": 26,
        "Operating Income": 17,
        "EBIT": 19,
        "Net Income": 12
    },
    "2018-09-30": {
        "Diluted EPS": 0.52,
        "Total Revenue": 95,
        "Gross Profit": 20,
        "Operating Income": 12,
        "EBIT": 15,
        "Net Income": 9
    },
    "2018-06-30": {
        "Diluted EPS": 0.44,
        "Total Revenue": 88,
        "Gross Profit": 19,
        "Operating Income": 11,
        "EBIT": 14,
        "Net Income": 7
    },
    "2018-03-31": {
        "Diluted EPS": 0.52,
        "Total Revenue": 88,
        "Gross Profit": 19,
        "Operating Income": 10,
        "EBIT": 13,
        "Net Income": 9
    },
    "2017-12-31": {
        "Diluted EPS": 0.75,
        "Total Revenue": 88,
        "Gross Profit": 20,
        "Operating Income": 11,
        "EBIT": 13,
        "Net Income": 12
    },
    "2017-09-30": {
        "Diluted EPS": 0.82,
        "Total Revenue": 86,
        "Gross Profit": 19,
        "Operating Income": 10,
        "EBIT": 13,
        "Net Income": 14
    },
    "2017-06-30": {
        "Diluted EPS": 0.37,
        "Total Revenue": 86,
        "Gross Profit": 19,
        "Operating Income": 11,
        "EBIT": 13,
        "Net Income": 6
    },
    "2017-03-31": {
        "Diluted EPS": 0.5,
        "Total Revenue": 87,
        "Gross Profit": 19,
        "Operating Income": 11,
        "EBIT": 14,
        "Net Income": 8
    },
    "2016-12-31": {
        "Diluted EPS": 0.49,
        "Total Revenue": 81,
        "Gross Profit": 18,
        "Operating Income": 11,
        "EBIT": 13,
        "Net Income": 8
    },
    "2016-09-30": {
        "Diluted EPS": 0.55,
        "Total Revenue": 80,
        "Gross Profit": 15,
        "Operating Income": 12,
        "EBIT": 14,
        "Net Income": 9
    },
    "2016-06-30": {
        "Diluted EPS": 0.37,
        "Total Revenue": 80,
        "Gross Profit": 16,
        "Operating Income": 9,
        "EBIT": 12,
        "Net Income": 6
    },
    "2016-03-31": {
        "Diluted EPS": 0.41,
        "Total Revenue": 77,
        "Gross Profit": 17,
        "Operating Income": 11,
        "EBIT": 14,
        "Net Income": 7
    },
    "2015-12-31": {
        "Diluted EPS": 0.38,
        "Total Revenue": 82,
        "Gross Profit": 16,
        "Operating Income": 10,
        "EBIT": 13,
        "Net Income": 6
    },
    "2015-09-30": {
        "Diluted EPS": 0.38,
        "Total Revenue": 80,
        "Gross Profit": 12,
        "Operating Income": 6,
        "EBIT": 9,
        "Net Income": 7
    },
    "2015-06-30": {
        "Diluted EPS": 0.44,
        "Total Revenue": 85,
        "Gross Profit": 18,
        "Operating Income": 10,
        "EBIT": 13,
        "Net Income": 8
    },
    "2015-03-31": {
        "Diluted EPS": 0.28,
        "Total Revenue": 80,
        "Gross Profit": 13,
        "Operating Income": 7,
        "EBIT": 10,
        "Net Income": 5
    },
    "2014-12-31": {
        "Diluted EPS": 0.44,
        "Total Revenue": 76,
        "Gross Profit": 6,
        "Operating Income": 8,
        "EBIT": 11,
        "Net Income": 7
    },
    "2014-09-30": {
        "Diluted EPS": 0.34,
        "Total Revenue": 78,
        "Gross Profit": 7,
        "Operating Income": 4,
        "EBIT": 7,
        "Net Income": 6
    },
    "2014-06-30": {
        "Diluted EPS": 0.28,
        "Total Revenue": 81,
        "Gross Profit": 8,
        "Operating Income": 3,
        "EBIT": 6,
        "Net Income": 5
    },
    "2014-03-31": {
        "Diluted EPS": 0.26,
        "Total Revenue": 79,
        "Gross Profit": 7,
        "Operating Income": 2,
        "EBIT": 5,
        "Net Income": 5
    },
    "2013-12-31": {
        "Diluted EPS": -0.02,
        "Total Revenue": 77,
        "Gross Profit": 8,
        "Operating Income": -1,
        "EBIT": 2,
        "Net Income": 0
    },
    "2013-09-30": {
        "Diluted EPS": -0.37,
        "Total Revenue": 80,
        "Gross Profit": 1,
        "Operating Income": -6,
        "EBIT": -3,
        "Net Income": -6
    },
    "2013-06-30": {
        "Diluted EPS": 0.02,
        "Total Revenue": 79,
        "Gross Profit": 5,
        "Operating Income": 1,
        "EBIT": 3,
        "Net Income": 0
    },
    "2013-03-31": {
        "Diluted EPS": 0.08,
        "Total Revenue": 86,
        "Gross Profit": 7,
        "Operating Income": 1,
        "EBIT": 4,
        "Net Income": 1
    },
    "2012-12-31": {
        "Diluted EPS": 0.02,
        "Total Revenue": 86,
        "Gross Profit": 7,
        "Operating Income": 1,
        "EBIT": 4,
        "Net Income": 0
    },
    "2012-09-30": {
        "Diluted EPS": 0.02,
        "Total Revenue": 76,
        "Gross Profit": 6,
        "Operating Income": 1,
        "EBIT": 4,
        "Net Income": 0
    },
    "2012-06-30": {
        "Diluted EPS": -0.05,
        "Total Revenue": 86,
        "Gross Profit": 6,
        "Operating Income": -1,
        "EBIT": 2,
        "Net Income": -1
    },
    "2012-03-31": {
        "Diluted EPS": 0.1,
        "Total Revenue": 86,
        "Gross Profit": 6,
        "Operating Income": -2,
        "EBIT": 1,
        "Net Income": 2
    },
    "2011-12-31": {
        "Diluted EPS": 0.89,
        "Total Revenue": 70,
        "Gross Profit": 0,
        "Operating Income": 6,
        "EBIT": 4,
        "Net Income": 16
    },
    "2011-09-30": {
        "Diluted EPS": -0.33,
        "Total Revenue": 76,
        "Gross Profit": 3,
        "Operating Income": -3,
        "EBIT": 0,
        "Net Income": -6
    },
    "2011-06-30": {
        "Diluted EPS": -0.61,
        "Total Revenue": 69,
        "Gross Profit": -3,
        "Operating Income": -8,
        "EBIT": -6,
        "Net Income": -10
    },
    "2011-03-31": {
        "Diluted EPS": 0.04,
        "Total Revenue": 64,
        "Gross Profit": 7,
        "Operating Income": 1,
        "EBIT": 3,
        "Net Income": 1
    },
    "2010-12-31": {
        "Diluted EPS": 0.18,
        "Total Revenue": 58,
        "Gross Profit": 9,
        "Operating Income": 58,
        "EBIT": 60,
        "Net Income": 3
    },
    "2010-09-30": {
        "Diluted EPS": 0.28,
        "Total Revenue": 57,
        "Gross Profit": 10,
        "Operating Income": 4,
        "EBIT": 4,
        "Net Income": 5
    },
    "2010-06-30": {
        "Diluted EPS": 0.0,
        "Total Revenue": NaN,
        "Gross Profit": NaN,
        "Operating Income": NaN,
        "EBIT": NaN,
        "Net Income": NaN
    },
    "2010-03-31": {
        "Diluted EPS": -0.14,
        "Total Revenue": 49,
        "Gross Profit": 5,
        "Operating Income": -1,
        "EBIT": 6,
        "Net Income": -2
    },
    "2009-12-31": {
        "Diluted EPS": 0.29,
        "Total Revenue": 48,
        "Gross Profit": 9,
        "Operating Income": 48,
        "EBIT": 50,
        "Net Income": 5
    },
    "2009-09-30": {
        "Diluted EPS": 0.23,
        "Total Revenue": 50,
        "Gross Profit": 10,
        "Operating Income": 5,
        "EBIT": 5,
        "Net Income": 4
    },
    "2009-06-30": {
        "Diluted EPS": 0.0,
        "Total Revenue": NaN,
        "Gross Profit": NaN,
        "Operating Income": NaN,
        "EBIT": NaN,
        "Net Income": NaN
    },
    "2009-03-31": {
        "Diluted EPS": -0.38,
        "Total Revenue": 55,
        "Gross Profit": 0,
        "Operating Income": -7,
        "EBIT": 3,
        "Net Income": -6
    },
    "2023-09-30": {
        "Tax Effect Of Unusual Items": -5633500.0,
        "Tax Rate For Calcs": 0.25,
        "Normalized EBITDA": 48130000.0,
        "Total Unusual Items": -22534000.0,
        "Total Unusual Items Excluding Goodwill": -22534000.0,
        "Net Income From Continuing Operation Net Minority Interest": 13211000.0,
        "Reconciled Depreciation": 5782000.0,
        "Reconciled Cost Of Revenue": 138176000.0,
        "EBITDA": 25596000.0,
        "EBIT": 19814000.0,
        "Net Interest Income": -2353000.0,
        "Interest Expense": 2353000.0,
        "Normalized Income": 30111500.0,
        "Net Income From Continuing And Discontinued Operation": 13211000.0,
        "Total Expenses": 169251000.0,
        "Total Operating Income As Reported": 19839000.0,
        "Diluted Average Shares": 22381516.0,
        "Basic Average Shares": 22066159.0,
        "Diluted EPS": 0.58,
        "Basic EPS": 0.59,
        "Diluted NI Availto Com Stockholders": 13082000.0,
        "Net Income Common Stockholders": 13082000.0,
        "Otherunder Preferred Stock Dividend": 129000.0,
        "Net Income": 13211000.0,
        "Minority Interests": 123000.0,
        "Net Income Including Noncontrolling Interests": 13088000.0,
        "Net Income Continuous Operations": 13088000.0,
        "Tax Provision": 4373000.0,
        "Pretax Income": 17461000.0,
        "Other Income Expense": -22559000.0,
        "Other Non Operating Income Expenses": -25000.0,
        "Special Income Charges": -22534000.0,
        "Impairment Of Capital Assets": 18334000.0,
        "Restructuring And Mergern Acquisition": 4200000.0,
        "Net Non Operating Interest Income Expense": -2353000.0,
        "Interest Expense Non Operating": 2353000.0,
        "Operating Income": 42373000.0,
        "Operating Expense": 31075000.0,
        "Selling General And Administration": 31075000.0,
        "Selling And Marketing Expense": 9505000.0,
        "General And Administrative Expense": 21570000.0,
        "Other Gand A": 21570000.0,
        "Gross Profit": 73448000.0,
        "Cost Of Revenue": 138176000.0,
        "Total Revenue": 211624000.0,
        "Operating Revenue": 211624000.0
    }
}