{
    "2023-06-30": {
        "Tax Effect Of Unusual Items": -4626.0,
        "Tax Rate For Calcs": 0.257,
        "Normalized EBITDA": 74952000.0,
        "Total Unusual Items": -18000.0,
        "Total Unusual Items Excluding Goodwill": -18000.0,
        "Net Income From Continuing Operation Net Minority Interest": 27952000.0,
        "Reconciled Depreciation": 27368000.0,
        "Reconciled Cost Of Revenue": 108420000.0,
        "EBITDA": 74934000.0,
        "EBIT": 47566000.0,
        "Net Interest Income": -9945000.0,
        "Interest Expense": 9945000.0,
        "Normalized Income": 27965374.0,
        "Net Income From Continuing And Discontinued Operation": 30582000.0,
        "Total Expenses": 155446000.0,
        "Total Operating Income As Reported": 47584000.0,
        "Diluted Average Shares": 24512000.0,
        "Basic Average Shares": 24479000.0,
        "Diluted EPS": 1.25,
        "Basic EPS": 1.25,
        "Diluted NI Availto Com Stockholders": 30582000.0,
        "Net Income Common Stockholders": 30582000.0,
        "Net Income": 30582000.0,
        "Net Income Including Noncontrolling Interests": 30582000.0,
        "Net Income Discontinuous Operations": 2630000.0,
        "Net Income Continuous Operations": 27952000.0,
        "Tax Provision": 9669000.0,
        "Pretax Income": 37621000.0,
        "Other Income Expense": -18000.0,
        "Gain On Sale Of Security": -18000.0,
        "Net Non Operating Interest Income Expense": -9945000.0,
        "Interest Expense Non Operating": 9945000.0,
        "Operating Income": 47584000.0,
        "Operating Expense": 47026000.0,
        "Selling General And Administration": 47026000.0,
        "Gross Profit": 94610000.0,
        "Cost Of Revenue": 108420000.0,
        "Total Revenue": 203030000.0,
        "Operating Revenue": 199498000.0
    },
    "2023-03-31": {
        "Tax Effect Of Unusual Items": 19914.33774,
        "Tax Rate For Calcs": 0.088117,
        "Normalized EBITDA": 47459000.0,
        "Total Unusual Items": 226000.0,
        "Total Unusual Items Excluding Goodwill": 226000.0,
        "Net Income From Continuing Operation Net Minority Interest": 11518000.0,
        "Reconciled Depreciation": 27590000.0,
        "Reconciled Cost Of Revenue": 86351000.0,
        "EBITDA": 47685000.0,
        "EBIT": 20095000.0,
        "Net Interest Income": -7464000.0,
        "Interest Expense": 7464000.0,
        "Normalized Income": 11311914.33774,
        "Net Income From Continuing And Discontinued Operation": 71657000.0,
        "Total Expenses": 143849000.0,
        "Total Operating Income As Reported": 19869000.0,
        "Diluted Average Shares": 24542000.0,
        "Basic Average Shares": 24416000.0,
        "Diluted EPS": 2.92,
        "Basic EPS": 2.93,
        "Diluted NI Availto Com Stockholders": 71657000.0,
        "Net Income Common Stockholders": 71657000.0,
        "Net Income": 71657000.0,
        "Net Income Including Noncontrolling Interests": 71657000.0,
        "Net Income Discontinuous Operations": 60139000.0,
        "Net Income Continuous Operations": 11518000.0,
        "Tax Provision": 1113000.0,
        "Pretax Income": 12631000.0,
        "Other Income Expense": 226000.0,
        "Gain On Sale Of Security": 226000.0,
        "Net Non Operating Interest Income Expense": -7464000.0,
        "Interest Expense Non Operating": 7464000.0,
        "Operating Income": 19869000.0,
        "Operating Expense": 57498000.0,
        "Selling General And Administration": 57498000.0,
        "Gross Profit": 77367000.0,
        "Cost Of Revenue": 86351000.0,
        "Total Revenue": 163718000.0,
        "Operating Revenue": 161039000.0
    },
    "2022-12-31": {
        "Tax Effect Of Unusual Items": 5657.640232,
        "Tax Rate For Calcs": 0.217602,
        "Normalized EBITDA": 55810000.0,
        "Total Unusual Items": 26000.0,
        "Total Unusual Items Excluding Goodwill": 26000.0,
        "Net Income From Continuing Operation Net Minority Interest": 39641000.0,
        "Reconciled Depreciation": 28072000.0,
        "Reconciled Cost Of Revenue": 107741000.0,
        "EBITDA": 55836000.0,
        "EBIT": 55836000.0,
        "Net Interest Income": -5170000.0,
        "Interest Expense": 5170000.0,
        "Normalized Income": 39620657.640232,
        "Net Income From Continuing And Discontinued Operation": 39641000.0,
        "Total Expenses": 155073000.0,
        "Total Operating Income As Reported": 55810000.0,
        "Diluted Average Shares": 24528000.0,
        "Basic Average Shares": 24386000.0,
        "Diluted EPS": 1.62,
        "Basic EPS": 1.63,
        "Diluted NI Availto Com Stockholders": 39641000.0,
        "Net Income Common Stockholders": 39641000.0,
        "Net Income": 39641000.0,
        "Net Income Including Noncontrolling Interests": 39641000.0,
        "Net Income Discontinuous Operations": NaN,
        "Net Income Continuous Operations": 39641000.0,
        "Tax Provision": 11025000.0,
        "Pretax Income": 50666000.0,
        "Other Income Expense": 26000.0,
        "Gain On Sale Of Security": 26000.0,
        "Net Non Operating Interest Income Expense": -5170000.0,
        "Interest Expense Non Operating": 5170000.0,
        "Operating Income": 55810000.0,
        "Operating Expense": 47332000.0,
        "Selling General And Administration": 47332000.0,
        "Gross Profit": 103142000.0,
        "Cost Of Revenue": 107741000.0,
        "Total Revenue": 210883000.0,
        "Operating Revenue": 209838000.0
    },
    "2022-09-30": {
        "Tax Effect Of Unusual Items": -59708.0,
        "Tax Rate For Calcs": 0.253,
        "Normalized EBITDA": 73262000.0,
        "Total Unusual Items": -236000.0,
        "Total Unusual Items Excluding Goodwill": -236000.0,
        "Net Income From Continuing Operation Net Minority Interest": 30567000.0,
        "Reconciled Depreciation": 27917000.0,
        "Reconciled Cost Of Revenue": 111096000.0,
        "EBITDA": 73026000.0,
        "EBIT": 45109000.0,
        "Net Interest Income": -4177000.0,
        "Interest Expense": 4177000.0,
        "Normalized Income": 30743292.0,
        "Net Income From Continuing And Discontinued Operation": 30567000.0,
        "Total Expenses": 155191000.0,
        "Total Operating Income As Reported": 45345000.0,
        "Diluted Average Shares": 24504000.0,
        "Basic Average Shares": 24379000.0,
        "Diluted EPS": 1.25,
        "Basic EPS": 1.25,
        "Diluted NI Availto Com Stockholders": 30567000.0,
        "Net Income Common Stockholders": 30567000.0,
        "Net Income": 30567000.0,
        "Net Income Including Noncontrolling Interests": 30567000.0,
        "Net Income Discontinuous Operations": NaN,
        "Net Income Continuous Operations": 30567000.0,
        "Tax Provision": 10365000.0,
        "Pretax Income": 40932000.0,
        "Other Income Expense": -236000.0,
        "Gain On Sale Of Security": -236000.0,
        "Net Non Operating Interest Income Expense": -4177000.0,
        "Interest Expense Non Operating": 4177000.0,
        "Operating Income": 45345000.0,
        "Operating Expense": 44095000.0,
        "Selling General And Administration": 44095000.0,
        "Gross Profit": 89440000.0,
        "Cost Of Revenue": 111096000.0,
        "Total Revenue": 200536000.0,
        "Operating Revenue": 199113000.0
    },
    "2022-06-30": {
        "Tax Effect Of Unusual Items": -41268.0,
        "Tax Rate For Calcs": 0.228,
        "Normalized EBITDA": 64820000.0,
        "Total Unusual Items": -181000.0,
        "Total Unusual Items Excluding Goodwill": -181000.0,
        "Net Income From Continuing Operation Net Minority Interest": 26137000.0,
        "Reconciled Depreciation": 27771000.0,
        "Reconciled Cost Of Revenue": 99194000.0,
        "EBITDA": 64639000.0,
        "EBIT": 36868000.0,
        "Net Interest Income": -3001000.0,
        "Interest Expense": 3001000.0,
        "Normalized Income": 26276732.0,
        "Net Income From Continuing And Discontinued Operation": 26137000.0,
        "Total Expenses": 139982000.0,
        "Total Operating Income As Reported": 37049000.0,
        "Diluted Average Shares": 24509000.0,
        "Basic Average Shares": 24360000.0,
        "Diluted EPS": 1.07,
        "Basic EPS": 1.07,
        "Diluted NI Availto Com Stockholders": 26137000.0,
        "Net Income Common Stockholders": 26137000.0,
        "Net Income": 26137000.0,
        "Net Income Including Noncontrolling Interests": 26137000.0,
        "Net Income Discontinuous Operations": NaN,
        "Net Income Continuous Operations": 26137000.0,
        "Tax Provision": 7730000.0,
        "Pretax Income": 33867000.0,
        "Other Income Expense": -181000.0,
        "Gain On Sale Of Security": -181000.0,
        "Net Non Operating Interest Income Expense": -3001000.0,
        "Interest Expense Non Operating": 3001000.0,
        "Operating Income": 37049000.0,
        "Operating Expense": 40788000.0,
        "Selling General And Administration": 40788000.0,
        "Gross Profit": 77837000.0,
        "Cost Of Revenue": 99194000.0,
        "Total Revenue": 177031000.0,
        "Operating Revenue": 175914000.0
    },
    "2022-03-31": {
        "Diluted EPS": 0.77,
        "Total Revenue": 125,
        "Gross Profit": 58,
        "Operating Income": 25,
        "EBIT": 53,
        "Net Income": 19
    },
    "2021-12-31": {
        "Diluted EPS": 1.16,
        "Total Revenue": 176,
        "Gross Profit": 82,
        "Operating Income": 43,
        "EBIT": 71,
        "Net Income": 28
    },
    "2021-09-30": {
        "Diluted EPS": 0.95,
        "Total Revenue": 173,
        "Gross Profit": 76,
        "Operating Income": 36,
        "EBIT": 64,
        "Net Income": 23
    },
    "2021-06-30": {
        "Diluted EPS": 0.84,
        "Total Revenue": 146,
        "Gross Profit": 66,
        "Operating Income": 30,
        "EBIT": 57,
        "Net Income": 21
    },
    "2021-03-31": {
        "Diluted EPS": 0.71,
        "Total Revenue": 121,
        "Gross Profit": 57,
        "Operating Income": 24,
        "EBIT": 47,
        "Net Income": 17
    },
    "2020-12-31": {
        "Diluted EPS": 1.28,
        "Total Revenue": 149,
        "Gross Profit": 71,
        "Operating Income": 41,
        "EBIT": 64,
        "Net Income": 31
    },
    "2020-09-30": {
        "Diluted EPS": 1.15,
        "Total Revenue": 156,
        "Gross Profit": 68,
        "Operating Income": 37,
        "EBIT": 61,
        "Net Income": 28
    },
    "2020-06-30": {
        "Diluted EPS": 0.92,
        "Total Revenue": 138,
        "Gross Profit": 63,
        "Operating Income": 33,
        "EBIT": 56,
        "Net Income": 23
    },
    "2020-03-31": {
        "Diluted EPS": 0.81,
        "Total Revenue": 129,
        "Gross Profit": 62,
        "Operating Income": 30,
        "EBIT": 54,
        "Net Income": 20
    },
    "2019-12-31": {
        "Diluted EPS": 1.07,
        "Total Revenue": 147,
        "Gross Profit": 71,
        "Operating Income": 38,
        "EBIT": 62,
        "Net Income": 26
    },
    "2019-09-30": {
        "Diluted EPS": 1.32,
        "Total Revenue": 174,
        "Gross Profit": 78,
        "Operating Income": 47,
        "EBIT": 70,
        "Net Income": 32
    },
    "2019-06-30": {
        "Diluted EPS": 0.79,
        "Total Revenue": 127,
        "Gross Profit": 60,
        "Operating Income": 29,
        "EBIT": 51,
        "Net Income": 19
    },
    "2019-03-31": {
        "Diluted EPS": 0.75,
        "Total Revenue": 122,
        "Gross Profit": 57,
        "Operating Income": 27,
        "EBIT": 48,
        "Net Income": 18
    },
    "2018-12-31": {
        "Diluted EPS": 0.99,
        "Total Revenue": 133,
        "Gross Profit": 65,
        "Operating Income": 35,
        "EBIT": 56,
        "Net Income": 24
    },
    "2018-09-30": {
        "Diluted EPS": 1.01,
        "Total Revenue": 143,
        "Gross Profit": 64,
        "Operating Income": 36,
        "EBIT": 56,
        "Net Income": 25
    },
    "2018-06-30": {
        "Diluted EPS": 0.65,
        "Total Revenue": 117,
        "Gross Profit": 54,
        "Operating Income": 24,
        "EBIT": 45,
        "Net Income": 16
    },
    "2018-03-31": {
        "Diluted EPS": 0.59,
        "Total Revenue": 105,
        "Gross Profit": 50,
        "Operating Income": 22,
        "EBIT": 42,
        "Net Income": 14
    },
    "2017-12-31": {
        "Diluted EPS": 4.84,
        "Total Revenue": 122,
        "Gross Profit": 55,
        "Operating Income": 27,
        "EBIT": 47,
        "Net Income": 118
    },
    "2017-09-30": {
        "Diluted EPS": 0.69,
        "Total Revenue": 135,
        "Gross Profit": 59,
        "Operating Income": 30,
        "EBIT": 50,
        "Net Income": 17
    },
    "2017-06-30": {
        "Diluted EPS": 0.48,
        "Total Revenue": 110,
        "Gross Profit": 49,
        "Operating Income": 22,
        "EBIT": 41,
        "Net Income": 11
    },
    "2017-03-31": {
        "Diluted EPS": 0.33,
        "Total Revenue": 95,
        "Gross Profit": 44,
        "Operating Income": 16,
        "EBIT": 35,
        "Net Income": 8
    },
    "2016-12-31": {
        "Diluted EPS": 0.41,
        "Total Revenue": 105,
        "Gross Profit": 49,
        "Operating Income": 23,
        "EBIT": 42,
        "Net Income": 10
    },
    "2016-09-30": {
        "Diluted EPS": 0.54,
        "Total Revenue": 122,
        "Gross Profit": 50,
        "Operating Income": 24,
        "EBIT": 44,
        "Net Income": 13
    },
    "2016-06-30": {
        "Diluted EPS": 0.38,
        "Total Revenue": 103,
        "Gross Profit": 44,
        "Operating Income": 18,
        "EBIT": 39,
        "Net Income": 9
    },
    "2016-03-31": {
        "Diluted EPS": 0.27,
        "Total Revenue": 94,
        "Gross Profit": 41,
        "Operating Income": 14,
        "EBIT": 35,
        "Net Income": 7
    },
    "2015-12-31": {
        "Diluted EPS": 0.47,
        "Total Revenue": 105,
        "Gross Profit": 47,
        "Operating Income": 21,
        "EBIT": 42,
        "Net Income": 12
    },
    "2015-09-30": {
        "Diluted EPS": 0.54,
        "Total Revenue": 113,
        "Gross Profit": 50,
        "Operating Income": 25,
        "EBIT": 46,
        "Net Income": 14
    },
    "2015-06-30": {
        "Diluted EPS": 0.32,
        "Total Revenue": 96,
        "Gross Profit": 41,
        "Operating Income": 16,
        "EBIT": 38,
        "Net Income": 8
    },
    "2015-03-31": {
        "Diluted EPS": 0.26,
        "Total Revenue": 90,
        "Gross Profit": 39,
        "Operating Income": 14,
        "EBIT": 35,
        "Net Income": 7
    },
    "2014-12-31": {
        "Diluted EPS": 0.53,
        "Total Revenue": 112,
        "Gross Profit": 52,
        "Operating Income": 27,
        "EBIT": 48,
        "Net Income": 14
    },
    "2014-09-30": {
        "Diluted EPS": 0.53,
        "Total Revenue": 113,
        "Gross Profit": 49,
        "Operating Income": 25,
        "EBIT": 45,
        "Net Income": 14
    },
    "2014-06-30": {
        "Diluted EPS": 0.39,
        "Total Revenue": 96,
        "Gross Profit": 42,
        "Operating Income": 18,
        "EBIT": 38,
        "Net Income": 10
    },
    "2014-03-31": {
        "Diluted EPS": 0.3,
        "Total Revenue": 88,
        "Gross Profit": 39,
        "Operating Income": 15,
        "EBIT": 35,
        "Net Income": 8
    },
    "2013-12-31": {
        "Diluted EPS": 0.45,
        "Total Revenue": 95,
        "Gross Profit": 45,
        "Operating Income": 22,
        "EBIT": 41,
        "Net Income": 12
    },
    "2013-09-30": {
        "Diluted EPS": 0.48,
        "Total Revenue": 109,
        "Gross Profit": 45,
        "Operating Income": 23,
        "EBIT": 42,
        "Net Income": 13
    },
    "2013-06-30": {
        "Diluted EPS": 0.38,
        "Total Revenue": 87,
        "Gross Profit": 40,
        "Operating Income": 18,
        "EBIT": 37,
        "Net Income": 10
    },
    "2013-03-31": {
        "Diluted EPS": 0.36,
        "Total Revenue": 89,
        "Gross Profit": 39,
        "Operating Income": 17,
        "EBIT": 36,
        "Net Income": 9
    },
    "2012-12-31": {
        "Diluted EPS": 0.47,
        "Total Revenue": 102,
        "Gross Profit": 44,
        "Operating Income": 21,
        "EBIT": 40,
        "Net Income": 12
    },
    "2012-09-30": {
        "Diluted EPS": 0.5,
        "Total Revenue": 99,
        "Gross Profit": 44,
        "Operating Income": 23,
        "EBIT": 41,
        "Net Income": 12
    },
    "2012-06-30": {
        "Diluted EPS": 0.42,
        "Total Revenue": 84,
        "Gross Profit": 41,
        "Operating Income": 20,
        "EBIT": 37,
        "Net Income": 10
    },
    "2012-03-31": {
        "Diluted EPS": 0.39,
        "Total Revenue": 79,
        "Gross Profit": 40,
        "Operating Income": 18,
        "EBIT": 36,
        "Net Income": 10
    },
    "2011-12-31": {
        "Diluted EPS": 0.53,
        "Total Revenue": 85,
        "Gross Profit": 44,
        "Operating Income": 23,
        "EBIT": 41,
        "Net Income": 13
    },
    "2011-09-30": {
        "Diluted EPS": 0.62,
        "Total Revenue": 105,
        "Gross Profit": 47,
        "Operating Income": 27,
        "EBIT": 44,
        "Net Income": 15
    },
    "2011-06-30": {
        "Diluted EPS": 0.46,
        "Total Revenue": 80,
        "Gross Profit": 39,
        "Operating Income": 21,
        "EBIT": 37,
        "Net Income": 11
    },
    "2011-03-31": {
        "Diluted EPS": 0.39,
        "Total Revenue": 73,
        "Gross Profit": 36,
        "Operating Income": 17,
        "EBIT": 33,
        "Net Income": 10
    },
    "2010-12-31": {
        "Diluted EPS": 0.51,
        "Total Revenue": 80,
        "Gross Profit": 38,
        "Operating Income": 22,
        "EBIT": 38,
        "Net Income": 13
    },
    "2010-09-30": {
        "Diluted EPS": 0.4,
        "Total Revenue": 83,
        "Gross Profit": 34,
        "Operating Income": 17,
        "EBIT": 33,
        "Net Income": 10
    },
    "2010-06-30": {
        "Diluted EPS": 0.31,
        "Total Revenue": 67,
        "Gross Profit": 31,
        "Operating Income": 14,
        "EBIT": 29,
        "Net Income": 7
    },
    "2010-03-31": {
        "Diluted EPS": 0.28,
        "Total Revenue": 62,
        "Gross Profit": 28,
        "Operating Income": 12,
        "EBIT": 28,
        "Net Income": 7
    },
    "2009-12-31": {
        "Diluted EPS": 0.37,
        "Total Revenue": 67,
        "Gross Profit": 31,
        "Operating Income": 15,
        "EBIT": 31,
        "Net Income": 9
    },
    "2009-09-30": {
        "Diluted EPS": 0.4,
        "Total Revenue": 76,
        "Gross Profit": 32,
        "Operating Income": 17,
        "EBIT": 33,
        "Net Income": 10
    },
    "2009-06-30": {
        "Diluted EPS": 0.3,
        "Total Revenue": 66,
        "Gross Profit": 29,
        "Operating Income": 13,
        "EBIT": 29,
        "Net Income": 7
    },
    "2009-03-31": {
        "Diluted EPS": 0.33,
        "Total Revenue": 67,
        "Gross Profit": 30,
        "Operating Income": 15,
        "EBIT": 31,
        "Net Income": 8
    }
}