{
    "2023-12-31": {
        "Tax Effect Of Unusual Items": 0.0,
        "Tax Rate For Calcs": 0.21,
        "Normalized EBITDA": -15367000.0,
        "Total Unusual Items": 0.0,
        "Total Unusual Items Excluding Goodwill": 0.0,
        "Net Income From Continuing Operation Net Minority Interest": -19294000.0,
        "Reconciled Depreciation": 1201000.0,
        "EBITDA": -15367000.0,
        "EBIT": -16568000.0,
        "Net Interest Income": 3632000.0,
        "Interest Expense": 0.0,
        "Interest Income": 3632000.0,
        "Normalized Income": -19294000.0,
        "Net Income From Continuing And Discontinued Operation": -19294000.0,
        "Total Expenses": 32595000.0,
        "Total Operating Income As Reported": -20196000.0,
        "Diluted Average Shares": NaN,
        "Basic Average Shares": NaN,
        "Diluted EPS": NaN,
        "Basic EPS": NaN,
        "Diluted NI Availto Com Stockholders": -19294000.0,
        "Net Income Common Stockholders": -19294000.0,
        "Net Income": -19294000.0,
        "Net Income Including Noncontrolling Interests": -19294000.0,
        "Net Income Continuous Operations": -19294000.0,
        "Tax Provision": 2726000.0,
        "Pretax Income": -16568000.0,
        "Other Income Expense": -4000.0,
        "Other Non Operating Income Expenses": -4000.0,
        "Gain On Sale Of Security": 0.0,
        "Net Non Operating Interest Income Expense": 3632000.0,
        "Interest Expense Non Operating": 0.0,
        "Interest Income Non Operating": 3632000.0,
        "Operating Income": -20196000.0,
        "Operating Expense": 32595000.0,
        "Research And Development": 24755000.0,
        "Selling General And Administration": 7840000.0,
        "General And Administrative Expense": 7840000.0,
        "Other Gand A": 7840000.0,
        "Total Revenue": 12399000.0,
        "Operating Revenue": 12399000.0
    },
    "2023-09-30": {
        "Tax Effect Of Unusual Items": 0.0,
        "Tax Rate For Calcs": 0.21,
        "Normalized EBITDA": -17460000.0,
        "Total Unusual Items": 0.0,
        "Total Unusual Items Excluding Goodwill": 0.0,
        "Net Income From Continuing Operation Net Minority Interest": -19820000.0,
        "Reconciled Depreciation": 1154000.0,
        "EBITDA": -17460000.0,
        "EBIT": -18614000.0,
        "Net Interest Income": 3866000.0,
        "Interest Expense": 0.0,
        "Interest Income": 3866000.0,
        "Normalized Income": -19820000.0,
        "Net Income From Continuing And Discontinued Operation": -19820000.0,
        "Total Expenses": 34758000.0,
        "Total Operating Income As Reported": -22395000.0,
        "Diluted Average Shares": NaN,
        "Basic Average Shares": NaN,
        "Diluted EPS": NaN,
        "Basic EPS": NaN,
        "Diluted NI Availto Com Stockholders": -19820000.0,
        "Net Income Common Stockholders": -19820000.0,
        "Net Income": -19820000.0,
        "Net Income Including Noncontrolling Interests": -19820000.0,
        "Net Income Continuous Operations": -19820000.0,
        "Tax Provision": 1206000.0,
        "Pretax Income": -18614000.0,
        "Other Income Expense": -85000.0,
        "Other Non Operating Income Expenses": -85000.0,
        "Gain On Sale Of Security": 0.0,
        "Net Non Operating Interest Income Expense": 3866000.0,
        "Interest Expense Non Operating": 0.0,
        "Interest Income Non Operating": 3866000.0,
        "Operating Income": -22395000.0,
        "Operating Expense": 34758000.0,
        "Research And Development": 26837000.0,
        "Selling General And Administration": 7921000.0,
        "General And Administrative Expense": 7921000.0,
        "Other Gand A": 7921000.0,
        "Total Revenue": 12363000.0,
        "Operating Revenue": 12363000.0
    },
    "2024-03-31": {
        "Tax Effect Of Unusual Items": 0.0,
        "Tax Rate For Calcs": 0.0,
        "Normalized EBITDA": -27759000.0,
        "Total Unusual Items": NaN,
        "Total Unusual Items Excluding Goodwill": NaN,
        "Net Income From Continuing Operation Net Minority Interest": -25148000.0,
        "Reconciled Depreciation": 1273000.0,
        "EBITDA": -27759000.0,
        "EBIT": -29032000.0,
        "Net Interest Income": 3934000.0,
        "Interest Expense": NaN,
        "Interest Income": 3934000.0,
        "Normalized Income": -25148000.0,
        "Net Income From Continuing And Discontinued Operation": -25148000.0,
        "Total Expenses": 40191000.0,
        "Total Operating Income As Reported": -29032000.0,
        "Diluted Average Shares": 21137868.0,
        "Basic Average Shares": 21137868.0,
        "Diluted EPS": -1.19,
        "Basic EPS": -1.19,
        "Diluted NI Availto Com Stockholders": -25148000.0,
        "Net Income Common Stockholders": -25148000.0,
        "Net Income": -25148000.0,
        "Net Income Including Noncontrolling Interests": -25148000.0,
        "Net Income Continuous Operations": -25148000.0,
        "Tax Provision": 0.0,
        "Pretax Income": -25148000.0,
        "Other Income Expense": -50000.0,
        "Other Non Operating Income Expenses": -50000.0,
        "Gain On Sale Of Security": NaN,
        "Net Non Operating Interest Income Expense": 3934000.0,
        "Interest Expense Non Operating": NaN,
        "Interest Income Non Operating": 3934000.0,
        "Operating Income": -29032000.0,
        "Operating Expense": 40191000.0,
        "Research And Development": 31439000.0,
        "Selling General And Administration": 8752000.0,
        "General And Administrative Expense": 8752000.0,
        "Other Gand A": 8752000.0,
        "Total Revenue": 11159000.0,
        "Operating Revenue": 11159000.0
    },
    "2023-06-30": {
        "Tax Effect Of Unusual Items": 602700.0,
        "Tax Rate For Calcs": 0.21,
        "Normalized EBITDA": -19822000.0,
        "Total Unusual Items": 2870000.0,
        "Total Unusual Items Excluding Goodwill": 2870000.0,
        "Net Income From Continuing Operation Net Minority Interest": -13008000.0,
        "Reconciled Depreciation": 1011000.0,
        "EBITDA": -16952000.0,
        "EBIT": -17963000.0,
        "Net Interest Income": 3967000.0,
        "Interest Expense": NaN,
        "Interest Income": 3967000.0,
        "Normalized Income": -15275300.0,
        "Net Income From Continuing And Discontinued Operation": -13008000.0,
        "Total Expenses": 29300000.0,
        "Total Operating Income As Reported": -17963000.0,
        "Diluted Average Shares": 37527695.0,
        "Basic Average Shares": 37527695.0,
        "Diluted EPS": -0.346624,
        "Basic EPS": -0.346624,
        "Diluted NI Availto Com Stockholders": -13008000.0,
        "Net Income Common Stockholders": -13008000.0,
        "Net Income": -13008000.0,
        "Net Income Including Noncontrolling Interests": -13008000.0,
        "Net Income Continuous Operations": -13008000.0,
        "Tax Provision": 1898000.0,
        "Pretax Income": -11110000.0,
        "Other Income Expense": 2886000.0,
        "Other Non Operating Income Expenses": 16000.0,
        "Gain On Sale Of Security": 2870000.0,
        "Net Non Operating Interest Income Expense": 3967000.0,
        "Interest Expense Non Operating": NaN,
        "Interest Income Non Operating": 3967000.0,
        "Operating Income": -17963000.0,
        "Operating Expense": 29300000.0,
        "Research And Development": 22681000.0,
        "Selling General And Administration": 6619000.0,
        "General And Administrative Expense": 6619000.0,
        "Other Gand A": 6619000.0,
        "Total Revenue": 11337000.0,
        "Operating Revenue": 11337000.0
    },
    "2023-03-31": {
        "Tax Effect Of Unusual Items": NaN,
        "Tax Rate For Calcs": NaN,
        "Normalized EBITDA": NaN,
        "Total Unusual Items": NaN,
        "Total Unusual Items Excluding Goodwill": NaN,
        "Net Income From Continuing Operation Net Minority Interest": NaN,
        "Reconciled Depreciation": NaN,
        "EBITDA": NaN,
        "EBIT": NaN,
        "Net Interest Income": NaN,
        "Interest Expense": NaN,
        "Interest Income": NaN,
        "Normalized Income": NaN,
        "Net Income From Continuing And Discontinued Operation": NaN,
        "Total Expenses": NaN,
        "Total Operating Income As Reported": NaN,
        "Diluted Average Shares": 29964395.0,
        "Basic Average Shares": 29964395.0,
        "Diluted EPS": -0.538406,
        "Basic EPS": -0.538406,
        "Diluted NI Availto Com Stockholders": NaN,
        "Net Income Common Stockholders": NaN,
        "Net Income": NaN,
        "Net Income Including Noncontrolling Interests": NaN,
        "Net Income Continuous Operations": NaN,
        "Tax Provision": NaN,
        "Pretax Income": NaN,
        "Other Income Expense": NaN,
        "Other Non Operating Income Expenses": NaN,
        "Gain On Sale Of Security": NaN,
        "Net Non Operating Interest Income Expense": NaN,
        "Interest Expense Non Operating": NaN,
        "Interest Income Non Operating": NaN,
        "Operating Income": NaN,
        "Operating Expense": NaN,
        "Research And Development": NaN,
        "Selling General And Administration": NaN,
        "General And Administrative Expense": NaN,
        "Other Gand A": NaN,
        "Total Revenue": NaN,
        "Operating Revenue": NaN
    },
    "2022-12-31": {
        "Tax Effect Of Unusual Items": NaN,
        "Tax Rate For Calcs": NaN,
        "Normalized EBITDA": NaN,
        "Total Unusual Items": 0.0,
        "Total Unusual Items Excluding Goodwill": 0.0,
        "Net Income From Continuing Operation Net Minority Interest": NaN,
        "Reconciled Depreciation": NaN,
        "EBITDA": NaN,
        "EBIT": NaN,
        "Net Interest Income": NaN,
        "Interest Expense": 0.0,
        "Interest Income": NaN,
        "Normalized Income": NaN,
        "Net Income From Continuing And Discontinued Operation": NaN,
        "Total Expenses": NaN,
        "Total Operating Income As Reported": NaN,
        "Diluted Average Shares": NaN,
        "Basic Average Shares": NaN,
        "Diluted EPS": NaN,
        "Basic EPS": NaN,
        "Diluted NI Availto Com Stockholders": NaN,
        "Net Income Common Stockholders": NaN,
        "Net Income": NaN,
        "Net Income Including Noncontrolling Interests": NaN,
        "Net Income Continuous Operations": NaN,
        "Tax Provision": NaN,
        "Pretax Income": NaN,
        "Other Income Expense": NaN,
        "Other Non Operating Income Expenses": NaN,
        "Gain On Sale Of Security": 0.0,
        "Net Non Operating Interest Income Expense": NaN,
        "Interest Expense Non Operating": 0.0,
        "Interest Income Non Operating": NaN,
        "Operating Income": NaN,
        "Operating Expense": NaN,
        "Research And Development": NaN,
        "Selling General And Administration": NaN,
        "General And Administrative Expense": NaN,
        "Other Gand A": NaN,
        "Total Revenue": NaN,
        "Operating Revenue": NaN
    },
    "2022-09-30": {
        "Tax Effect Of Unusual Items": NaN,
        "Tax Rate For Calcs": NaN,
        "Normalized EBITDA": NaN,
        "Total Unusual Items": 0.0,
        "Total Unusual Items Excluding Goodwill": 0.0,
        "Net Income From Continuing Operation Net Minority Interest": NaN,
        "Reconciled Depreciation": NaN,
        "EBITDA": NaN,
        "EBIT": NaN,
        "Net Interest Income": NaN,
        "Interest Expense": 0.0,
        "Interest Income": NaN,
        "Normalized Income": NaN,
        "Net Income From Continuing And Discontinued Operation": NaN,
        "Total Expenses": NaN,
        "Total Operating Income As Reported": NaN,
        "Diluted Average Shares": NaN,
        "Basic Average Shares": NaN,
        "Diluted EPS": NaN,
        "Basic EPS": NaN,
        "Diluted NI Availto Com Stockholders": NaN,
        "Net Income Common Stockholders": NaN,
        "Net Income": NaN,
        "Net Income Including Noncontrolling Interests": NaN,
        "Net Income Continuous Operations": NaN,
        "Tax Provision": NaN,
        "Pretax Income": NaN,
        "Other Income Expense": NaN,
        "Other Non Operating Income Expenses": NaN,
        "Gain On Sale Of Security": 0.0,
        "Net Non Operating Interest Income Expense": NaN,
        "Interest Expense Non Operating": 0.0,
        "Interest Income Non Operating": NaN,
        "Operating Income": NaN,
        "Operating Expense": NaN,
        "Research And Development": NaN,
        "Selling General And Administration": NaN,
        "General And Administrative Expense": NaN,
        "Other Gand A": NaN,
        "Total Revenue": NaN,
        "Operating Revenue": NaN
    },
    "2024-06-30": {
        "Tax Effect Of Unusual Items": 0.0,
        "Tax Rate For Calcs": 0.169964,
        "Normalized EBITDA": -15554000.0,
        "Total Unusual Items": NaN,
        "Total Unusual Items Excluding Goodwill": NaN,
        "Net Income From Continuing Operation Net Minority Interest": -10739000.0,
        "Reconciled Depreciation": 1309000.0,
        "EBITDA": -15554000.0,
        "EBIT": -16863000.0,
        "Net Interest Income": 3976000.0,
        "Interest Expense": NaN,
        "Interest Income": 3976000.0,
        "Normalized Income": -10739000.0,
        "Net Income From Continuing And Discontinued Operation": -10739000.0,
        "Total Expenses": 36871000.0,
        "Total Operating Income As Reported": -16863000.0,
        "Diluted Average Shares": 36625291.0,
        "Basic Average Shares": 36625291.0,
        "Diluted EPS": -0.29,
        "Basic EPS": -0.29,
        "Diluted NI Availto Com Stockholders": -10739000.0,
        "Net Income Common Stockholders": -10739000.0,
        "Net Income": -10739000.0,
        "Net Income Including Noncontrolling Interests": -10739000.0,
        "Net Income Continuous Operations": -10739000.0,
        "Tax Provision": -2199000.0,
        "Pretax Income": -12938000.0,
        "Other Income Expense": -51000.0,
        "Other Non Operating Income Expenses": -51000.0,
        "Gain On Sale Of Security": NaN,
        "Net Non Operating Interest Income Expense": 3976000.0,
        "Interest Expense Non Operating": NaN,
        "Interest Income Non Operating": 3976000.0,
        "Operating Income": -16863000.0,
        "Operating Expense": 36871000.0,
        "Research And Development": 28320000.0,
        "Selling General And Administration": 8551000.0,
        "General And Administrative Expense": 8551000.0,
        "Other Gand A": 8551000.0,
        "Total Revenue": 20008000.0,
        "Operating Revenue": 20008000.0
    }
}