{
    "2023-03-31": {
        "Tax Effect Of Unusual Items": NaN,
        "Tax Rate For Calcs": NaN,
        "Normalized EBITDA": NaN,
        "Total Unusual Items": NaN,
        "Total Unusual Items Excluding Goodwill": NaN,
        "Net Income From Continuing Operation Net Minority Interest": NaN,
        "Reconciled Depreciation": NaN,
        "Reconciled Cost Of Revenue": NaN,
        "EBITDA": NaN,
        "EBIT": NaN,
        "Net Interest Income": NaN,
        "Interest Expense": NaN,
        "Interest Income": 487000.0,
        "Normalized Income": NaN,
        "Net Income From Continuing And Discontinued Operation": NaN,
        "Total Expenses": NaN,
        "Rent Expense Supplemental": 42371000.0,
        "Total Operating Income As Reported": NaN,
        "Diluted Average Shares": NaN,
        "Basic Average Shares": NaN,
        "Diluted EPS": NaN,
        "Basic EPS": NaN,
        "Diluted NI Availto Com Stockholders": NaN,
        "Average Dilution Earnings": -996000.0,
        "Net Income Common Stockholders": NaN,
        "Otherunder Preferred Stock Dividend": NaN,
        "Net Income": NaN,
        "Minority Interests": NaN,
        "Net Income Including Noncontrolling Interests": NaN,
        "Net Income Continuous Operations": NaN,
        "Tax Provision": NaN,
        "Pretax Income": NaN,
        "Other Income Expense": NaN,
        "Other Non Operating Income Expenses": NaN,
        "Special Income Charges": NaN,
        "Impairment Of Capital Assets": NaN,
        "Net Non Operating Interest Income Expense": NaN,
        "Total Other Finance Cost": -487000.0,
        "Interest Expense Non Operating": NaN,
        "Interest Income Non Operating": 487000.0,
        "Operating Income": NaN,
        "Operating Expense": NaN,
        "Other Operating Expenses": NaN,
        "Other Taxes": NaN,
        "Selling General And Administration": NaN,
        "General And Administrative Expense": NaN,
        "Other Gand A": NaN,
        "Rent And Landing Fees": 42371000.0,
        "Gross Profit": NaN,
        "Cost Of Revenue": NaN,
        "Total Revenue": NaN,
        "Operating Revenue": NaN
    },
    "2022-12-31": {
        "Tax Effect Of Unusual Items": NaN,
        "Tax Rate For Calcs": NaN,
        "Normalized EBITDA": NaN,
        "Total Unusual Items": NaN,
        "Total Unusual Items Excluding Goodwill": NaN,
        "Net Income From Continuing Operation Net Minority Interest": NaN,
        "Reconciled Depreciation": NaN,
        "Reconciled Cost Of Revenue": NaN,
        "EBITDA": NaN,
        "EBIT": NaN,
        "Net Interest Income": NaN,
        "Interest Expense": 1805000.0,
        "Interest Income": NaN,
        "Normalized Income": NaN,
        "Net Income From Continuing And Discontinued Operation": NaN,
        "Total Expenses": NaN,
        "Rent Expense Supplemental": 35456000.0,
        "Total Operating Income As Reported": NaN,
        "Diluted Average Shares": NaN,
        "Basic Average Shares": NaN,
        "Diluted EPS": NaN,
        "Basic EPS": NaN,
        "Diluted NI Availto Com Stockholders": NaN,
        "Average Dilution Earnings": 4000.0,
        "Net Income Common Stockholders": NaN,
        "Otherunder Preferred Stock Dividend": NaN,
        "Net Income": NaN,
        "Minority Interests": NaN,
        "Net Income Including Noncontrolling Interests": NaN,
        "Net Income Continuous Operations": NaN,
        "Tax Provision": NaN,
        "Pretax Income": NaN,
        "Other Income Expense": NaN,
        "Other Non Operating Income Expenses": NaN,
        "Special Income Charges": NaN,
        "Impairment Of Capital Assets": NaN,
        "Net Non Operating Interest Income Expense": NaN,
        "Total Other Finance Cost": NaN,
        "Interest Expense Non Operating": 1805000.0,
        "Interest Income Non Operating": NaN,
        "Operating Income": NaN,
        "Operating Expense": NaN,
        "Other Operating Expenses": NaN,
        "Other Taxes": NaN,
        "Selling General And Administration": NaN,
        "General And Administrative Expense": NaN,
        "Other Gand A": NaN,
        "Rent And Landing Fees": 35456000.0,
        "Gross Profit": NaN,
        "Cost Of Revenue": NaN,
        "Total Revenue": NaN,
        "Operating Revenue": NaN
    },
    "2022-09-30": {
        "Tax Effect Of Unusual Items": NaN,
        "Tax Rate For Calcs": NaN,
        "Normalized EBITDA": NaN,
        "Total Unusual Items": NaN,
        "Total Unusual Items Excluding Goodwill": NaN,
        "Net Income From Continuing Operation Net Minority Interest": NaN,
        "Reconciled Depreciation": NaN,
        "Reconciled Cost Of Revenue": NaN,
        "EBITDA": NaN,
        "EBIT": NaN,
        "Net Interest Income": NaN,
        "Interest Expense": 5263000.0,
        "Interest Income": NaN,
        "Normalized Income": NaN,
        "Net Income From Continuing And Discontinued Operation": NaN,
        "Total Expenses": NaN,
        "Rent Expense Supplemental": 34709000.0,
        "Total Operating Income As Reported": NaN,
        "Diluted Average Shares": NaN,
        "Basic Average Shares": NaN,
        "Diluted EPS": NaN,
        "Basic EPS": NaN,
        "Diluted NI Availto Com Stockholders": NaN,
        "Average Dilution Earnings": NaN,
        "Net Income Common Stockholders": NaN,
        "Otherunder Preferred Stock Dividend": NaN,
        "Net Income": NaN,
        "Minority Interests": NaN,
        "Net Income Including Noncontrolling Interests": NaN,
        "Net Income Continuous Operations": NaN,
        "Tax Provision": NaN,
        "Pretax Income": NaN,
        "Other Income Expense": NaN,
        "Other Non Operating Income Expenses": NaN,
        "Special Income Charges": NaN,
        "Impairment Of Capital Assets": NaN,
        "Net Non Operating Interest Income Expense": NaN,
        "Total Other Finance Cost": NaN,
        "Interest Expense Non Operating": 5263000.0,
        "Interest Income Non Operating": NaN,
        "Operating Income": NaN,
        "Operating Expense": NaN,
        "Other Operating Expenses": NaN,
        "Other Taxes": NaN,
        "Selling General And Administration": NaN,
        "General And Administrative Expense": NaN,
        "Other Gand A": NaN,
        "Rent And Landing Fees": 34709000.0,
        "Gross Profit": NaN,
        "Cost Of Revenue": NaN,
        "Total Revenue": NaN,
        "Operating Revenue": NaN
    },
    "2022-06-30": {
        "Tax Effect Of Unusual Items": 0.0,
        "Tax Rate For Calcs": 0.085042,
        "Normalized EBITDA": 392051000.0,
        "Total Unusual Items": NaN,
        "Total Unusual Items Excluding Goodwill": NaN,
        "Net Income From Continuing Operation Net Minority Interest": 250583000.0,
        "Reconciled Depreciation": 57254000.0,
        "Reconciled Cost Of Revenue": 57254000.0,
        "EBITDA": 392051000.0,
        "EBIT": 334797000.0,
        "Net Interest Income": -7017000.0,
        "Interest Expense": 7017000.0,
        "Interest Income": NaN,
        "Normalized Income": 250583000.0,
        "Net Income From Continuing And Discontinued Operation": 250583000.0,
        "Total Expenses": 156390000.0,
        "Rent Expense Supplemental": 32604000.0,
        "Total Operating Income As Reported": 328259000.0,
        "Diluted Average Shares": 188589000.0,
        "Basic Average Shares": 188146000.0,
        "Diluted EPS": 1.32,
        "Basic EPS": 1.32,
        "Diluted NI Availto Com Stockholders": 250583000.0,
        "Average Dilution Earnings": NaN,
        "Net Income Common Stockholders": 250583000.0,
        "Otherunder Preferred Stock Dividend": 2373000.0,
        "Net Income": 250583000.0,
        "Minority Interests": -49322000.0,
        "Net Income Including Noncontrolling Interests": 299905000.0,
        "Net Income Continuous Operations": 299905000.0,
        "Tax Provision": 27875000.0,
        "Pretax Income": 327780000.0,
        "Other Income Expense": 6538000.0,
        "Other Non Operating Income Expenses": 6538000.0,
        "Special Income Charges": NaN,
        "Impairment Of Capital Assets": NaN,
        "Net Non Operating Interest Income Expense": -7017000.0,
        "Interest Expense Non Operating": 7017000.0,
        "Interest Income Non Operating": NaN,
        "Operating Income": 328259000.0,
        "Operating Expense": 99136000.0,
        "Other Operating Expenses": 20591000.0,
        "Other Taxes": 27411000.0,
        "Selling General And Administration": 51134000.0,
        "General And Administrative Expense": 51134000.0,
        "Other Gand A": 18530000.0,
        "Rent And Landing Fees": 32604000.0,
        "Gross Profit": 427395000.0,
        "Cost Of Revenue": 57254000.0,
        "Total Revenue": 484649000.0,
        "Operating Revenue": 484649000.0
    },
    "2023-06-30": {
        "Tax Effect Of Unusual Items": NaN,
        "Tax Rate For Calcs": NaN,
        "Normalized EBITDA": NaN,
        "Total Unusual Items": NaN,
        "Total Unusual Items Excluding Goodwill": NaN,
        "Net Income From Continuing Operation Net Minority Interest": NaN,
        "Reconciled Depreciation": NaN,
        "Reconciled Cost Of Revenue": NaN,
        "EBITDA": NaN,
        "EBIT": NaN,
        "Net Interest Income": NaN,
        "Interest Expense": 1149000.0,
        "Interest Income": NaN,
        "Normalized Income": NaN,
        "Net Income From Continuing And Discontinued Operation": NaN,
        "Total Expenses": NaN,
        "Rent Expense Supplemental": 36796000.0,
        "Total Operating Income As Reported": NaN,
        "Diluted Average Shares": 189567000.0,
        "Basic Average Shares": 189402000.0,
        "Diluted EPS": 0.48,
        "Basic EPS": 0.48,
        "Diluted NI Availto Com Stockholders": NaN,
        "Average Dilution Earnings": NaN,
        "Net Income Common Stockholders": NaN,
        "Otherunder Preferred Stock Dividend": 1038000.0,
        "Net Income": NaN,
        "Minority Interests": NaN,
        "Net Income Including Noncontrolling Interests": NaN,
        "Net Income Continuous Operations": NaN,
        "Tax Provision": NaN,
        "Pretax Income": NaN,
        "Other Income Expense": NaN,
        "Other Non Operating Income Expenses": NaN,
        "Special Income Charges": NaN,
        "Impairment Of Capital Assets": NaN,
        "Net Non Operating Interest Income Expense": NaN,
        "Total Other Finance Cost": NaN,
        "Interest Expense Non Operating": 1149000.0,
        "Interest Income Non Operating": NaN,
        "Operating Income": NaN,
        "Operating Expense": NaN,
        "Other Operating Expenses": NaN,
        "Other Taxes": NaN,
        "Selling General And Administration": NaN,
        "General And Administrative Expense": NaN,
        "Other Gand A": NaN,
        "Rent And Landing Fees": 36796000.0,
        "Gross Profit": NaN,
        "Cost Of Revenue": NaN,
        "Total Revenue": NaN,
        "Operating Revenue": NaN
    },
    "2022-03-31": {
        "Diluted EPS": 0.9,
        "Total Revenue": 378,
        "Gross Profit": 362,
        "Operating Income": 236,
        "EBIT": 292,
        "Net Income": 165
    },
    "2021-12-31": {
        "Diluted EPS": 0.84,
        "Total Revenue": 332,
        "Gross Profit": 319,
        "Operating Income": 202,
        "EBIT": 257,
        "Net Income": 149
    },
    "2021-09-30": {
        "Diluted EPS": 0.67,
        "Total Revenue": 285,
        "Gross Profit": 274,
        "Operating Income": 171,
        "EBIT": 221,
        "Net Income": 118
    },
    "2021-06-30": {
        "Diluted EPS": 0.48,
        "Total Revenue": 252,
        "Gross Profit": 242,
        "Operating Income": 129,
        "EBIT": 181,
        "Net Income": 84
    },
    "2021-03-31": {
        "Diluted EPS": 0.37,
        "Total Revenue": 209,
        "Gross Profit": 199,
        "Operating Income": 100,
        "EBIT": 146,
        "Net Income": 63
    },
    "2020-12-31": {
        "Diluted EPS": 0.13,
        "Total Revenue": 156,
        "Gross Profit": 141,
        "Operating Income": 43,
        "EBIT": 92,
        "Net Income": 28
    },
    "2020-09-30": {
        "Diluted EPS": 0.05,
        "Total Revenue": 121,
        "Gross Profit": 115,
        "Operating Income": 22,
        "EBIT": 71,
        "Net Income": 9
    },
    "2020-06-30": {
        "Diluted EPS": -0.11,
        "Total Revenue": 83,
        "Gross Profit": 76,
        "Operating Income": -26,
        "EBIT": 29,
        "Net Income": -18
    },
    "2020-03-31": {
        "Diluted EPS": -7.34,
        "Total Revenue": 181,
        "Gross Profit": 173,
        "Operating Income": NaN,
        "EBIT": NaN,
        "Net Income": NaN
    },
    "2019-12-31": {
        "Diluted EPS": 0.03,
        "Total Revenue": 236,
        "Gross Profit": 221,
        "Operating Income": 23,
        "EBIT": 165,
        "Net Income": 8
    },
    "2019-09-30": {
        "Diluted EPS": 0.05,
        "Total Revenue": 245,
        "Gross Profit": 236,
        "Operating Income": 28,
        "EBIT": 176,
        "Net Income": 8
    },
    "2019-06-30": {
        "Diluted EPS": 0.12,
        "Total Revenue": 243,
        "Gross Profit": 236,
        "Operating Income": 44,
        "EBIT": 174,
        "Net Income": 19
    },
    "2019-03-31": {
        "Diluted EPS": 0.08,
        "Total Revenue": 219,
        "Gross Profit": 209,
        "Operating Income": 34,
        "EBIT": 154,
        "Net Income": 13
    },
    "2018-12-31": {
        "Diluted EPS": 1.29,
        "Total Revenue": 255,
        "Gross Profit": 246,
        "Operating Income": 74,
        "EBIT": 191,
        "Net Income": 33
    },
    "2018-09-30": {
        "Diluted EPS": 0.34,
        "Total Revenue": 255,
        "Gross Profit": 247,
        "Operating Income": 84,
        "EBIT": 176,
        "Net Income": 53
    },
    "2018-06-30": {
        "Diluted EPS": 0.0,
        "Total Revenue": 200,
        "Gross Profit": 194,
        "Operating Income": 101,
        "EBIT": 165,
        "Net Income": 86
    },
    "2018-03-31": {
        "Diluted EPS": 0.0,
        "Total Revenue": 172,
        "Gross Profit": 168,
        "Operating Income": 93,
        "EBIT": 144,
        "Net Income": 85
    },
    "2017-12-31": {
        "Diluted EPS": 0.0,
        "Total Revenue": 317,
        "Gross Profit": 304,
        "Operating Income": 152,
        "EBIT": 193,
        "Net Income": 143
    },
    "2017-09-30": {
        "Diluted EPS": 0.0,
        "Total Revenue": 87,
        "Gross Profit": 83,
        "Operating Income": 38,
        "EBIT": 38,
        "Net Income": 36
    },
    "2017-06-30": {
        "Diluted EPS": 0.01,
        "Total Revenue": NaN,
        "Gross Profit": NaN,
        "Operating Income": 0,
        "EBIT": 0,
        "Net Income": 0
    },
    "2017-03-31": {
        "Diluted EPS": 0.0,
        "Total Revenue": NaN,
        "Gross Profit": NaN,
        "Operating Income": 0,
        "EBIT": 0,
        "Net Income": 0
    },
    "2016-12-31": {
        "Diluted EPS": 0.0,
        "Total Revenue": NaN,
        "Gross Profit": NaN,
        "Operating Income": NaN,
        "EBIT": NaN,
        "Net Income": NaN
    },
    "2023-09-30": {
        "Tax Effect Of Unusual Items": 0.0,
        "Tax Rate For Calcs": 0.209909,
        "Normalized EBITDA": 229291000.0,
        "Total Unusual Items": 0.0,
        "Total Unusual Items Excluding Goodwill": 0.0,
        "Net Income From Continuing Operation Net Minority Interest": 102030000.0,
        "Reconciled Depreciation": 81158000.0,
        "Reconciled Cost Of Revenue": 127348000.0,
        "EBITDA": 229291000.0,
        "EBIT": 148133000.0,
        "Net Interest Income": 1034000.0,
        "Interest Expense": NaN,
        "Interest Income": 1034000.0,
        "Normalized Income": 102030000.0,
        "Net Income From Continuing And Discontinued Operation": 102030000.0,
        "Total Expenses": 167545000.0,
        "Rent Expense Supplemental": NaN,
        "Total Operating Income As Reported": 148133000.0,
        "Diluted Average Shares": 187265000.0,
        "Basic Average Shares": 187093000.0,
        "Diluted EPS": 0.54,
        "Basic EPS": 0.54,
        "Diluted NI Availto Com Stockholders": 100859000.0,
        "Average Dilution Earnings": 0.0,
        "Net Income Common Stockholders": 100859000.0,
        "Otherunder Preferred Stock Dividend": 1171000.0,
        "Net Income": 102030000.0,
        "Minority Interests": -15447000.0,
        "Net Income Including Noncontrolling Interests": 117477000.0,
        "Net Income Continuous Operations": 117477000.0,
        "Tax Provision": 31211000.0,
        "Pretax Income": 148688000.0,
        "Other Income Expense": -479000.0,
        "Other Non Operating Income Expenses": -479000.0,
        "Special Income Charges": 0.0,
        "Impairment Of Capital Assets": 0.0,
        "Net Non Operating Interest Income Expense": 1034000.0,
        "Total Other Finance Cost": NaN,
        "Interest Expense Non Operating": NaN,
        "Interest Income Non Operating": 1034000.0,
        "Operating Income": 148133000.0,
        "Operating Expense": 40197000.0,
        "Other Operating Expenses": 6003000.0,
        "Other Taxes": 14823000.0,
        "Selling General And Administration": 19371000.0,
        "General And Administrative Expense": 19371000.0,
        "Other Gand A": 19371000.0,
        "Rent And Landing Fees": NaN,
        "Gross Profit": 188330000.0,
        "Cost Of Revenue": 127348000.0,
        "Total Revenue": 315678000.0,
        "Operating Revenue": 315678000.0
    },
    "2023-12-31": {
        "Tax Effect Of Unusual Items": 0.0,
        "Tax Rate For Calcs": 0.216953,
        "Normalized EBITDA": 233635000.0,
        "Total Unusual Items": 0.0,
        "Total Unusual Items Excluding Goodwill": 0.0,
        "Net Income From Continuing Operation Net Minority Interest": 98445000.0,
        "Reconciled Depreciation": 95922000.0,
        "Reconciled Cost Of Revenue": 147261000.0,
        "EBITDA": 233635000.0,
        "EBIT": 137713000.0,
        "Net Interest Income": -405000.0,
        "Interest Expense": NaN,
        "Interest Income": NaN,
        "Normalized Income": 98445000.0,
        "Net Income From Continuing And Discontinued Operation": 98445000.0,
        "Total Expenses": 184540000.0,
        "Rent Expense Supplemental": NaN,
        "Total Operating Income As Reported": 138088000.0,
        "Diluted Average Shares": NaN,
        "Basic Average Shares": NaN,
        "Diluted EPS": NaN,
        "Basic EPS": NaN,
        "Diluted NI Availto Com Stockholders": 97305000.0,
        "Average Dilution Earnings": 0.0,
        "Net Income Common Stockholders": 97305000.0,
        "Otherunder Preferred Stock Dividend": 1140000.0,
        "Net Income": 98445000.0,
        "Minority Interests": -15410000.0,
        "Net Income Including Noncontrolling Interests": 113855000.0,
        "Net Income Continuous Operations": 113855000.0,
        "Tax Provision": 31545000.0,
        "Pretax Income": 145400000.0,
        "Other Income Expense": 7717000.0,
        "Other Non Operating Income Expenses": 7717000.0,
        "Special Income Charges": 0.0,
        "Impairment Of Capital Assets": 0.0,
        "Net Non Operating Interest Income Expense": -405000.0,
        "Total Other Finance Cost": NaN,
        "Interest Expense Non Operating": NaN,
        "Interest Income Non Operating": NaN,
        "Operating Income": 138088000.0,
        "Operating Expense": 37279000.0,
        "Other Operating Expenses": 1806000.0,
        "Other Taxes": 16234000.0,
        "Selling General And Administration": 19239000.0,
        "General And Administrative Expense": 19239000.0,
        "Other Gand A": 19239000.0,
        "Rent And Landing Fees": NaN,
        "Gross Profit": 175367000.0,
        "Cost Of Revenue": 147261000.0,
        "Total Revenue": 322628000.0,
        "Operating Revenue": 322628000.0
    },
    "2024-03-31": {
        "Tax Effect Of Unusual Items": 0.0,
        "Tax Rate For Calcs": 0.172,
        "Normalized EBITDA": 221634000.0,
        "Total Unusual Items": 0.0,
        "Total Unusual Items Excluding Goodwill": 0.0,
        "Net Income From Continuing Operation Net Minority Interest": 85086000.0,
        "Reconciled Depreciation": 97076000.0,
        "Reconciled Cost Of Revenue": 151763000.0,
        "EBITDA": 221634000.0,
        "EBIT": 124558000.0,
        "Net Interest Income": -2312000.0,
        "Interest Expense": NaN,
        "Interest Income": NaN,
        "Normalized Income": 85086000.0,
        "Net Income From Continuing And Discontinued Operation": 85086000.0,
        "Total Expenses": 194859000.0,
        "Rent Expense Supplemental": NaN,
        "Total Operating Income As Reported": 124558000.0,
        "Diluted Average Shares": 182424000.0,
        "Basic Average Shares": 182368000.0,
        "Diluted EPS": 0.46,
        "Basic EPS": 0.46,
        "Diluted NI Availto Com Stockholders": 83985000.0,
        "Average Dilution Earnings": -1101000.0,
        "Net Income Common Stockholders": 85086000.0,
        "Otherunder Preferred Stock Dividend": NaN,
        "Net Income": 85086000.0,
        "Minority Interests": -12511000.0,
        "Net Income Including Noncontrolling Interests": 97597000.0,
        "Net Income Continuous Operations": 97597000.0,
        "Tax Provision": 20336000.0,
        "Pretax Income": 117933000.0,
        "Other Income Expense": -4313000.0,
        "Other Non Operating Income Expenses": -4313000.0,
        "Special Income Charges": 0.0,
        "Impairment Of Capital Assets": 0.0,
        "Net Non Operating Interest Income Expense": -2312000.0,
        "Total Other Finance Cost": 2312000.0,
        "Interest Expense Non Operating": NaN,
        "Interest Income Non Operating": NaN,
        "Operating Income": 124558000.0,
        "Operating Expense": 43096000.0,
        "Other Operating Expenses": 1643000.0,
        "Other Taxes": 17898000.0,
        "Selling General And Administration": 23555000.0,
        "General And Administrative Expense": 23555000.0,
        "Other Gand A": 23555000.0,
        "Rent And Landing Fees": NaN,
        "Gross Profit": 167654000.0,
        "Cost Of Revenue": 151763000.0,
        "Total Revenue": 319417000.0,
        "Operating Revenue": 319417000.0
    },
    "2024-06-30": {
        "Tax Effect Of Unusual Items": 0.0,
        "Tax Rate For Calcs": 0.203,
        "Normalized EBITDA": 240141000.0,
        "Total Unusual Items": 0.0,
        "Total Unusual Items Excluding Goodwill": 0.0,
        "Net Income From Continuing Operation Net Minority Interest": 95559000.0,
        "Reconciled Depreciation": 104743000.0,
        "Reconciled Cost Of Revenue": 157548000.0,
        "EBITDA": 240141000.0,
        "EBIT": 135398000.0,
        "Net Interest Income": -3516000.0,
        "Interest Expense": 3516000.0,
        "Interest Income": NaN,
        "Normalized Income": 95559000.0,
        "Net Income From Continuing And Discontinued Operation": 95559000.0,
        "Total Expenses": 202374000.0,
        "Rent Expense Supplemental": NaN,
        "Total Operating Income As Reported": 134351000.0,
        "Diluted Average Shares": 184965000.0,
        "Basic Average Shares": 184937000.0,
        "Diluted EPS": 0.51,
        "Basic EPS": 0.51,
        "Diluted NI Availto Com Stockholders": 94354000.0,
        "Average Dilution Earnings": NaN,
        "Net Income Common Stockholders": 94354000.0,
        "Otherunder Preferred Stock Dividend": 1205000.0,
        "Net Income": 95559000.0,
        "Minority Interests": -9554000.0,
        "Net Income Including Noncontrolling Interests": 105113000.0,
        "Net Income Continuous Operations": 105113000.0,
        "Tax Provision": 26769000.0,
        "Pretax Income": 131882000.0,
        "Other Income Expense": 1047000.0,
        "Other Non Operating Income Expenses": 1047000.0,
        "Special Income Charges": 0.0,
        "Impairment Of Capital Assets": 0.0,
        "Net Non Operating Interest Income Expense": -3516000.0,
        "Total Other Finance Cost": NaN,
        "Interest Expense Non Operating": 3516000.0,
        "Interest Income Non Operating": NaN,
        "Operating Income": 134351000.0,
        "Operating Expense": 44826000.0,
        "Other Operating Expenses": 2147000.0,
        "Other Taxes": 19844000.0,
        "Selling General And Administration": 22835000.0,
        "General And Administrative Expense": 22835000.0,
        "Other Gand A": 22835000.0,
        "Rent And Landing Fees": NaN,
        "Gross Profit": 179177000.0,
        "Cost Of Revenue": 157548000.0,
        "Total Revenue": 336725000.0,
        "Operating Revenue": 336725000.0
    },
    "2024-09-30": {
        "Tax Effect Of Unusual Items": 0.0,
        "Tax Rate For Calcs": 0.200314,
        "Normalized EBITDA": 243634000.0,
        "Total Unusual Items": 0.0,
        "Total Unusual Items Excluding Goodwill": 0.0,
        "Net Income From Continuing Operation Net Minority Interest": 99784000.0,
        "Reconciled Depreciation": 107336000.0,
        "Reconciled Cost Of Revenue": 162456000.0,
        "EBITDA": 243634000.0,
        "EBIT": 136298000.0,
        "Net Interest Income": -3856000.0,
        "Interest Expense": 3856000.0,
        "Interest Income": NaN,
        "Normalized Income": 99784000.0,
        "Net Income From Continuing And Discontinued Operation": 99784000.0,
        "Total Expenses": 204123000.0,
        "Rent Expense Supplemental": NaN,
        "Total Operating Income As Reported": 129012000.0,
        "Diluted Average Shares": 187871000.0,
        "Basic Average Shares": 187859000.0,
        "Diluted EPS": 0.52,
        "Basic EPS": 0.52,
        "Diluted NI Availto Com Stockholders": 98565000.0,
        "Average Dilution Earnings": 0.0,
        "Net Income Common Stockholders": 98565000.0,
        "Otherunder Preferred Stock Dividend": 1219000.0,
        "Net Income": 99784000.0,
        "Minority Interests": -6128000.0,
        "Net Income Including Noncontrolling Interests": 105912000.0,
        "Net Income Continuous Operations": 105912000.0,
        "Tax Provision": 26530000.0,
        "Pretax Income": 132442000.0,
        "Other Income Expense": 7286000.0,
        "Other Non Operating Income Expenses": 7286000.0,
        "Special Income Charges": 0.0,
        "Impairment Of Capital Assets": 0.0,
        "Net Non Operating Interest Income Expense": -3856000.0,
        "Total Other Finance Cost": NaN,
        "Interest Expense Non Operating": 3856000.0,
        "Interest Income Non Operating": NaN,
        "Operating Income": 129012000.0,
        "Operating Expense": 41667000.0,
        "Other Operating Expenses": 2240000.0,
        "Other Taxes": 18269000.0,
        "Selling General And Administration": 21158000.0,
        "General And Administrative Expense": 21158000.0,
        "Other Gand A": 21158000.0,
        "Rent And Landing Fees": NaN,
        "Gross Profit": 170679000.0,
        "Cost Of Revenue": 162456000.0,
        "Total Revenue": 333135000.0,
        "Operating Revenue": 333135000.0
    }
}