{
    "2023-03-31": {
        "Tax Effect Of Unusual Items": 0.0,
        "Tax Rate For Calcs": 0.002477,
        "Net Income From Continuing Operation Net Minority Interest": -11328000.0,
        "Reconciled Depreciation": -579000.0,
        "EBIT": -7481000.0,
        "Net Interest Income": -3824000.0,
        "Interest Expense": 3824000.0,
        "Interest Income": 2698000.0,
        "Normalized Income": -11328000.0,
        "Net Income From Continuing And Discontinued Operation": -11328000.0,
        "Total Expenses": 27982000.0,
        "Diluted Average Shares": 101552364.0,
        "Basic Average Shares": 101552364.0,
        "Diluted EPS": -0.11,
        "Basic EPS": -0.11,
        "Diluted NI Availto Com Stockholders": -11328000.0,
        "Net Income Common Stockholders": -11328000.0,
        "Otherunder Preferred Stock Dividend": NaN,
        "Net Income": -11328000.0,
        "Net Income Including Noncontrolling Interests": -11328000.0,
        "Net Income Continuous Operations": -11328000.0,
        "Earnings From Equity Interest Net Of Tax": -51000.0,
        "Tax Provision": -28000.0,
        "Pretax Income": -11305000.0,
        "Other Income Expense": 97000.0,
        "Net Non Operating Interest Income Expense": -3824000.0,
        "Interest Expense Non Operating": 3824000.0,
        "Selling General And Administration": 10108000.0,
        "General And Administrative Expense": 10108000.0,
        "Other Gand A": 10108000.0,
        "Total Revenue": 16677000.0,
        "Operating Revenue": 16677000.0,
        "Gross Profit": 5,
        "Operating Income": -11
    },
    "2022-12-31": {
        "Tax Effect Of Unusual Items": 0.0,
        "Tax Rate For Calcs": 0.018687,
        "Net Income From Continuing Operation Net Minority Interest": -50994000.0,
        "Reconciled Depreciation": -1740000.0,
        "EBIT": -49107000.0,
        "Net Interest Income": -4833000.0,
        "Interest Expense": 4833000.0,
        "Interest Income": 2394000.0,
        "Normalized Income": -50994000.0,
        "Net Income From Continuing And Discontinued Operation": -50994000.0,
        "Total Expenses": 52783000.0,
        "Diluted Average Shares": 87637607.0,
        "Basic Average Shares": 87637607.0,
        "Diluted EPS": 0.41,
        "Basic EPS": 0.41,
        "Diluted NI Availto Com Stockholders": 36246000.0,
        "Net Income Common Stockholders": 36246000.0,
        "Otherunder Preferred Stock Dividend": -87240000.0,
        "Net Income": -50994000.0,
        "Net Income Including Noncontrolling Interests": -50994000.0,
        "Net Income Continuous Operations": -50994000.0,
        "Earnings From Equity Interest Net Of Tax": 1938000.0,
        "Tax Provision": -1008000.0,
        "Pretax Income": -53940000.0,
        "Other Income Expense": -5418000.0,
        "Net Non Operating Interest Income Expense": -4833000.0,
        "Interest Expense Non Operating": 4833000.0,
        "Selling General And Administration": 6276000.0,
        "General And Administrative Expense": 6276000.0,
        "Other Gand A": 6276000.0,
        "Total Revenue": -1157000.0,
        "Operating Revenue": -1157000.0,
        "Gross Profit": -32,
        "Operating Income": -54
    },
    "2022-09-30": {
        "Tax Effect Of Unusual Items": 0.0,
        "Tax Rate For Calcs": 0.011551,
        "Net Income From Continuing Operation Net Minority Interest": -8160000.0,
        "Reconciled Depreciation": -217000.0,
        "EBIT": -3045000.0,
        "Net Interest Income": -4833000.0,
        "Interest Expense": 4833000.0,
        "Interest Income": 1771000.0,
        "Normalized Income": -8160000.0,
        "Net Income From Continuing And Discontinued Operation": -8160000.0,
        "Total Expenses": 34148000.0,
        "Diluted Average Shares": 87161499.0,
        "Basic Average Shares": 87161499.0,
        "Diluted EPS": -0.09,
        "Basic EPS": -0.09,
        "Diluted NI Availto Com Stockholders": -8160000.0,
        "Net Income Common Stockholders": -8160000.0,
        "Otherunder Preferred Stock Dividend": NaN,
        "Net Income": -8160000.0,
        "Net Income Including Noncontrolling Interests": -8160000.0,
        "Net Income Continuous Operations": -8160000.0,
        "Earnings From Equity Interest Net Of Tax": -373000.0,
        "Tax Provision": -91000.0,
        "Pretax Income": -7878000.0,
        "Other Income Expense": 24000.0,
        "Net Non Operating Interest Income Expense": -4833000.0,
        "Interest Expense Non Operating": 4833000.0,
        "Selling General And Administration": 6491000.0,
        "General And Administrative Expense": 6491000.0,
        "Other Gand A": 6491000.0,
        "Total Revenue": 26270000.0,
        "Operating Revenue": 26270000.0,
        "Gross Profit": -5,
        "Operating Income": -8
    },
    "2022-06-30": {
        "Tax Effect Of Unusual Items": 0.0,
        "Tax Rate For Calcs": 0.4,
        "Net Income From Continuing Operation Net Minority Interest": 1062000.0,
        "Reconciled Depreciation": -230000.0,
        "EBIT": 8223000.0,
        "Net Interest Income": -4833000.0,
        "Interest Expense": 4833000.0,
        "Interest Income": NaN,
        "Normalized Income": 1062000.0,
        "Net Income From Continuing And Discontinued Operation": 1062000.0,
        "Total Expenses": 23886000.0,
        "Diluted Average Shares": 87093912.0,
        "Basic Average Shares": 87092045.0,
        "Diluted EPS": 0.29,
        "Basic EPS": 0.29,
        "Diluted NI Availto Com Stockholders": 25752000.0,
        "Net Income Common Stockholders": 25752000.0,
        "Otherunder Preferred Stock Dividend": -24690000.0,
        "Net Income": 1062000.0,
        "Net Income Including Noncontrolling Interests": 1062000.0,
        "Net Income Continuous Operations": 1062000.0,
        "Earnings From Equity Interest Net Of Tax": -3041000.0,
        "Tax Provision": -713000.0,
        "Pretax Income": 3390000.0,
        "Other Income Expense": 469000.0,
        "Net Non Operating Interest Income Expense": -4833000.0,
        "Interest Expense Non Operating": 4833000.0,
        "Selling General And Administration": 7294000.0,
        "General And Administrative Expense": 7294000.0,
        "Other Gand A": 7294000.0,
        "Total Revenue": 27276000.0,
        "Operating Revenue": 27276000.0,
        "Gross Profit": 9,
        "Operating Income": 3
    },
    "2022-03-31": {
        "Diluted EPS": 0.02,
        "Total Revenue": 10,
        "Gross Profit": 10,
        "Operating Income": -2,
        "EBIT": 5,
        "Net Income": 2
    },
    "2021-12-31": {
        "Diluted EPS": 0.18,
        "Total Revenue": 25,
        "Gross Profit": 20,
        "Operating Income": 10,
        "EBIT": 15,
        "Net Income": 16
    },
    "2021-09-30": {
        "Diluted EPS": 0.03,
        "Total Revenue": 22,
        "Gross Profit": 5,
        "Operating Income": -2,
        "EBIT": 3,
        "Net Income": 3
    },
    "2021-06-30": {
        "Diluted EPS": 0.31,
        "Total Revenue": 22,
        "Gross Profit": 20,
        "Operating Income": 5,
        "EBIT": 12,
        "Net Income": 27
    },
    "2021-03-31": {
        "Diluted EPS": 0.83,
        "Total Revenue": 30,
        "Gross Profit": 22,
        "Operating Income": 6,
        "EBIT": 16,
        "Net Income": 72
    },
    "2020-12-31": {
        "Diluted EPS": 0.54,
        "Total Revenue": 40,
        "Gross Profit": 30,
        "Operating Income": 4,
        "EBIT": 11,
        "Net Income": 48
    },
    "2020-09-30": {
        "Diluted EPS": 0.03,
        "Total Revenue": 41,
        "Gross Profit": 22,
        "Operating Income": 2,
        "EBIT": 9,
        "Net Income": 2
    },
    "2020-06-30": {
        "Diluted EPS": 0.11,
        "Total Revenue": 45,
        "Gross Profit": 26,
        "Operating Income": 9,
        "EBIT": 16,
        "Net Income": 9
    },
    "2020-03-31": {
        "Diluted EPS": 0.25,
        "Total Revenue": 59,
        "Gross Profit": 26,
        "Operating Income": 21,
        "EBIT": 27,
        "Net Income": 21
    },
    "2019-12-31": {
        "Diluted EPS": -0.26,
        "Total Revenue": 60,
        "Gross Profit": 5,
        "Operating Income": -21,
        "EBIT": -9,
        "Net Income": -22
    },
    "2019-09-30": {
        "Diluted EPS": -0.7,
        "Total Revenue": 121,
        "Gross Profit": -52,
        "Operating Income": -58,
        "EBIT": -52,
        "Net Income": -58
    },
    "2019-06-30": {
        "Diluted EPS": -0.19,
        "Total Revenue": 190,
        "Gross Profit": 19,
        "Operating Income": 3,
        "EBIT": 5,
        "Net Income": -15
    },
    "2019-03-31": {
        "Diluted EPS": -0.44,
        "Total Revenue": 205,
        "Gross Profit": -17,
        "Operating Income": -34,
        "EBIT": -27,
        "Net Income": -37
    },
    "2018-12-31": {
        "Diluted EPS": -3.24,
        "Total Revenue": 515,
        "Gross Profit": -199,
        "Operating Income": -217,
        "EBIT": -210,
        "Net Income": -269
    },
    "2018-09-30": {
        "Diluted EPS": -3.72,
        "Total Revenue": 556,
        "Gross Profit": -212,
        "Operating Income": -237,
        "EBIT": -230,
        "Net Income": -309
    },
    "2018-06-30": {
        "Diluted EPS": -0.07,
        "Total Revenue": 540,
        "Gross Profit": 7,
        "Operating Income": -7,
        "EBIT": -2,
        "Net Income": -6
    },
    "2018-03-31": {
        "Diluted EPS": 0.16,
        "Total Revenue": 554,
        "Gross Profit": 34,
        "Operating Income": 11,
        "EBIT": 18,
        "Net Income": 14
    },
    "2017-12-31": {
        "Diluted EPS": -1.55,
        "Total Revenue": 131,
        "Gross Profit": -111,
        "Operating Income": -122,
        "EBIT": -122,
        "Net Income": -134
    },
    "2017-09-30": {
        "Diluted EPS": -0.74,
        "Total Revenue": 497,
        "Gross Profit": -20,
        "Operating Income": -43,
        "EBIT": -38,
        "Net Income": -64
    },
    "2017-06-30": {
        "Diluted EPS": -0.26,
        "Total Revenue": 755,
        "Gross Profit": 16,
        "Operating Income": -13,
        "EBIT": -1,
        "Net Income": -22
    },
    "2017-03-31": {
        "Diluted EPS": 0.23,
        "Total Revenue": 756,
        "Gross Profit": 54,
        "Operating Income": 27,
        "EBIT": 35,
        "Net Income": 20
    },
    "2016-12-31": {
        "Diluted EPS": -0.95,
        "Total Revenue": -20,
        "Gross Profit": -41,
        "Operating Income": -39,
        "EBIT": -43,
        "Net Income": -75
    },
    "2016-09-30": {
        "Diluted EPS": 0.4,
        "Total Revenue": 738,
        "Gross Profit": 65,
        "Operating Income": 41,
        "EBIT": 53,
        "Net Income": 32
    },
    "2016-06-30": {
        "Diluted EPS": 0.39,
        "Total Revenue": 675,
        "Gross Profit": 62,
        "Operating Income": 42,
        "EBIT": 57,
        "Net Income": 31
    },
    "2016-03-31": {
        "Diluted EPS": 0.35,
        "Total Revenue": 659,
        "Gross Profit": 61,
        "Operating Income": 38,
        "EBIT": 50,
        "Net Income": 27
    },
    "2015-12-31": {
        "Diluted EPS": 0.33,
        "Total Revenue": 621,
        "Gross Profit": 51,
        "Operating Income": 31,
        "EBIT": 41,
        "Net Income": 25
    },
    "2015-09-30": {
        "Diluted EPS": 0.3,
        "Total Revenue": 694,
        "Gross Profit": 52,
        "Operating Income": 29,
        "EBIT": 41,
        "Net Income": 22
    },
    "2015-06-30": {
        "Diluted EPS": 0.27,
        "Total Revenue": 647,
        "Gross Profit": 56,
        "Operating Income": 27,
        "EBIT": 33,
        "Net Income": 21
    },
    "2015-03-31": {
        "Diluted EPS": 0.41,
        "Total Revenue": 611,
        "Gross Profit": 56,
        "Operating Income": 39,
        "EBIT": 51,
        "Net Income": 32
    },
    "2014-12-31": {
        "Diluted EPS": 0.4,
        "Total Revenue": 642,
        "Gross Profit": 56,
        "Operating Income": 34,
        "EBIT": 43,
        "Net Income": 28
    },
    "2014-09-30": {
        "Diluted EPS": 0.36,
        "Total Revenue": 624,
        "Gross Profit": 57,
        "Operating Income": 34,
        "EBIT": 45,
        "Net Income": 28
    },
    "2014-06-30": {
        "Diluted EPS": 0.34,
        "Total Revenue": 563,
        "Gross Profit": 55,
        "Operating Income": 32,
        "EBIT": 43,
        "Net Income": 26
    },
    "2014-03-31": {
        "Diluted EPS": -0.06,
        "Total Revenue": 552,
        "Gross Profit": 55,
        "Operating Income": 31,
        "EBIT": 71,
        "Net Income": -4
    },
    "2013-12-31": {
        "Diluted EPS": 0.27,
        "Total Revenue": 519,
        "Gross Profit": 53,
        "Operating Income": 27,
        "EBIT": 42,
        "Net Income": 21
    },
    "2013-09-30": {
        "Diluted EPS": 0.3,
        "Total Revenue": 535,
        "Gross Profit": 49,
        "Operating Income": 26,
        "EBIT": 40,
        "Net Income": 22
    },
    "2013-06-30": {
        "Diluted EPS": 0.27,
        "Total Revenue": 537,
        "Gross Profit": 50,
        "Operating Income": 24,
        "EBIT": 40,
        "Net Income": 20
    },
    "2013-03-31": {
        "Diluted EPS": 0.34,
        "Total Revenue": 519,
        "Gross Profit": 52,
        "Operating Income": 29,
        "EBIT": 43,
        "Net Income": 25
    },
    "2012-12-31": {
        "Diluted EPS": -0.14,
        "Total Revenue": 505,
        "Gross Profit": 16,
        "Operating Income": -6,
        "EBIT": 10,
        "Net Income": -10
    },
    "2012-09-30": {
        "Diluted EPS": 0.3,
        "Total Revenue": 476,
        "Gross Profit": 45,
        "Operating Income": 22,
        "EBIT": 36,
        "Net Income": 22
    },
    "2012-06-30": {
        "Diluted EPS": 0.2,
        "Total Revenue": 457,
        "Gross Profit": 41,
        "Operating Income": 15,
        "EBIT": 28,
        "Net Income": 15
    },
    "2012-03-31": {
        "Diluted EPS": 0.28,
        "Total Revenue": 463,
        "Gross Profit": 43,
        "Operating Income": 21,
        "EBIT": 32,
        "Net Income": 20
    },
    "2011-12-31": {
        "Diluted EPS": 0.24,
        "Total Revenue": 439,
        "Gross Profit": 43,
        "Operating Income": 17,
        "EBIT": 29,
        "Net Income": 18
    },
    "2011-09-30": {
        "Diluted EPS": 0.22,
        "Total Revenue": 441,
        "Gross Profit": 39,
        "Operating Income": 16,
        "EBIT": 27,
        "Net Income": 16
    },
    "2011-06-30": {
        "Diluted EPS": -0.34,
        "Total Revenue": 390,
        "Gross Profit": 34,
        "Operating Income": 11,
        "EBIT": 43,
        "Net Income": -24
    },
    "2011-03-31": {
        "Diluted EPS": 0.27,
        "Total Revenue": 370,
        "Gross Profit": 42,
        "Operating Income": 21,
        "EBIT": 32,
        "Net Income": 19
    },
    "2010-12-31": {
        "Diluted EPS": 0.27,
        "Total Revenue": 334,
        "Gross Profit": 44,
        "Operating Income": 19,
        "EBIT": 31,
        "Net Income": 19
    },
    "2010-09-30": {
        "Diluted EPS": 0.26,
        "Total Revenue": 329,
        "Gross Profit": 39,
        "Operating Income": 19,
        "EBIT": 29,
        "Net Income": 19
    },
    "2010-06-30": {
        "Diluted EPS": 0.26,
        "Total Revenue": 303,
        "Gross Profit": 39,
        "Operating Income": 19,
        "EBIT": 28,
        "Net Income": 19
    },
    "2010-03-31": {
        "Diluted EPS": 0.19,
        "Total Revenue": 282,
        "Gross Profit": 34,
        "Operating Income": 14,
        "EBIT": 23,
        "Net Income": 14
    },
    "2009-12-31": {
        "Diluted EPS": 0.24,
        "Total Revenue": 266,
        "Gross Profit": 38,
        "Operating Income": 18,
        "EBIT": 28,
        "Net Income": 17
    },
    "2009-09-30": {
        "Diluted EPS": 0.21,
        "Total Revenue": 254,
        "Gross Profit": 34,
        "Operating Income": 15,
        "EBIT": 24,
        "Net Income": 15
    },
    "2009-06-30": {
        "Diluted EPS": 0.23,
        "Total Revenue": 240,
        "Gross Profit": 32,
        "Operating Income": 16,
        "EBIT": 25,
        "Net Income": 16
    },
    "2009-03-31": {
        "Diluted EPS": 0.19,
        "Total Revenue": 222,
        "Gross Profit": 30,
        "Operating Income": 13,
        "EBIT": 21,
        "Net Income": 13
    }
}