{
    "2023-06-30": {
        "Tax Effect Of Unusual Items": 0.0,
        "Tax Rate For Calcs": 0.240453,
        "Normalized EBITDA": 150659000.0,
        "Total Unusual Items": NaN,
        "Total Unusual Items Excluding Goodwill": NaN,
        "Net Income From Continuing Operation Net Minority Interest": 118001000.0,
        "Reconciled Depreciation": 3597000.0,
        "Reconciled Cost Of Revenue": 755829000.0,
        "EBITDA": 150659000.0,
        "EBIT": 150659000.0,
        "Net Interest Income": 4670000.0,
        "Interest Expense": NaN,
        "Interest Income": 4670000.0,
        "Normalized Income": 118001000.0,
        "Net Income From Continuing And Discontinued Operation": 118001000.0,
        "Total Expenses": 863354000.0,
        "Total Operating Income As Reported": 150659000.0,
        "Diluted Average Shares": 28624000.0,
        "Basic Average Shares": 27792000.0,
        "Diluted EPS": 4.12,
        "Basic EPS": 4.25,
        "Diluted NI Availto Com Stockholders": 118001000.0,
        "Net Income Common Stockholders": 118001000.0,
        "Net Income": 118001000.0,
        "Net Income Including Noncontrolling Interests": 118001000.0,
        "Net Income Continuous Operations": 118001000.0,
        "Tax Provision": 37356000.0,
        "Pretax Income": 155357000.0,
        "Other Income Expense": 28000.0,
        "Other Non Operating Income Expenses": 28000.0,
        "Special Income Charges": NaN,
        "Net Non Operating Interest Income Expense": 4670000.0,
        "Total Other Finance Cost": -4670000.0,
        "Interest Expense Non Operating": NaN,
        "Interest Income Non Operating": 4670000.0,
        "Operating Income": 150659000.0,
        "Operating Expense": 107525000.0,
        "Selling General And Administration": 107525000.0,
        "Selling And Marketing Expense": 51871000.0,
        "General And Administrative Expense": 55654000.0,
        "Other Gand A": 55654000.0,
        "Gross Profit": 258184000.0,
        "Cost Of Revenue": 755829000.0,
        "Total Revenue": 1014013000.0,
        "Operating Revenue": 1014013000.0
    },
    "2023-03-31": {
        "Tax Effect Of Unusual Items": 0.0,
        "Tax Rate For Calcs": 0.242061,
        "Normalized EBITDA": 134586000.0,
        "Total Unusual Items": NaN,
        "Total Unusual Items Excluding Goodwill": NaN,
        "Net Income From Continuing Operation Net Minority Interest": 103066000.0,
        "Reconciled Depreciation": 3737000.0,
        "Reconciled Cost Of Revenue": 765904000.0,
        "EBITDA": 134586000.0,
        "EBIT": 134586000.0,
        "Net Interest Income": 1389000.0,
        "Interest Expense": NaN,
        "Interest Income": 1389000.0,
        "Normalized Income": 103066000.0,
        "Net Income From Continuing And Discontinued Operation": 103066000.0,
        "Total Expenses": 865944000.0,
        "Total Operating Income As Reported": 134586000.0,
        "Diluted Average Shares": 28305000.0,
        "Basic Average Shares": 27602000.0,
        "Diluted EPS": 3.64,
        "Basic EPS": 3.73,
        "Diluted NI Availto Com Stockholders": 103066000.0,
        "Net Income Common Stockholders": 103066000.0,
        "Net Income": 103066000.0,
        "Net Income Including Noncontrolling Interests": 103066000.0,
        "Net Income Continuous Operations": 103066000.0,
        "Tax Provision": 32916000.0,
        "Pretax Income": 135982000.0,
        "Other Income Expense": 7000.0,
        "Other Non Operating Income Expenses": 7000.0,
        "Special Income Charges": NaN,
        "Net Non Operating Interest Income Expense": 1389000.0,
        "Total Other Finance Cost": -1389000.0,
        "Interest Expense Non Operating": NaN,
        "Interest Income Non Operating": 1389000.0,
        "Operating Income": 134586000.0,
        "Operating Expense": 100040000.0,
        "Selling General And Administration": 100040000.0,
        "Selling And Marketing Expense": 49080000.0,
        "General And Administrative Expense": 50960000.0,
        "Other Gand A": 50960000.0,
        "Gross Profit": 234626000.0,
        "Cost Of Revenue": 765904000.0,
        "Total Revenue": 1000530000.0,
        "Operating Revenue": 1000530000.0
    },
    "2022-12-31": {
        "Tax Effect Of Unusual Items": 0.0,
        "Tax Rate For Calcs": 0.205829,
        "Normalized EBITDA": 164375000.0,
        "Total Unusual Items": 0.0,
        "Total Unusual Items Excluding Goodwill": 0.0,
        "Net Income From Continuing Operation Net Minority Interest": 130395000.0,
        "Reconciled Depreciation": 3715000.0,
        "Reconciled Cost Of Revenue": 942469000.0,
        "EBITDA": 164375000.0,
        "EBIT": 164375000.0,
        "Net Interest Income": -185000.0,
        "Interest Expense": 185000.0,
        "Interest Income": NaN,
        "Normalized Income": 130395000.0,
        "Net Income From Continuing And Discontinued Operation": 130395000.0,
        "Total Expenses": 1052614000.0,
        "Total Operating Income As Reported": 164386000.0,
        "Diluted Average Shares": 28022000.0,
        "Basic Average Shares": 27429000.0,
        "Diluted EPS": 4.65,
        "Basic EPS": 4.75,
        "Diluted NI Availto Com Stockholders": 130395000.0,
        "Net Income Common Stockholders": 130395000.0,
        "Net Income": 130395000.0,
        "Net Income Including Noncontrolling Interests": 130395000.0,
        "Net Income Continuous Operations": 130395000.0,
        "Tax Provision": 33795000.0,
        "Pretax Income": 164190000.0,
        "Other Income Expense": -11000.0,
        "Other Non Operating Income Expenses": -11000.0,
        "Special Income Charges": 0.0,
        "Net Non Operating Interest Income Expense": -185000.0,
        "Total Other Finance Cost": NaN,
        "Interest Expense Non Operating": 185000.0,
        "Interest Income Non Operating": NaN,
        "Operating Income": 164386000.0,
        "Operating Expense": 110145000.0,
        "Selling General And Administration": 110145000.0,
        "Selling And Marketing Expense": 57580000.0,
        "General And Administrative Expense": 52565000.0,
        "Other Gand A": 52565000.0,
        "Gross Profit": 274531000.0,
        "Cost Of Revenue": 942469000.0,
        "Total Revenue": 1217000000.0,
        "Operating Revenue": 1217000000.0
    },
    "2022-09-30": {
        "Tax Effect Of Unusual Items": 0.0,
        "Tax Rate For Calcs": 0.210116,
        "Normalized EBITDA": 167295000.0,
        "Total Unusual Items": 0.0,
        "Total Unusual Items Excluding Goodwill": 0.0,
        "Net Income From Continuing Operation Net Minority Interest": 131590000.0,
        "Reconciled Depreciation": 3706000.0,
        "Reconciled Cost Of Revenue": 741013000.0,
        "EBITDA": 167295000.0,
        "EBIT": 167295000.0,
        "Net Interest Income": -701000.0,
        "Interest Expense": 701000.0,
        "Interest Income": NaN,
        "Normalized Income": 131590000.0,
        "Net Income From Continuing And Discontinued Operation": 131590000.0,
        "Total Expenses": 845633000.0,
        "Total Operating Income As Reported": 167295000.0,
        "Diluted Average Shares": 28185000.0,
        "Basic Average Shares": 27618000.0,
        "Diluted EPS": 4.67,
        "Basic EPS": 4.76,
        "Diluted NI Availto Com Stockholders": 131590000.0,
        "Net Income Common Stockholders": 131590000.0,
        "Net Income": 131590000.0,
        "Net Income Including Noncontrolling Interests": 131590000.0,
        "Net Income Continuous Operations": 131590000.0,
        "Tax Provision": 35004000.0,
        "Pretax Income": 166594000.0,
        "Other Income Expense": NaN,
        "Other Non Operating Income Expenses": NaN,
        "Special Income Charges": 0.0,
        "Net Non Operating Interest Income Expense": -701000.0,
        "Total Other Finance Cost": 701000.0,
        "Interest Expense Non Operating": 701000.0,
        "Interest Income Non Operating": NaN,
        "Operating Income": 167295000.0,
        "Operating Expense": 104620000.0,
        "Selling General And Administration": 104620000.0,
        "Selling And Marketing Expense": 46373000.0,
        "General And Administrative Expense": 58247000.0,
        "Other Gand A": 58247000.0,
        "Gross Profit": 271915000.0,
        "Cost Of Revenue": 741013000.0,
        "Total Revenue": 1012928000.0,
        "Operating Revenue": 1012928000.0
    },
    "2022-06-30": {
        "Tax Effect Of Unusual Items": 0.0,
        "Tax Rate For Calcs": 0.248857,
        "Normalized EBITDA": 182866000.0,
        "Total Unusual Items": NaN,
        "Total Unusual Items Excluding Goodwill": NaN,
        "Net Income From Continuing Operation Net Minority Interest": 136838000.0,
        "Reconciled Depreciation": 3641000.0,
        "Reconciled Cost Of Revenue": 756367000.0,
        "EBITDA": 182866000.0,
        "EBIT": 182866000.0,
        "Net Interest Income": -693000.0,
        "Interest Expense": 693000.0,
        "Interest Income": NaN,
        "Normalized Income": 136838000.0,
        "Net Income From Continuing And Discontinued Operation": 136838000.0,
        "Total Expenses": 857789000.0,
        "Total Operating Income As Reported": 182865000.0,
        "Diluted Average Shares": 28590000.0,
        "Basic Average Shares": 28041000.0,
        "Diluted EPS": 4.79,
        "Basic EPS": 4.88,
        "Diluted NI Availto Com Stockholders": 136838000.0,
        "Net Income Common Stockholders": 136838000.0,
        "Net Income": 136838000.0,
        "Net Income Including Noncontrolling Interests": 136838000.0,
        "Net Income Continuous Operations": 136838000.0,
        "Tax Provision": 45335000.0,
        "Pretax Income": 182173000.0,
        "Other Income Expense": 1000.0,
        "Other Non Operating Income Expenses": 1000.0,
        "Special Income Charges": NaN,
        "Net Non Operating Interest Income Expense": -693000.0,
        "Total Other Finance Cost": NaN,
        "Interest Expense Non Operating": 693000.0,
        "Interest Income Non Operating": NaN,
        "Operating Income": 182865000.0,
        "Operating Expense": 101422000.0,
        "Selling General And Administration": 101422000.0,
        "Selling And Marketing Expense": 46206000.0,
        "General And Administrative Expense": 55216000.0,
        "Other Gand A": 55216000.0,
        "Gross Profit": 284287000.0,
        "Cost Of Revenue": 756367000.0,
        "Total Revenue": 1040654000.0,
        "Operating Revenue": 1040654000.0
    },
    "2022-03-31": {
        "Diluted EPS": 3.16,
        "Total Revenue": 861,
        "Gross Profit": 213,
        "Operating Income": 123,
        "EBIT": 127,
        "Net Income": 92
    },
    "2021-12-31": {
        "Diluted EPS": 3.82,
        "Total Revenue": NaN,
        "Gross Profit": 244,
        "Operating Income": 140,
        "EBIT": 144,
        "Net Income": 113
    },
    "2021-09-30": {
        "Diluted EPS": 3.03,
        "Total Revenue": 904,
        "Gross Profit": 222,
        "Operating Income": 125,
        "EBIT": 130,
        "Net Income": 91
    },
    "2021-06-30": {
        "Diluted EPS": 3.58,
        "Total Revenue": 961,
        "Gross Profit": 241,
        "Operating Income": 142,
        "EBIT": 146,
        "Net Income": 108
    },
    "2021-03-31": {
        "Diluted EPS": 2.85,
        "Total Revenue": 829,
        "Gross Profit": 202,
        "Operating Income": 111,
        "EBIT": 115,
        "Net Income": 85
    },
    "2020-12-31": {
        "Diluted EPS": 2.74,
        "Total Revenue": 906,
        "Gross Profit": 217,
        "Operating Income": 103,
        "EBIT": 107,
        "Net Income": 80
    },
    "2020-09-30": {
        "Diluted EPS": 2.51,
        "Total Revenue": 848,
        "Gross Profit": 195,
        "Operating Income": 96,
        "EBIT": 101,
        "Net Income": 74
    },
    "2020-06-30": {
        "Diluted EPS": 1.89,
        "Total Revenue": 714,
        "Gross Profit": 156,
        "Operating Income": 74,
        "EBIT": 78,
        "Net Income": 55
    },
    "2020-03-31": {
        "Diluted EPS": 1.09,
        "Total Revenue": 578,
        "Gross Profit": 117,
        "Operating Income": 46,
        "EBIT": 50,
        "Net Income": 32
    },
    "2019-12-31": {
        "Diluted EPS": 1.45,
        "Total Revenue": 742,
        "Gross Profit": 148,
        "Operating Income": 56,
        "EBIT": 60,
        "Net Income": 42
    },
    "2019-09-30": {
        "Diluted EPS": 1.32,
        "Total Revenue": 653,
        "Gross Profit": 134,
        "Operating Income": 55,
        "EBIT": 59,
        "Net Income": 38
    },
    "2019-06-30": {
        "Diluted EPS": 1.08,
        "Total Revenue": 624,
        "Gross Profit": 120,
        "Operating Income": 46,
        "EBIT": 50,
        "Net Income": 30
    },
    "2019-03-31": {
        "Diluted EPS": 0.63,
        "Total Revenue": 481,
        "Gross Profit": 93,
        "Operating Income": 30,
        "EBIT": 34,
        "Net Income": 18
    },
    "2018-12-31": {
        "Diluted EPS": 1.13,
        "Total Revenue": 722,
        "Gross Profit": 136,
        "Operating Income": 50,
        "EBIT": 53,
        "Net Income": 32
    },
    "2018-09-30": {
        "Diluted EPS": 1.01,
        "Total Revenue": 568,
        "Gross Profit": 116,
        "Operating Income": 44,
        "EBIT": 48,
        "Net Income": 29
    },
    "2018-06-30": {
        "Diluted EPS": 0.96,
        "Total Revenue": 558,
        "Gross Profit": 109,
        "Operating Income": 39,
        "EBIT": 42,
        "Net Income": 28
    },
    "2018-03-31": {
        "Diluted EPS": 0.6,
        "Total Revenue": 438,
        "Gross Profit": 89,
        "Operating Income": 31,
        "EBIT": 35,
        "Net Income": 18
    },
    "2017-12-31": {
        "Diluted EPS": 0.52,
        "Total Revenue": 622,
        "Gross Profit": 123,
        "Operating Income": 39,
        "EBIT": 42,
        "Net Income": 16
    },
    "2017-09-30": {
        "Diluted EPS": 0.64,
        "Total Revenue": 476,
        "Gross Profit": 102,
        "Operating Income": 39,
        "EBIT": 43,
        "Net Income": 19
    },
    "2017-06-30": {
        "Diluted EPS": 0.55,
        "Total Revenue": 457,
        "Gross Profit": 89,
        "Operating Income": 29,
        "EBIT": 32,
        "Net Income": 16
    },
    "2017-03-31": {
        "Diluted EPS": 0.55,
        "Total Revenue": 407,
        "Gross Profit": 87,
        "Operating Income": 32,
        "EBIT": 35,
        "Net Income": 16
    },
    "2016-12-31": {
        "Diluted EPS": 0.67,
        "Total Revenue": 523,
        "Gross Profit": 109,
        "Operating Income": 38,
        "EBIT": 41,
        "Net Income": 19
    },
    "2016-09-30": {
        "Diluted EPS": 0.35,
        "Total Revenue": 442,
        "Gross Profit": 79,
        "Operating Income": 22,
        "EBIT": 26,
        "Net Income": 10
    },
    "2016-06-30": {
        "Diluted EPS": 0.52,
        "Total Revenue": 401,
        "Gross Profit": 82,
        "Operating Income": 29,
        "EBIT": 33,
        "Net Income": 15
    },
    "2016-03-31": {
        "Diluted EPS": 0.3,
        "Total Revenue": 324,
        "Gross Profit": 64,
        "Operating Income": 20,
        "EBIT": 23,
        "Net Income": 8
    },
    "2015-12-31": {
        "Diluted EPS": 0.43,
        "Total Revenue": 469,
        "Gross Profit": 98,
        "Operating Income": 36,
        "EBIT": 39,
        "Net Income": 12
    },
    "2015-09-30": {
        "Diluted EPS": 0.51,
        "Total Revenue": 363,
        "Gross Profit": 78,
        "Operating Income": 30,
        "EBIT": 33,
        "Net Income": 14
    },
    "2015-06-30": {
        "Diluted EPS": 0.43,
        "Total Revenue": 323,
        "Gross Profit": 70,
        "Operating Income": 26,
        "EBIT": 28,
        "Net Income": 12
    },
    "2015-03-31": {
        "Diluted EPS": 0.31,
        "Total Revenue": 263,
        "Gross Profit": 57,
        "Operating Income": 20,
        "EBIT": 23,
        "Net Income": 8
    },
    "2014-12-31": {
        "Diluted EPS": 0.36,
        "Total Revenue": 368,
        "Gross Profit": 76,
        "Operating Income": 23,
        "EBIT": 26,
        "Net Income": 10
    },
    "2014-09-30": {
        "Diluted EPS": 0.44,
        "Total Revenue": 331,
        "Gross Profit": 69,
        "Operating Income": 25,
        "EBIT": 27,
        "Net Income": 12
    },
    "2014-06-30": {
        "Diluted EPS": 0.44,
        "Total Revenue": 282,
        "Gross Profit": 60,
        "Operating Income": 18,
        "EBIT": 20,
        "Net Income": 12
    },
    "2014-03-31": {
        "Diluted EPS": 0.41,
        "Total Revenue": 235,
        "Gross Profit": 51,
        "Operating Income": 17,
        "EBIT": 19,
        "Net Income": 11
    },
    "2013-12-31": {
        "Diluted EPS": 0.66,
        "Total Revenue": 336,
        "Gross Profit": 69,
        "Operating Income": 19,
        "EBIT": 21,
        "Net Income": 13
    },
    "2013-09-30": {
        "Diluted EPS": 4.22,
        "Total Revenue": 275,
        "Gross Profit": 57,
        "Operating Income": 19,
        "EBIT": 21,
        "Net Income": 124
    },
    "2013-06-30": {
        "Diluted EPS": 0.25,
        "Total Revenue": 235,
        "Gross Profit": 47,
        "Operating Income": 12,
        "EBIT": 14,
        "Net Income": 6
    },
    "2013-03-31": {
        "Diluted EPS": 0.11,
        "Total Revenue": 191,
        "Gross Profit": 39,
        "Operating Income": 9,
        "EBIT": 11,
        "Net Income": 2
    },
    "2012-12-31": {
        "Diluted EPS": 0.25,
        "Total Revenue": 251,
        "Gross Profit": 49,
        "Operating Income": 9,
        "EBIT": 12,
        "Net Income": 5
    },
    "2012-09-30": {
        "Diluted EPS": 0.42,
        "Total Revenue": 209,
        "Gross Profit": 44,
        "Operating Income": 12,
        "EBIT": 15,
        "Net Income": 8
    },
    "2012-06-30": {
        "Diluted EPS": 0.17,
        "Total Revenue": 171,
        "Gross Profit": 34,
        "Operating Income": 7,
        "EBIT": 9,
        "Net Income": 3
    },
    "2012-03-31": {
        "Diluted EPS": -0.17,
        "Total Revenue": 131,
        "Gross Profit": 24,
        "Operating Income": 0,
        "EBIT": 2,
        "Net Income": -3
    },
    "2011-12-31": {
        "Diluted EPS": -0.15,
        "Total Revenue": 177,
        "Gross Profit": 33,
        "Operating Income": 1,
        "EBIT": 3,
        "Net Income": -3
    },
    "2011-09-30": {
        "Diluted EPS": -0.25,
        "Total Revenue": 142,
        "Gross Profit": 25,
        "Operating Income": -1,
        "EBIT": 0,
        "Net Income": -5
    },
    "2011-06-30": {
        "Diluted EPS": -0.49,
        "Total Revenue": 137,
        "Gross Profit": 23,
        "Operating Income": -6,
        "EBIT": -4,
        "Net Income": -9
    },
    "2011-03-31": {
        "Diluted EPS": -0.92,
        "Total Revenue": 111,
        "Gross Profit": 18,
        "Operating Income": -13,
        "EBIT": -11,
        "Net Income": -17
    },
    "2010-12-31": {
        "Diluted EPS": -0.6,
        "Total Revenue": 165,
        "Gross Profit": 27,
        "Operating Income": -1,
        "EBIT": 1,
        "Net Income": -11
    },
    "2010-09-30": {
        "Diluted EPS": -0.11,
        "Total Revenue": 136,
        "Gross Profit": 27,
        "Operating Income": 0,
        "EBIT": 2,
        "Net Income": -2
    },
    "2010-06-30": {
        "Diluted EPS": -0.26,
        "Total Revenue": 196,
        "Gross Profit": 31,
        "Operating Income": -3,
        "EBIT": -1,
        "Net Income": -5
    },
    "2010-03-31": {
        "Diluted EPS": -0.45,
        "Total Revenue": 119,
        "Gross Profit": 20,
        "Operating Income": -7,
        "EBIT": -5,
        "Net Income": -8
    },
    "2009-12-31": {
        "Diluted EPS": 0.7,
        "Total Revenue": 205,
        "Gross Profit": 31,
        "Operating Income": -22,
        "EBIT": -20,
        "Net Income": 7
    },
    "2009-09-30": {
        "Diluted EPS": -1.14,
        "Total Revenue": 153,
        "Gross Profit": 21,
        "Operating Income": -20,
        "EBIT": -18,
        "Net Income": -21
    },
    "2009-06-30": {
        "Diluted EPS": -1.26,
        "Total Revenue": 116,
        "Gross Profit": 15,
        "Operating Income": -18,
        "EBIT": -16,
        "Net Income": -20
    },
    "2009-03-31": {
        "Diluted EPS": -2.01,
        "Total Revenue": 96,
        "Gross Profit": 8,
        "Operating Income": -24,
        "EBIT": -22,
        "Net Income": -28
    },
    "2023-09-30": {
        "Tax Effect Of Unusual Items": 0.0,
        "Tax Rate For Calcs": 0.218853,
        "Normalized EBITDA": 172131000.0,
        "Total Unusual Items": NaN,
        "Total Unusual Items Excluding Goodwill": NaN,
        "Net Income From Continuing Operation Net Minority Interest": 139016000.0,
        "Reconciled Depreciation": NaN,
        "Reconciled Cost Of Revenue": 764638000.0,
        "EBITDA": 172131000.0,
        "EBIT": 172131000.0,
        "Net Interest Income": 5834000.0,
        "Interest Expense": NaN,
        "Interest Income": NaN,
        "Normalized Income": 139016000.0,
        "Net Income From Continuing And Discontinued Operation": 139016000.0,
        "Total Expenses": 874240000.0,
        "Total Operating Income As Reported": 172131000.0,
        "Diluted Average Shares": 28837000.0,
        "Basic Average Shares": 27909000.0,
        "Diluted EPS": 4.82,
        "Basic EPS": 4.98,
        "Diluted NI Availto Com Stockholders": 139016000.0,
        "Net Income Common Stockholders": 139016000.0,
        "Net Income": 139016000.0,
        "Net Income Including Noncontrolling Interests": 139016000.0,
        "Net Income Continuous Operations": 139016000.0,
        "Tax Provision": 38948000.0,
        "Pretax Income": 177964000.0,
        "Other Income Expense": -1000.0,
        "Other Non Operating Income Expenses": -1000.0,
        "Special Income Charges": NaN,
        "Net Non Operating Interest Income Expense": 5834000.0,
        "Total Other Finance Cost": -5834000.0,
        "Interest Expense Non Operating": NaN,
        "Interest Income Non Operating": NaN,
        "Operating Income": 172131000.0,
        "Operating Expense": 109602000.0,
        "Selling General And Administration": 109602000.0,
        "Selling And Marketing Expense": 53735000.0,
        "General And Administrative Expense": 55867000.0,
        "Other Gand A": 55867000.0,
        "Gross Profit": 281733000.0,
        "Cost Of Revenue": 764638000.0,
        "Total Revenue": 1046371000.0,
        "Operating Revenue": 1046371000.0
    }
}