{
    "2023-03-31": {
        "Tax Effect Of Unusual Items": 147902.37,
        "Tax Rate For Calcs": 0.21,
        "Normalized EBITDA": -2113649.0,
        "Total Unusual Items": 704297.0,
        "Total Unusual Items Excluding Goodwill": 704297.0,
        "Net Income From Continuing Operation Net Minority Interest": -2985560.0,
        "Reconciled Depreciation": 54798.0,
        "Reconciled Cost Of Revenue": 2609504.0,
        "EBITDA": -1409352.0,
        "EBIT": -1464150.0,
        "Net Interest Income": -40036.0,
        "Interest Expense": 18869.0,
        "Normalized Income": -3541954.63,
        "Net Income From Continuing And Discontinued Operation": -2985560.0,
        "Total Expenses": 5530350.0,
        "Total Operating Income As Reported": -2147280.0,
        "Diluted Average Shares": NaN,
        "Basic Average Shares": NaN,
        "Diluted EPS": NaN,
        "Basic EPS": NaN,
        "Diluted NI Availto Com Stockholders": -2985560.0,
        "Net Income Common Stockholders": -2985560.0,
        "Net Income": -2985560.0,
        "Net Income Including Noncontrolling Interests": -2985560.0,
        "Net Income Continuous Operations": -2985560.0,
        "Tax Provision": 1502541.0,
        "Pretax Income": -1483019.0,
        "Other Income Expense": 704297.0,
        "Special Income Charges": 704297.0,
        "Gain On Sale Of Ppe": NaN,
        "Other Special Charges": -704297.0,
        "Impairment Of Capital Assets": NaN,
        "Net Non Operating Interest Income Expense": -40036.0,
        "Total Other Finance Cost": 21167.0,
        "Interest Expense Non Operating": 18869.0,
        "Operating Income": -2147280.0,
        "Operating Expense": 2920846.0,
        "Depreciation Amortization Depletion Income Statement": 54798.0,
        "Depreciation And Amortization In Income Statement": 54798.0,
        "Depreciation Income Statement": 54798.0,
        "Selling General And Administration": 2866048.0,
        "Selling And Marketing Expense": 812408.0,
        "General And Administrative Expense": 2053640.0,
        "Other Gand A": 2053640.0,
        "Gross Profit": 773566.0,
        "Cost Of Revenue": 2609504.0,
        "Total Revenue": 3383070.0,
        "Operating Revenue": 3383070.0
    },
    "2022-12-31": {
        "Tax Effect Of Unusual Items": NaN,
        "Tax Rate For Calcs": NaN,
        "Normalized EBITDA": NaN,
        "Total Unusual Items": NaN,
        "Total Unusual Items Excluding Goodwill": NaN,
        "Net Income From Continuing Operation Net Minority Interest": NaN,
        "Reconciled Depreciation": NaN,
        "Reconciled Cost Of Revenue": NaN,
        "EBITDA": NaN,
        "EBIT": NaN,
        "Net Interest Income": NaN,
        "Interest Expense": NaN,
        "Normalized Income": NaN,
        "Net Income From Continuing And Discontinued Operation": NaN,
        "Total Expenses": NaN,
        "Total Operating Income As Reported": NaN,
        "Diluted Average Shares": 3125979.0,
        "Basic Average Shares": 3125979.0,
        "Diluted EPS": -0.62,
        "Basic EPS": -0.62,
        "Diluted NI Availto Com Stockholders": NaN,
        "Net Income Common Stockholders": NaN,
        "Net Income": NaN,
        "Net Income Including Noncontrolling Interests": NaN,
        "Net Income Continuous Operations": NaN,
        "Tax Provision": NaN,
        "Pretax Income": NaN,
        "Other Income Expense": -134683.0,
        "Special Income Charges": NaN,
        "Gain On Sale Of Ppe": NaN,
        "Other Special Charges": 134683.0,
        "Impairment Of Capital Assets": NaN,
        "Net Non Operating Interest Income Expense": NaN,
        "Total Other Finance Cost": 17638.0,
        "Interest Expense Non Operating": NaN,
        "Operating Income": NaN,
        "Operating Expense": NaN,
        "Depreciation Amortization Depletion Income Statement": 52816.0,
        "Depreciation And Amortization In Income Statement": 52816.0,
        "Depreciation Income Statement": 52816.0,
        "Selling General And Administration": NaN,
        "Selling And Marketing Expense": NaN,
        "General And Administrative Expense": NaN,
        "Other Gand A": NaN,
        "Gross Profit": NaN,
        "Cost Of Revenue": NaN,
        "Total Revenue": NaN,
        "Operating Revenue": NaN
    },
    "2022-09-30": {
        "Tax Effect Of Unusual Items": NaN,
        "Tax Rate For Calcs": NaN,
        "Normalized EBITDA": NaN,
        "Total Unusual Items": 0.0,
        "Total Unusual Items Excluding Goodwill": 0.0,
        "Net Income From Continuing Operation Net Minority Interest": NaN,
        "Reconciled Depreciation": NaN,
        "Reconciled Cost Of Revenue": NaN,
        "EBITDA": NaN,
        "EBIT": NaN,
        "Net Interest Income": NaN,
        "Interest Expense": NaN,
        "Normalized Income": NaN,
        "Net Income From Continuing And Discontinued Operation": NaN,
        "Total Expenses": NaN,
        "Total Operating Income As Reported": NaN,
        "Diluted Average Shares": 3610188.0,
        "Basic Average Shares": 3071131.0,
        "Diluted EPS": 0.08,
        "Basic EPS": 0.1,
        "Diluted NI Availto Com Stockholders": NaN,
        "Net Income Common Stockholders": NaN,
        "Net Income": NaN,
        "Net Income Including Noncontrolling Interests": NaN,
        "Net Income Continuous Operations": NaN,
        "Tax Provision": NaN,
        "Pretax Income": NaN,
        "Other Income Expense": NaN,
        "Special Income Charges": 0.0,
        "Gain On Sale Of Ppe": 0.0,
        "Other Special Charges": NaN,
        "Net Non Operating Interest Income Expense": NaN,
        "Total Other Finance Cost": NaN,
        "Interest Expense Non Operating": NaN,
        "Operating Income": NaN,
        "Operating Expense": NaN,
        "Depreciation Amortization Depletion Income Statement": 62323.0,
        "Depreciation And Amortization In Income Statement": 62323.0,
        "Depreciation Income Statement": 62323.0,
        "Selling General And Administration": NaN,
        "Selling And Marketing Expense": NaN,
        "General And Administrative Expense": NaN,
        "Other Gand A": NaN,
        "Gross Profit": NaN,
        "Cost Of Revenue": NaN,
        "Total Revenue": NaN,
        "Operating Revenue": NaN
    },
    "2022-06-30": {
        "Tax Effect Of Unusual Items": 0.0,
        "Tax Rate For Calcs": 0.240988,
        "Normalized EBITDA": 197096.0,
        "Total Unusual Items": 0.0,
        "Total Unusual Items Excluding Goodwill": 0.0,
        "Net Income From Continuing Operation Net Minority Interest": -16003.0,
        "Reconciled Depreciation": 58067.0,
        "Reconciled Cost Of Revenue": 8511524.0,
        "EBITDA": 197096.0,
        "EBIT": 139029.0,
        "Net Interest Income": -167926.0,
        "Interest Expense": 160113.0,
        "Normalized Income": -16003.0,
        "Net Income From Continuing And Discontinued Operation": -16003.0,
        "Total Expenses": 11545212.0,
        "Total Operating Income As Reported": 146842.0,
        "Diluted Average Shares": 1911485.0,
        "Basic Average Shares": 1911485.0,
        "Diluted EPS": -0.01,
        "Basic EPS": -0.01,
        "Diluted NI Availto Com Stockholders": -16003.0,
        "Net Income Common Stockholders": -16003.0,
        "Net Income": -16003.0,
        "Net Income Including Noncontrolling Interests": -16003.0,
        "Net Income Continuous Operations": -16003.0,
        "Tax Provision": -5081.0,
        "Pretax Income": -21084.0,
        "Other Income Expense": NaN,
        "Special Income Charges": 0.0,
        "Other Special Charges": NaN,
        "Net Non Operating Interest Income Expense": -167926.0,
        "Total Other Finance Cost": 7813.0,
        "Interest Expense Non Operating": 160113.0,
        "Operating Income": 146842.0,
        "Operating Expense": 3033688.0,
        "Depreciation Amortization Depletion Income Statement": 58067.0,
        "Depreciation And Amortization In Income Statement": 58067.0,
        "Depreciation Income Statement": 58067.0,
        "Selling General And Administration": 2975621.0,
        "Selling And Marketing Expense": 605197.0,
        "General And Administrative Expense": 2370424.0,
        "Other Gand A": 2370424.0,
        "Gross Profit": 3180530.0,
        "Cost Of Revenue": 8511524.0,
        "Total Revenue": 11692054.0,
        "Operating Revenue": 11692054.0
    },
    "2022-03-31": {
        "Diluted EPS": -1.0,
        "Total Revenue": 3,
        "Gross Profit": 1,
        "Operating Income": -2,
        "EBIT": -2,
        "Net Income": -2
    },
    "2021-12-31": {
        "Diluted EPS": 0.8,
        "Total Revenue": 21,
        "Gross Profit": 5,
        "Operating Income": 2,
        "EBIT": 2,
        "Net Income": 1
    },
    "2021-09-30": {
        "Diluted EPS": 0.43,
        "Total Revenue": 17,
        "Gross Profit": 3,
        "Operating Income": 1,
        "EBIT": 1,
        "Net Income": 1
    },
    "2021-06-30": {
        "Diluted EPS": -0.09,
        "Total Revenue": 6,
        "Gross Profit": 2,
        "Operating Income": 0,
        "EBIT": 0,
        "Net Income": 0
    },
    "2021-03-31": {
        "Diluted EPS": -0.73,
        "Total Revenue": 3,
        "Gross Profit": 1,
        "Operating Income": -2,
        "EBIT": -2,
        "Net Income": -1
    },
    "2020-12-31": {
        "Diluted EPS": 0.9,
        "Total Revenue": 17,
        "Gross Profit": 5,
        "Operating Income": 1,
        "EBIT": 2,
        "Net Income": 1
    },
    "2020-09-30": {
        "Diluted EPS": 1.8,
        "Total Revenue": 22,
        "Gross Profit": 6,
        "Operating Income": 2,
        "EBIT": 3,
        "Net Income": 2
    },
    "2020-06-30": {
        "Diluted EPS": -0.3,
        "Total Revenue": 3,
        "Gross Profit": 1,
        "Operating Income": -1,
        "EBIT": -1,
        "Net Income": 0
    },
    "2020-03-31": {
        "Diluted EPS": -1.5,
        "Total Revenue": 0,
        "Gross Profit": -1,
        "Operating Income": -2,
        "EBIT": -2,
        "Net Income": -2
    },
    "2019-12-31": {
        "Diluted EPS": -0.6,
        "Total Revenue": 14,
        "Gross Profit": 2,
        "Operating Income": -1,
        "EBIT": -1,
        "Net Income": -1
    },
    "2019-09-30": {
        "Diluted EPS": 0.6,
        "Total Revenue": 20,
        "Gross Profit": 6,
        "Operating Income": 1,
        "EBIT": 1,
        "Net Income": 1
    },
    "2019-06-30": {
        "Diluted EPS": -0.6,
        "Total Revenue": 5,
        "Gross Profit": 1,
        "Operating Income": -1,
        "EBIT": -1,
        "Net Income": -1
    },
    "2019-03-31": {
        "Diluted EPS": -0.3,
        "Total Revenue": 1,
        "Gross Profit": 1,
        "Operating Income": -1,
        "EBIT": -1,
        "Net Income": -1
    },
    "2018-12-31": {
        "Diluted EPS": 0.9,
        "Total Revenue": 19,
        "Gross Profit": 6,
        "Operating Income": 2,
        "EBIT": 2,
        "Net Income": 1
    },
    "2018-09-30": {
        "Diluted EPS": 0.9,
        "Total Revenue": 24,
        "Gross Profit": 5,
        "Operating Income": 2,
        "EBIT": 2,
        "Net Income": 1
    },
    "2018-06-30": {
        "Diluted EPS": -0.9,
        "Total Revenue": 2,
        "Gross Profit": 0,
        "Operating Income": -1,
        "EBIT": -1,
        "Net Income": -1
    },
    "2018-03-31": {
        "Diluted EPS": -1.2,
        "Total Revenue": 3,
        "Gross Profit": 1,
        "Operating Income": -2,
        "EBIT": -2,
        "Net Income": -1
    },
    "2017-12-31": {
        "Diluted EPS": 0.9,
        "Total Revenue": 21,
        "Gross Profit": 6,
        "Operating Income": 2,
        "EBIT": 2,
        "Net Income": 1
    },
    "2017-09-30": {
        "Diluted EPS": 0.6,
        "Total Revenue": 33,
        "Gross Profit": 8,
        "Operating Income": 1,
        "EBIT": 1,
        "Net Income": 1
    },
    "2017-06-30": {
        "Diluted EPS": -0.3,
        "Total Revenue": 4,
        "Gross Profit": 1,
        "Operating Income": -1,
        "EBIT": -1,
        "Net Income": -1
    },
    "2017-03-31": {
        "Diluted EPS": -0.9,
        "Total Revenue": 4,
        "Gross Profit": 1,
        "Operating Income": -1,
        "EBIT": -1,
        "Net Income": -1
    },
    "2016-12-31": {
        "Diluted EPS": 0.9,
        "Total Revenue": 16,
        "Gross Profit": 5,
        "Operating Income": 2,
        "EBIT": 2,
        "Net Income": 1
    },
    "2016-09-30": {
        "Diluted EPS": 1.5,
        "Total Revenue": 28,
        "Gross Profit": 7,
        "Operating Income": 3,
        "EBIT": 3,
        "Net Income": 2
    },
    "2016-06-30": {
        "Diluted EPS": -0.3,
        "Total Revenue": 5,
        "Gross Profit": 1,
        "Operating Income": -1,
        "EBIT": -1,
        "Net Income": 0
    },
    "2016-03-31": {
        "Diluted EPS": -0.9,
        "Total Revenue": 4,
        "Gross Profit": 1,
        "Operating Income": -1,
        "EBIT": -1,
        "Net Income": -1
    },
    "2015-12-31": {
        "Diluted EPS": 1.5,
        "Total Revenue": 21,
        "Gross Profit": 6,
        "Operating Income": 2,
        "EBIT": 2,
        "Net Income": 2
    },
    "2015-09-30": {
        "Diluted EPS": 0.9,
        "Total Revenue": 21,
        "Gross Profit": 5,
        "Operating Income": 2,
        "EBIT": 2,
        "Net Income": 1
    },
    "2015-06-30": {
        "Diluted EPS": -0.3,
        "Total Revenue": 3,
        "Gross Profit": 1,
        "Operating Income": -1,
        "EBIT": -1,
        "Net Income": 0
    },
    "2015-03-31": {
        "Diluted EPS": -0.9,
        "Total Revenue": 3,
        "Gross Profit": 1,
        "Operating Income": -1,
        "EBIT": -1,
        "Net Income": -1
    },
    "2014-12-31": {
        "Diluted EPS": 0.9,
        "Total Revenue": 18,
        "Gross Profit": 4,
        "Operating Income": 2,
        "EBIT": 2,
        "Net Income": 1
    },
    "2014-09-30": {
        "Diluted EPS": 0.3,
        "Total Revenue": 16,
        "Gross Profit": 3,
        "Operating Income": 1,
        "EBIT": 1,
        "Net Income": 0
    },
    "2014-06-30": {
        "Diluted EPS": -0.3,
        "Total Revenue": 3,
        "Gross Profit": 1,
        "Operating Income": -1,
        "EBIT": -1,
        "Net Income": -1
    },
    "2014-03-31": {
        "Diluted EPS": 0.3,
        "Total Revenue": 2,
        "Gross Profit": 0,
        "Operating Income": -1,
        "EBIT": -1,
        "Net Income": 0
    },
    "2013-12-31": {
        "Diluted EPS": 0.6,
        "Total Revenue": 17,
        "Gross Profit": 4,
        "Operating Income": 1,
        "EBIT": 2,
        "Net Income": 1
    },
    "2013-09-30": {
        "Diluted EPS": 0.3,
        "Total Revenue": 11,
        "Gross Profit": 2,
        "Operating Income": 1,
        "EBIT": 1,
        "Net Income": 0
    },
    "2013-06-30": {
        "Diluted EPS": -0.3,
        "Total Revenue": 1,
        "Gross Profit": 0,
        "Operating Income": -1,
        "EBIT": -1,
        "Net Income": -1
    },
    "2013-03-31": {
        "Diluted EPS": 0.3,
        "Total Revenue": 2,
        "Gross Profit": 0,
        "Operating Income": -1,
        "EBIT": -1,
        "Net Income": 1
    },
    "2012-12-31": {
        "Diluted EPS": 1.2,
        "Total Revenue": 17,
        "Gross Profit": 4,
        "Operating Income": 1,
        "EBIT": 1,
        "Net Income": 1
    },
    "2012-09-30": {
        "Diluted EPS": 1.2,
        "Total Revenue": 14,
        "Gross Profit": 3,
        "Operating Income": 1,
        "EBIT": 1,
        "Net Income": 1
    },
    "2012-06-30": {
        "Diluted EPS": -0.3,
        "Total Revenue": 2,
        "Gross Profit": 0,
        "Operating Income": 0,
        "EBIT": 0,
        "Net Income": 0
    },
    "2012-03-31": {
        "Diluted EPS": -0.6,
        "Total Revenue": 1,
        "Gross Profit": 0,
        "Operating Income": -1,
        "EBIT": -1,
        "Net Income": -1
    },
    "2011-12-31": {
        "Diluted EPS": 0.0,
        "Total Revenue": 9,
        "Gross Profit": 2,
        "Operating Income": 0,
        "EBIT": 0,
        "Net Income": 0
    },
    "2011-09-30": {
        "Diluted EPS": 1.2,
        "Total Revenue": 14,
        "Gross Profit": 3,
        "Operating Income": 1,
        "EBIT": 1,
        "Net Income": 1
    },
    "2011-06-30": {
        "Diluted EPS": -0.3,
        "Total Revenue": 2,
        "Gross Profit": 0,
        "Operating Income": -1,
        "EBIT": 0,
        "Net Income": -1
    },
    "2011-03-31": {
        "Diluted EPS": -0.3,
        "Total Revenue": 2,
        "Gross Profit": 0,
        "Operating Income": -1,
        "EBIT": 0,
        "Net Income": -1
    },
    "2010-12-31": {
        "Diluted EPS": 0.0,
        "Total Revenue": 7,
        "Gross Profit": 2,
        "Operating Income": 0,
        "EBIT": 0,
        "Net Income": 0
    },
    "2010-09-30": {
        "Diluted EPS": 0.3,
        "Total Revenue": 8,
        "Gross Profit": 2,
        "Operating Income": 0,
        "EBIT": 0,
        "Net Income": 0
    },
    "2010-06-30": {
        "Diluted EPS": -0.3,
        "Total Revenue": 2,
        "Gross Profit": 1,
        "Operating Income": 0,
        "EBIT": 0,
        "Net Income": 0
    },
    "2010-03-31": {
        "Diluted EPS": -1.2,
        "Total Revenue": 1,
        "Gross Profit": 0,
        "Operating Income": -1,
        "EBIT": -1,
        "Net Income": -1
    },
    "2009-12-31": {
        "Diluted EPS": 0.3,
        "Total Revenue": 12,
        "Gross Profit": 3,
        "Operating Income": 0,
        "EBIT": 0,
        "Net Income": 0
    },
    "2009-09-30": {
        "Diluted EPS": -0.3,
        "Total Revenue": 7,
        "Gross Profit": 1,
        "Operating Income": 0,
        "EBIT": 0,
        "Net Income": 0
    },
    "2009-06-30": {
        "Diluted EPS": -1.2,
        "Total Revenue": 1,
        "Gross Profit": 0,
        "Operating Income": -2,
        "EBIT": -1,
        "Net Income": -2
    },
    "2009-03-31": {
        "Diluted EPS": -1.8,
        "Total Revenue": 1,
        "Gross Profit": 0,
        "Operating Income": -2,
        "EBIT": -2,
        "Net Income": -2
    },
    "2023-06-30": {
        "Tax Effect Of Unusual Items": 0.0,
        "Tax Rate For Calcs": 0.0,
        "Normalized EBITDA": -2247546.0,
        "Total Unusual Items": 0.0,
        "Total Unusual Items Excluding Goodwill": 0.0,
        "Net Income From Continuing Operation Net Minority Interest": -2460000.0,
        "Reconciled Depreciation": 183454.0,
        "Reconciled Cost Of Revenue": 2096000.0,
        "EBITDA": -2247546.0,
        "EBIT": -2431000.0,
        "Net Interest Income": -29000.0,
        "Interest Expense": 29000.0,
        "Normalized Income": -2460000.0,
        "Net Income From Continuing And Discontinued Operation": -2460000.0,
        "Total Expenses": 5056000.0,
        "Total Operating Income As Reported": -2431000.0,
        "Diluted Average Shares": 3872447.0,
        "Basic Average Shares": 3872447.0,
        "Diluted EPS": -0.64,
        "Basic EPS": -0.64,
        "Diluted NI Availto Com Stockholders": -2460000.0,
        "Net Income Common Stockholders": -2460000.0,
        "Net Income": -2460000.0,
        "Net Income Including Noncontrolling Interests": -2460000.0,
        "Net Income Continuous Operations": -2460000.0,
        "Tax Provision": 0.0,
        "Pretax Income": -2460000.0,
        "Other Income Expense": NaN,
        "Special Income Charges": 0.0,
        "Gain On Sale Of Ppe": NaN,
        "Other Special Charges": NaN,
        "Impairment Of Capital Assets": 0.0,
        "Net Non Operating Interest Income Expense": -29000.0,
        "Total Other Finance Cost": NaN,
        "Interest Expense Non Operating": 29000.0,
        "Operating Income": -2431000.0,
        "Operating Expense": 2960000.0,
        "Depreciation Amortization Depletion Income Statement": 183454.0,
        "Depreciation And Amortization In Income Statement": 183454.0,
        "Depreciation Income Statement": 183454.0,
        "Selling General And Administration": 2960000.0,
        "Selling And Marketing Expense": 445000.0,
        "General And Administrative Expense": 2515000.0,
        "Other Gand A": 2515000.0,
        "Gross Profit": 529000.0,
        "Cost Of Revenue": 2096000.0,
        "Total Revenue": 2625000.0,
        "Operating Revenue": 2625000.0
    },
    "2023-09-30": {
        "Tax Effect Of Unusual Items": 0.0,
        "Tax Rate For Calcs": 0.0,
        "Normalized EBITDA": 590030.0,
        "Total Unusual Items": 44296.0,
        "Total Unusual Items Excluding Goodwill": 44296.0,
        "Net Income From Continuing Operation Net Minority Interest": 97535.0,
        "Reconciled Depreciation": 484080.0,
        "Reconciled Cost Of Revenue": 12196677.0,
        "EBITDA": 634326.0,
        "EBIT": 150246.0,
        "Net Interest Income": -52711.0,
        "Interest Expense": 52711.0,
        "Normalized Income": 53239.0,
        "Net Income From Continuing And Discontinued Operation": 97535.0,
        "Total Expenses": 15824613.0,
        "Total Operating Income As Reported": 105950.0,
        "Diluted Average Shares": 4220259.0,
        "Basic Average Shares": 4220259.0,
        "Diluted EPS": 0.02,
        "Basic EPS": 0.02,
        "Diluted NI Availto Com Stockholders": 97535.0,
        "Net Income Common Stockholders": 97535.0,
        "Net Income": 97535.0,
        "Net Income Including Noncontrolling Interests": 97535.0,
        "Net Income Continuous Operations": 97535.0,
        "Tax Provision": 0.0,
        "Pretax Income": 97535.0,
        "Other Income Expense": 44296.0,
        "Special Income Charges": 44296.0,
        "Gain On Sale Of Ppe": 44296.0,
        "Other Special Charges": NaN,
        "Impairment Of Capital Assets": NaN,
        "Net Non Operating Interest Income Expense": -52711.0,
        "Total Other Finance Cost": NaN,
        "Interest Expense Non Operating": 52711.0,
        "Operating Income": 105950.0,
        "Operating Expense": 3627936.0,
        "Depreciation Amortization Depletion Income Statement": NaN,
        "Depreciation And Amortization In Income Statement": NaN,
        "Depreciation Income Statement": NaN,
        "Selling General And Administration": 3627936.0,
        "Selling And Marketing Expense": 1169088.0,
        "General And Administrative Expense": 2458848.0,
        "Other Gand A": 2458848.0,
        "Gross Profit": 3733886.0,
        "Cost Of Revenue": 12196677.0,
        "Total Revenue": 15930563.0,
        "Operating Revenue": 15930563.0
    },
    "2024-03-31": {
        "Tax Effect Of Unusual Items": 0.0,
        "Tax Rate For Calcs": 0.21,
        "Normalized EBITDA": -2151000.0,
        "Total Unusual Items": 0.0,
        "Total Unusual Items Excluding Goodwill": 0.0,
        "Net Income From Continuing Operation Net Minority Interest": -2367000.0,
        "Reconciled Depreciation": 136000.0,
        "Reconciled Cost Of Revenue": 1924000.0,
        "EBITDA": -2151000.0,
        "EBIT": -2287000.0,
        "Net Interest Income": -28000.0,
        "Interest Expense": 28000.0,
        "Normalized Income": -2367000.0,
        "Net Income From Continuing And Discontinued Operation": -2367000.0,
        "Total Expenses": 4713000.0,
        "Total Operating Income As Reported": -2287000.0,
        "Diluted Average Shares": 6418061.0,
        "Basic Average Shares": 6418061.0,
        "Diluted EPS": -0.37,
        "Basic EPS": -0.37,
        "Diluted NI Availto Com Stockholders": -2367000.0,
        "Net Income Common Stockholders": -2367000.0,
        "Net Income": -2367000.0,
        "Net Income Including Noncontrolling Interests": -2367000.0,
        "Net Income Continuous Operations": -2367000.0,
        "Tax Provision": 52000.0,
        "Pretax Income": -2315000.0,
        "Other Income Expense": NaN,
        "Special Income Charges": 0.0,
        "Gain On Sale Of Ppe": NaN,
        "Other Special Charges": NaN,
        "Impairment Of Capital Assets": NaN,
        "Net Non Operating Interest Income Expense": -28000.0,
        "Total Other Finance Cost": NaN,
        "Interest Expense Non Operating": 28000.0,
        "Operating Income": -2287000.0,
        "Operating Expense": 2789000.0,
        "Depreciation Amortization Depletion Income Statement": NaN,
        "Depreciation And Amortization In Income Statement": NaN,
        "Depreciation Income Statement": NaN,
        "Selling General And Administration": 2789000.0,
        "Selling And Marketing Expense": 630000.0,
        "General And Administrative Expense": 2159000.0,
        "Other Gand A": 2159000.0,
        "Gross Profit": 502000.0,
        "Cost Of Revenue": 1924000.0,
        "Total Revenue": 2426000.0,
        "Operating Revenue": 2426000.0
    },
    "2024-06-30": {
        "Tax Effect Of Unusual Items": -32678.010047,
        "Tax Rate For Calcs": 0.008427,
        "Normalized EBITDA": -2276000.0,
        "Total Unusual Items": -3878000.0,
        "Total Unusual Items Excluding Goodwill": -3878000.0,
        "Net Income From Continuing Operation Net Minority Interest": -6119000.0,
        "Reconciled Depreciation": -11000.0,
        "Reconciled Cost Of Revenue": 2116000.0,
        "EBITDA": -6154000.0,
        "EBIT": -6154000.0,
        "Net Interest Income": -17000.0,
        "Interest Expense": 17000.0,
        "Normalized Income": -2273678.010047,
        "Net Income From Continuing And Discontinued Operation": -6119000.0,
        "Total Expenses": 4716000.0,
        "Total Operating Income As Reported": -6154000.0,
        "Diluted Average Shares": 6418061.0,
        "Basic Average Shares": 6418061.0,
        "Diluted EPS": -0.95,
        "Basic EPS": -0.95,
        "Diluted NI Availto Com Stockholders": -6119000.0,
        "Net Income Common Stockholders": -6119000.0,
        "Net Income": -6119000.0,
        "Net Income Including Noncontrolling Interests": -6119000.0,
        "Net Income Continuous Operations": -6119000.0,
        "Tax Provision": -52000.0,
        "Pretax Income": -6171000.0,
        "Other Income Expense": -3878000.0,
        "Special Income Charges": -3878000.0,
        "Gain On Sale Of Ppe": NaN,
        "Other Special Charges": NaN,
        "Impairment Of Capital Assets": 3878000.0,
        "Net Non Operating Interest Income Expense": -17000.0,
        "Total Other Finance Cost": NaN,
        "Interest Expense Non Operating": 17000.0,
        "Operating Income": -2276000.0,
        "Operating Expense": 2600000.0,
        "Depreciation Amortization Depletion Income Statement": NaN,
        "Depreciation And Amortization In Income Statement": NaN,
        "Depreciation Income Statement": NaN,
        "Selling General And Administration": 2600000.0,
        "Selling And Marketing Expense": 547000.0,
        "General And Administrative Expense": 2053000.0,
        "Other Gand A": 2053000.0,
        "Gross Profit": 324000.0,
        "Cost Of Revenue": 2116000.0,
        "Total Revenue": 2440000.0,
        "Operating Revenue": 2440000.0
    }
}