{
    "2023-03-31": {
        "Tax Effect Of Unusual Items": NaN,
        "Tax Rate For Calcs": NaN,
        "Normalized EBITDA": NaN,
        "Total Unusual Items": NaN,
        "Total Unusual Items Excluding Goodwill": NaN,
        "Net Income From Continuing Operation Net Minority Interest": NaN,
        "Reconciled Depreciation": NaN,
        "Reconciled Cost Of Revenue": NaN,
        "EBITDA": NaN,
        "EBIT": NaN,
        "Net Interest Income": NaN,
        "Interest Expense": NaN,
        "Normalized Income": NaN,
        "Net Income From Continuing And Discontinued Operation": NaN,
        "Total Expenses": NaN,
        "Total Operating Income As Reported": NaN,
        "Diluted Average Shares": NaN,
        "Basic Average Shares": NaN,
        "Diluted EPS": NaN,
        "Basic EPS": NaN,
        "Diluted NI Availto Com Stockholders": NaN,
        "Net Income Common Stockholders": NaN,
        "Net Income": NaN,
        "Net Income Including Noncontrolling Interests": NaN,
        "Net Income Continuous Operations": NaN,
        "Tax Provision": NaN,
        "Pretax Income": NaN,
        "Other Income Expense": NaN,
        "Other Non Operating Income Expenses": NaN,
        "Special Income Charges": NaN,
        "Restructuring And Mergern Acquisition": NaN,
        "Net Non Operating Interest Income Expense": NaN,
        "Interest Expense Non Operating": NaN,
        "Operating Income": NaN,
        "Operating Expense": NaN,
        "Other Operating Expenses": -2251000.0,
        "Selling General And Administration": NaN,
        "General And Administrative Expense": 213156000.0,
        "Other Gand A": 215407000.0,
        "Salaries And Wages": -2251000.0,
        "Gross Profit": NaN,
        "Cost Of Revenue": NaN,
        "Total Revenue": NaN,
        "Operating Revenue": NaN
    },
    "2022-12-31": {
        "Tax Effect Of Unusual Items": NaN,
        "Tax Rate For Calcs": NaN,
        "Normalized EBITDA": NaN,
        "Total Unusual Items": NaN,
        "Total Unusual Items Excluding Goodwill": NaN,
        "Net Income From Continuing Operation Net Minority Interest": NaN,
        "Reconciled Depreciation": NaN,
        "Reconciled Cost Of Revenue": NaN,
        "EBITDA": NaN,
        "EBIT": NaN,
        "Net Interest Income": NaN,
        "Interest Expense": NaN,
        "Normalized Income": NaN,
        "Net Income From Continuing And Discontinued Operation": NaN,
        "Total Expenses": NaN,
        "Total Operating Income As Reported": NaN,
        "Diluted Average Shares": NaN,
        "Basic Average Shares": NaN,
        "Diluted EPS": NaN,
        "Basic EPS": NaN,
        "Diluted NI Availto Com Stockholders": NaN,
        "Net Income Common Stockholders": NaN,
        "Net Income": NaN,
        "Net Income Including Noncontrolling Interests": NaN,
        "Net Income Continuous Operations": NaN,
        "Tax Provision": NaN,
        "Pretax Income": NaN,
        "Other Income Expense": NaN,
        "Other Non Operating Income Expenses": NaN,
        "Special Income Charges": NaN,
        "Gain On Sale Of Ppe": 0.0,
        "Restructuring And Mergern Acquisition": NaN,
        "Net Non Operating Interest Income Expense": NaN,
        "Interest Expense Non Operating": NaN,
        "Operating Income": NaN,
        "Operating Expense": NaN,
        "Other Operating Expenses": NaN,
        "Selling General And Administration": NaN,
        "General And Administrative Expense": 190040000.0,
        "Other Gand A": 200477000.0,
        "Salaries And Wages": -10437000.0,
        "Gross Profit": NaN,
        "Cost Of Revenue": NaN,
        "Total Revenue": NaN,
        "Operating Revenue": NaN
    },
    "2022-09-30": {
        "Tax Effect Of Unusual Items": NaN,
        "Tax Rate For Calcs": NaN,
        "Normalized EBITDA": NaN,
        "Total Unusual Items": NaN,
        "Total Unusual Items Excluding Goodwill": NaN,
        "Net Income From Continuing Operation Net Minority Interest": NaN,
        "Reconciled Depreciation": NaN,
        "Reconciled Cost Of Revenue": NaN,
        "EBITDA": NaN,
        "EBIT": NaN,
        "Net Interest Income": NaN,
        "Interest Expense": NaN,
        "Normalized Income": NaN,
        "Net Income From Continuing And Discontinued Operation": NaN,
        "Total Expenses": NaN,
        "Total Operating Income As Reported": NaN,
        "Diluted Average Shares": NaN,
        "Basic Average Shares": NaN,
        "Diluted EPS": NaN,
        "Basic EPS": NaN,
        "Diluted NI Availto Com Stockholders": NaN,
        "Net Income Common Stockholders": NaN,
        "Net Income": NaN,
        "Net Income Including Noncontrolling Interests": NaN,
        "Net Income Continuous Operations": NaN,
        "Tax Provision": NaN,
        "Pretax Income": NaN,
        "Other Income Expense": NaN,
        "Other Non Operating Income Expenses": NaN,
        "Special Income Charges": NaN,
        "Gain On Sale Of Ppe": 0.0,
        "Restructuring And Mergern Acquisition": NaN,
        "Net Non Operating Interest Income Expense": NaN,
        "Interest Expense Non Operating": NaN,
        "Operating Income": NaN,
        "Operating Expense": NaN,
        "Other Operating Expenses": NaN,
        "Selling General And Administration": NaN,
        "General And Administrative Expense": 201200000.0,
        "Other Gand A": 201200000.0,
        "Salaries And Wages": -9944000.0,
        "Gross Profit": NaN,
        "Cost Of Revenue": NaN,
        "Total Revenue": NaN,
        "Operating Revenue": NaN
    },
    "2022-06-30": {
        "Tax Effect Of Unusual Items": -1012916.076705,
        "Tax Rate For Calcs": 0.251406,
        "Normalized EBITDA": 176152000.0,
        "Total Unusual Items": -4029000.0,
        "Total Unusual Items Excluding Goodwill": -4029000.0,
        "Net Income From Continuing Operation Net Minority Interest": 113248000.0,
        "Reconciled Depreciation": 29035000.0,
        "Reconciled Cost Of Revenue": 652859000.0,
        "EBITDA": 172123000.0,
        "EBIT": 172123000.0,
        "Net Interest Income": -20842000.0,
        "Interest Expense": 20842000.0,
        "Normalized Income": 116264083.923295,
        "Net Income From Continuing And Discontinued Operation": 113248000.0,
        "Total Expenses": 842345000.0,
        "Total Operating Income As Reported": 167227000.0,
        "Diluted Average Shares": 54654000.0,
        "Basic Average Shares": 54033000.0,
        "Diluted EPS": 2.07,
        "Basic EPS": 2.1,
        "Diluted NI Availto Com Stockholders": 113248000.0,
        "Net Income Common Stockholders": 113248000.0,
        "Net Income": 113248000.0,
        "Net Income Including Noncontrolling Interests": 113248000.0,
        "Net Income Continuous Operations": 113248000.0,
        "Tax Provision": 38033000.0,
        "Pretax Income": 151281000.0,
        "Other Income Expense": 867000.0,
        "Other Non Operating Income Expenses": 4896000.0,
        "Special Income Charges": -4029000.0,
        "Gain On Sale Of Ppe": 0.0,
        "Restructuring And Mergern Acquisition": 4029000.0,
        "Net Non Operating Interest Income Expense": -20842000.0,
        "Interest Expense Non Operating": 20842000.0,
        "Operating Income": 171256000.0,
        "Operating Expense": 189486000.0,
        "Selling General And Administration": 189486000.0,
        "Gross Profit": 360742000.0,
        "Cost Of Revenue": 652859000.0,
        "Total Revenue": 1013601000.0,
        "Operating Revenue": 1013601000.0
    },
    "2023-06-30": {
        "Tax Effect Of Unusual Items": -1245888.0,
        "Tax Rate For Calcs": 0.252,
        "Normalized EBITDA": 223446000.0,
        "Total Unusual Items": -4944000.0,
        "Total Unusual Items Excluding Goodwill": -4944000.0,
        "Net Income From Continuing Operation Net Minority Interest": 116850000.0,
        "Reconciled Depreciation": 30830000.0,
        "Reconciled Cost Of Revenue": 646746000.0,
        "EBITDA": 218502000.0,
        "EBIT": 187672000.0,
        "Net Interest Income": -31529000.0,
        "Interest Expense": 31529000.0,
        "Normalized Income": 120548112.0,
        "Net Income From Continuing And Discontinued Operation": 116850000.0,
        "Total Expenses": 847692000.0,
        "Total Operating Income As Reported": 184771000.0,
        "Diluted Average Shares": 54042000.0,
        "Basic Average Shares": 53527000.0,
        "Diluted EPS": 2.16,
        "Basic EPS": 2.18,
        "Diluted NI Availto Com Stockholders": 116850000.0,
        "Net Income Common Stockholders": 116850000.0,
        "Net Income": 116850000.0,
        "Net Income Including Noncontrolling Interests": 116850000.0,
        "Net Income Continuous Operations": 116850000.0,
        "Tax Provision": 39293000.0,
        "Pretax Income": 156143000.0,
        "Other Income Expense": -4618000.0,
        "Other Non Operating Income Expenses": 326000.0,
        "Special Income Charges": -4944000.0,
        "Restructuring And Mergern Acquisition": 4944000.0,
        "Net Non Operating Interest Income Expense": -31529000.0,
        "Interest Expense Non Operating": 31529000.0,
        "Operating Income": 192290000.0,
        "Operating Expense": 200946000.0,
        "Other Operating Expenses": -2575000.0,
        "Selling General And Administration": 200946000.0,
        "General And Administrative Expense": 200946000.0,
        "Other Gand A": 203521000.0,
        "Salaries And Wages": -2575000.0,
        "Gross Profit": 393236000.0,
        "Cost Of Revenue": 646746000.0,
        "Total Revenue": 1039982000.0,
        "Operating Revenue": 1039982000.0
    },
    "2022-03-31": {
        "Diluted EPS": 1.52,
        "Total Revenue": 995,
        "Gross Profit": 331,
        "Operating Income": 123,
        "EBIT": 169,
        "Net Income": 86
    },
    "2021-12-31": {
        "Diluted EPS": 1.81,
        "Total Revenue": 866,
        "Gross Profit": 316,
        "Operating Income": 139,
        "EBIT": 173,
        "Net Income": 103
    },
    "2021-09-30": {
        "Diluted EPS": 3.09,
        "Total Revenue": 818,
        "Gross Profit": 300,
        "Operating Income": 233,
        "EBIT": 264,
        "Net Income": 176
    },
    "2021-06-30": {
        "Diluted EPS": 2.13,
        "Total Revenue": 809,
        "Gross Profit": 304,
        "Operating Income": 137,
        "EBIT": 166,
        "Net Income": 121
    },
    "2021-03-31": {
        "Diluted EPS": 1.59,
        "Total Revenue": 758,
        "Gross Profit": 276,
        "Operating Income": 121,
        "EBIT": 152,
        "Net Income": 89
    },
    "2020-12-31": {
        "Diluted EPS": 0.94,
        "Total Revenue": 729,
        "Gross Profit": 256,
        "Operating Income": 93,
        "EBIT": 122,
        "Net Income": 52
    },
    "2020-09-30": {
        "Diluted EPS": 1.1,
        "Total Revenue": 635,
        "Gross Profit": 223,
        "Operating Income": 87,
        "EBIT": 114,
        "Net Income": 61
    },
    "2020-06-30": {
        "Diluted EPS": 0.39,
        "Total Revenue": 472,
        "Gross Profit": 153,
        "Operating Income": 39,
        "EBIT": 67,
        "Net Income": 21
    },
    "2020-03-31": {
        "Diluted EPS": 1.33,
        "Total Revenue": 677,
        "Gross Profit": 250,
        "Operating Income": 105,
        "EBIT": 132,
        "Net Income": 74
    },
    "2019-12-31": {
        "Diluted EPS": 1.96,
        "Total Revenue": 788,
        "Gross Profit": 290,
        "Operating Income": 152,
        "EBIT": 178,
        "Net Income": 109
    },
    "2019-09-30": {
        "Diluted EPS": 1.47,
        "Total Revenue": 724,
        "Gross Profit": 270,
        "Operating Income": 121,
        "EBIT": 148,
        "Net Income": 82
    },
    "2019-06-30": {
        "Diluted EPS": 1.66,
        "Total Revenue": 761,
        "Gross Profit": 286,
        "Operating Income": 140,
        "EBIT": 164,
        "Net Income": 92
    },
    "2019-03-31": {
        "Diluted EPS": 1.24,
        "Total Revenue": 687,
        "Gross Profit": 257,
        "Operating Income": 101,
        "EBIT": 127,
        "Net Income": 69
    },
    "2018-12-31": {
        "Diluted EPS": 1.7,
        "Total Revenue": 757,
        "Gross Profit": 281,
        "Operating Income": 140,
        "EBIT": 171,
        "Net Income": 95
    },
    "2018-09-30": {
        "Diluted EPS": 1.31,
        "Total Revenue": 713,
        "Gross Profit": 261,
        "Operating Income": 108,
        "EBIT": 136,
        "Net Income": 73
    },
    "2018-06-30": {
        "Diluted EPS": 1.51,
        "Total Revenue": 668,
        "Gross Profit": 251,
        "Operating Income": 111,
        "EBIT": 130,
        "Net Income": 84
    },
    "2018-03-31": {
        "Diluted EPS": 1.18,
        "Total Revenue": 585,
        "Gross Profit": 212,
        "Operating Income": 87,
        "EBIT": 107,
        "Net Income": 65
    },
    "2017-12-31": {
        "Diluted EPS": 1.36,
        "Total Revenue": 633,
        "Gross Profit": 240,
        "Operating Income": 63,
        "EBIT": 83,
        "Net Income": 75
    },
    "2017-09-30": {
        "Diluted EPS": 1.31,
        "Total Revenue": 593,
        "Gross Profit": 229,
        "Operating Income": 109,
        "EBIT": 126,
        "Net Income": 75
    },
    "2017-06-30": {
        "Diluted EPS": 1.35,
        "Total Revenue": 579,
        "Gross Profit": 235,
        "Operating Income": 114,
        "EBIT": 132,
        "Net Income": 78
    },
    "2017-03-31": {
        "Diluted EPS": 1.24,
        "Total Revenue": 530,
        "Gross Profit": 209,
        "Operating Income": 93,
        "EBIT": 107,
        "Net Income": 71
    },
    "2016-12-31": {
        "Diluted EPS": 1.41,
        "Total Revenue": 597,
        "Gross Profit": 239,
        "Operating Income": 99,
        "EBIT": 113,
        "Net Income": 81
    },
    "2016-09-30": {
        "Diluted EPS": 1.33,
        "Total Revenue": 574,
        "Gross Profit": 232,
        "Operating Income": 121,
        "EBIT": 135,
        "Net Income": 76
    },
    "2016-06-30": {
        "Diluted EPS": 1.28,
        "Total Revenue": 580,
        "Gross Profit": 234,
        "Operating Income": 112,
        "EBIT": 128,
        "Net Income": 73
    },
    "2016-03-31": {
        "Diluted EPS": 0.96,
        "Total Revenue": 516,
        "Gross Profit": 197,
        "Operating Income": 86,
        "EBIT": 101,
        "Net Income": 55
    },
    "2015-12-31": {
        "Diluted EPS": 0.88,
        "Total Revenue": 535,
        "Gross Profit": 199,
        "Operating Income": 73,
        "EBIT": 93,
        "Net Income": 50
    },
    "2015-09-30": {
        "Diluted EPS": 0.86,
        "Total Revenue": 449,
        "Gross Profit": 177,
        "Operating Income": 80,
        "EBIT": 92,
        "Net Income": 49
    },
    "2015-06-30": {
        "Diluted EPS": 0.95,
        "Total Revenue": 436,
        "Gross Profit": 173,
        "Operating Income": 83,
        "EBIT": 94,
        "Net Income": 54
    },
    "2015-03-31": {
        "Diluted EPS": 0.67,
        "Total Revenue": 407,
        "Gross Profit": 158,
        "Operating Income": 67,
        "EBIT": 78,
        "Net Income": 38
    },
    "2014-12-31": {
        "Diluted EPS": 0.91,
        "Total Revenue": 435,
        "Gross Profit": 169,
        "Operating Income": 82,
        "EBIT": 92,
        "Net Income": 52
    },
    "2014-09-30": {
        "Diluted EPS": 1.05,
        "Total Revenue": 404,
        "Gross Profit": 162,
        "Operating Income": 86,
        "EBIT": 97,
        "Net Income": 60
    },
    "2014-06-30": {
        "Diluted EPS": 0.85,
        "Total Revenue": 425,
        "Gross Profit": 166,
        "Operating Income": 76,
        "EBIT": 87,
        "Net Income": 48
    },
    "2014-03-31": {
        "Diluted EPS": 0.59,
        "Total Revenue": 372,
        "Gross Profit": 143,
        "Operating Income": 56,
        "EBIT": 66,
        "Net Income": 33
    },
    "2013-12-31": {
        "Diluted EPS": 0.88,
        "Total Revenue": 377,
        "Gross Profit": 151,
        "Operating Income": 74,
        "EBIT": 83,
        "Net Income": 50
    },
    "2013-09-30": {
        "Diluted EPS": 0.73,
        "Total Revenue": 360,
        "Gross Profit": 141,
        "Operating Income": 67,
        "EBIT": 77,
        "Net Income": 41
    },
    "2013-06-30": {
        "Diluted EPS": 0.67,
        "Total Revenue": 364,
        "Gross Profit": 137,
        "Operating Income": 60,
        "EBIT": 72,
        "Net Income": 37
    },
    "2013-03-31": {
        "Diluted EPS": 0.46,
        "Total Revenue": 327,
        "Gross Profit": 121,
        "Operating Income": 42,
        "EBIT": 56,
        "Net Income": 26
    },
    "2012-12-31": {
        "Diluted EPS": 0.71,
        "Total Revenue": 292,
        "Gross Profit": 113,
        "Operating Income": 59,
        "EBIT": 65,
        "Net Income": 38
    },
    "2012-09-30": {
        "Diluted EPS": 0.53,
        "Total Revenue": 258,
        "Gross Profit": 100,
        "Operating Income": 47,
        "EBIT": 55,
        "Net Income": 30
    },
    "2012-06-30": {
        "Diluted EPS": 0.56,
        "Total Revenue": 260,
        "Gross Profit": 102,
        "Operating Income": 45,
        "EBIT": 52,
        "Net Income": 31
    },
    "2012-03-31": {
        "Diluted EPS": 0.4,
        "Total Revenue": 229,
        "Gross Profit": 87,
        "Operating Income": 37,
        "EBIT": 44,
        "Net Income": 22
    },
    "2011-12-31": {
        "Diluted EPS": 0.62,
        "Total Revenue": 244,
        "Gross Profit": 100,
        "Operating Income": 45,
        "EBIT": 50,
        "Net Income": 35
    },
    "2011-09-30": {
        "Diluted EPS": 0.42,
        "Total Revenue": 219,
        "Gross Profit": 87,
        "Operating Income": 37,
        "EBIT": 43,
        "Net Income": 23
    },
    "2011-06-30": {
        "Diluted EPS": 0.35,
        "Total Revenue": 211,
        "Gross Profit": 85,
        "Operating Income": 35,
        "EBIT": 41,
        "Net Income": 20
    },
    "2011-03-31": {
        "Diluted EPS": 0.32,
        "Total Revenue": 183,
        "Gross Profit": 72,
        "Operating Income": 31,
        "EBIT": 35,
        "Net Income": 18
    },
    "2010-12-31": {
        "Diluted EPS": 0.38,
        "Total Revenue": 207,
        "Gross Profit": 83,
        "Operating Income": 35,
        "EBIT": 40,
        "Net Income": 21
    },
    "2010-09-30": {
        "Diluted EPS": 0.38,
        "Total Revenue": 178,
        "Gross Profit": 71,
        "Operating Income": 32,
        "EBIT": 36,
        "Net Income": 21
    },
    "2010-06-30": {
        "Diluted EPS": 0.32,
        "Total Revenue": 173,
        "Gross Profit": 69,
        "Operating Income": 30,
        "EBIT": 34,
        "Net Income": 18
    },
    "2010-03-31": {
        "Diluted EPS": 0.25,
        "Total Revenue": 161,
        "Gross Profit": 63,
        "Operating Income": 26,
        "EBIT": 30,
        "Net Income": 14
    },
    "2009-12-31": {
        "Diluted EPS": 0.32,
        "Total Revenue": 152,
        "Gross Profit": 58,
        "Operating Income": 28,
        "EBIT": 32,
        "Net Income": 18
    },
    "2009-09-30": {
        "Diluted EPS": 0.28,
        "Total Revenue": 154,
        "Gross Profit": 62,
        "Operating Income": 28,
        "EBIT": 32,
        "Net Income": 16
    },
    "2009-06-30": {
        "Diluted EPS": 0.25,
        "Total Revenue": 159,
        "Gross Profit": 61,
        "Operating Income": 27,
        "EBIT": 30,
        "Net Income": 14
    },
    "2009-03-31": {
        "Diluted EPS": 0.26,
        "Total Revenue": 182,
        "Gross Profit": 69,
        "Operating Income": 28,
        "EBIT": 33,
        "Net Income": 14
    },
    "2023-09-30": {
        "Tax Effect Of Unusual Items": -1103104.0,
        "Tax Rate For Calcs": 0.248,
        "Normalized EBITDA": 213201000.0,
        "Total Unusual Items": -4448000.0,
        "Total Unusual Items Excluding Goodwill": -4448000.0,
        "Net Income From Continuing Operation Net Minority Interest": 108650000.0,
        "Reconciled Depreciation": 33281000.0,
        "Reconciled Cost Of Revenue": 605329000.0,
        "EBITDA": 208753000.0,
        "EBIT": 175472000.0,
        "Net Interest Income": -31080000.0,
        "Interest Expense": 31080000.0,
        "Normalized Income": 111994896.0,
        "Net Income From Continuing And Discontinued Operation": 108650000.0,
        "Total Expenses": 801762000.0,
        "Total Operating Income As Reported": 174441000.0,
        "Diluted Average Shares": 54157000.0,
        "Basic Average Shares": 53588000.0,
        "Diluted EPS": 2.01,
        "Basic EPS": 2.03,
        "Diluted NI Availto Com Stockholders": 108650000.0,
        "Net Income Common Stockholders": 108650000.0,
        "Net Income": 108650000.0,
        "Net Income Including Noncontrolling Interests": 108650000.0,
        "Net Income Continuous Operations": 108650000.0,
        "Tax Provision": 35742000.0,
        "Pretax Income": 144392000.0,
        "Other Income Expense": -3417000.0,
        "Other Non Operating Income Expenses": 1031000.0,
        "Special Income Charges": -4448000.0,
        "Restructuring And Mergern Acquisition": 4448000.0,
        "Net Non Operating Interest Income Expense": -31080000.0,
        "Interest Expense Non Operating": 31080000.0,
        "Operating Income": 178889000.0,
        "Operating Expense": 196433000.0,
        "Other Operating Expenses": -2103000.0,
        "Selling General And Administration": 196433000.0,
        "General And Administrative Expense": 196433000.0,
        "Other Gand A": 196433000.0,
        "Salaries And Wages": -2103000.0,
        "Gross Profit": 375322000.0,
        "Cost Of Revenue": 605329000.0,
        "Total Revenue": 980651000.0,
        "Operating Revenue": 980651000.0
    },
    "2023-12-31": {
        "Tax Effect Of Unusual Items": -9854698.716179,
        "Tax Rate For Calcs": 0.122343,
        "Normalized EBITDA": 229301000.0,
        "Total Unusual Items": -80550000.0,
        "Total Unusual Items Excluding Goodwill": -80550000.0,
        "Net Income From Continuing Operation Net Minority Interest": 76293000.0,
        "Reconciled Depreciation": 33546000.0,
        "Reconciled Cost Of Revenue": 621807000.0,
        "EBITDA": 148751000.0,
        "EBIT": 115205000.0,
        "Net Interest Income": -28277000.0,
        "Interest Expense": 28277000.0,
        "Normalized Income": 146988301.283821,
        "Net Income From Continuing And Discontinued Operation": 76293000.0,
        "Total Expenses": 813392000.0,
        "Total Operating Income As Reported": 114634000.0,
        "Diluted Average Shares": 53768000.0,
        "Basic Average Shares": 53601000.0,
        "Diluted EPS": 1.42,
        "Basic EPS": 1.42,
        "Diluted NI Availto Com Stockholders": 76293000.0,
        "Net Income Common Stockholders": 76293000.0,
        "Net Income": 76293000.0,
        "Net Income Including Noncontrolling Interests": 76293000.0,
        "Net Income Continuous Operations": 76293000.0,
        "Tax Provision": 10635000.0,
        "Pretax Income": 86928000.0,
        "Other Income Expense": -79979000.0,
        "Other Non Operating Income Expenses": 571000.0,
        "Special Income Charges": -80550000.0,
        "Restructuring And Mergern Acquisition": 2436000.0,
        "Net Non Operating Interest Income Expense": -28277000.0,
        "Interest Expense Non Operating": 28277000.0,
        "Operating Income": 195184000.0,
        "Operating Expense": 191585000.0,
        "Other Operating Expenses": -2142000.0,
        "Selling General And Administration": 191585000.0,
        "General And Administrative Expense": NaN,
        "Other Gand A": NaN,
        "Salaries And Wages": NaN,
        "Gross Profit": 386769000.0,
        "Cost Of Revenue": 621807000.0,
        "Total Revenue": 1008576000.0,
        "Operating Revenue": 1008576000.0
    },
    "2024-03-31": {
        "Tax Effect Of Unusual Items": -781542.0,
        "Tax Rate For Calcs": 0.246,
        "Normalized EBITDA": 176698000.0,
        "Total Unusual Items": -3177000.0,
        "Total Unusual Items Excluding Goodwill": -3177000.0,
        "Net Income From Continuing Operation Net Minority Interest": 86568000.0,
        "Reconciled Depreciation": 32410000.0,
        "Reconciled Cost Of Revenue": 580568000.0,
        "EBITDA": 173521000.0,
        "EBIT": 141111000.0,
        "Net Interest Income": -26274000.0,
        "Interest Expense": 26274000.0,
        "Normalized Income": 88963458.0,
        "Net Income From Continuing And Discontinued Operation": 86568000.0,
        "Total Expenses": 786616000.0,
        "Total Operating Income As Reported": 137133000.0,
        "Diluted Average Shares": 54394000.0,
        "Basic Average Shares": 53654000.0,
        "Diluted EPS": 1.59,
        "Basic EPS": 1.61,
        "Diluted NI Availto Com Stockholders": 86568000.0,
        "Net Income Common Stockholders": 86568000.0,
        "Net Income": 86568000.0,
        "Net Income Including Noncontrolling Interests": 86568000.0,
        "Net Income Continuous Operations": 86568000.0,
        "Tax Provision": 28269000.0,
        "Pretax Income": 114837000.0,
        "Other Income Expense": 801000.0,
        "Other Non Operating Income Expenses": 3978000.0,
        "Special Income Charges": -3177000.0,
        "Restructuring And Mergern Acquisition": 3177000.0,
        "Net Non Operating Interest Income Expense": -26274000.0,
        "Interest Expense Non Operating": 26274000.0,
        "Operating Income": 140310000.0,
        "Operating Expense": 206048000.0,
        "Other Operating Expenses": -3678000.0,
        "Selling General And Administration": 206048000.0,
        "General And Administrative Expense": NaN,
        "Other Gand A": NaN,
        "Salaries And Wages": NaN,
        "Gross Profit": 346358000.0,
        "Cost Of Revenue": 580568000.0,
        "Total Revenue": 926926000.0,
        "Operating Revenue": 926926000.0
    },
    "2024-06-30": {
        "Tax Effect Of Unusual Items": -1358900.0,
        "Tax Rate For Calcs": 0.254,
        "Normalized EBITDA": 216338000.0,
        "Total Unusual Items": -5350000.0,
        "Total Unusual Items Excluding Goodwill": -5350000.0,
        "Net Income From Continuing Operation Net Minority Interest": 115395000.0,
        "Reconciled Depreciation": 31646000.0,
        "Reconciled Cost Of Revenue": 611904000.0,
        "EBITDA": 210988000.0,
        "EBIT": 179342000.0,
        "Net Interest Income": -24566000.0,
        "Interest Expense": 24566000.0,
        "Normalized Income": 119386100.0,
        "Net Income From Continuing And Discontinued Operation": 115395000.0,
        "Total Expenses": 806798000.0,
        "Total Operating Income As Reported": 175708000.0,
        "Diluted Average Shares": 54072000.0,
        "Basic Average Shares": 53765000.0,
        "Diluted EPS": 2.13,
        "Basic EPS": 2.15,
        "Diluted NI Availto Com Stockholders": 115395000.0,
        "Net Income Common Stockholders": 115395000.0,
        "Net Income": 115395000.0,
        "Net Income Including Noncontrolling Interests": 115395000.0,
        "Net Income Continuous Operations": 115395000.0,
        "Tax Provision": 39381000.0,
        "Pretax Income": 154776000.0,
        "Other Income Expense": -5406000.0,
        "Other Non Operating Income Expenses": -56000.0,
        "Special Income Charges": -5350000.0,
        "Restructuring And Mergern Acquisition": 5350000.0,
        "Net Non Operating Interest Income Expense": -24566000.0,
        "Interest Expense Non Operating": 24566000.0,
        "Operating Income": 184748000.0,
        "Operating Expense": 194894000.0,
        "Other Operating Expenses": NaN,
        "Selling General And Administration": 194894000.0,
        "General And Administrative Expense": 194894000.0,
        "Other Gand A": 198584000.0,
        "Salaries And Wages": -3690000.0,
        "Gross Profit": 379642000.0,
        "Cost Of Revenue": 611904000.0,
        "Total Revenue": 991546000.0,
        "Operating Revenue": 991546000.0
    }
}