{
    "2023-03-31": {
        "Tax Effect Of Unusual Items": NaN,
        "Tax Rate For Calcs": NaN,
        "Normalized EBITDA": NaN,
        "Total Unusual Items": NaN,
        "Total Unusual Items Excluding Goodwill": NaN,
        "Net Income From Continuing Operation Net Minority Interest": NaN,
        "Reconciled Depreciation": NaN,
        "Reconciled Cost Of Revenue": NaN,
        "EBITDA": NaN,
        "EBIT": NaN,
        "Net Interest Income": NaN,
        "Interest Expense": NaN,
        "Interest Income": 1100000.0,
        "Normalized Income": NaN,
        "Net Income From Continuing And Discontinued Operation": NaN,
        "Total Expenses": NaN,
        "Total Operating Income As Reported": NaN,
        "Diluted Average Shares": 187701000.0,
        "Basic Average Shares": 187701000.0,
        "Diluted EPS": -0.22,
        "Basic EPS": -0.22,
        "Diluted NI Availto Com Stockholders": NaN,
        "Net Income Common Stockholders": NaN,
        "Net Income": NaN,
        "Minority Interests": NaN,
        "Net Income Including Noncontrolling Interests": NaN,
        "Net Income Continuous Operations": NaN,
        "Tax Provision": NaN,
        "Pretax Income": NaN,
        "Other Income Expense": NaN,
        "Other Non Operating Income Expenses": NaN,
        "Special Income Charges": NaN,
        "Gain On Sale Of Business": NaN,
        "Other Special Charges": 2600000.0,
        "Impairment Of Capital Assets": NaN,
        "Gain On Sale Of Security": NaN,
        "Net Non Operating Interest Income Expense": NaN,
        "Interest Expense Non Operating": NaN,
        "Interest Income Non Operating": 1100000.0,
        "Operating Income": NaN,
        "Operating Expense": NaN,
        "Research And Development": NaN,
        "Selling General And Administration": NaN,
        "Gross Profit": NaN,
        "Cost Of Revenue": NaN,
        "Total Revenue": NaN,
        "Operating Revenue": NaN
    },
    "2022-12-31": {
        "Tax Effect Of Unusual Items": NaN,
        "Tax Rate For Calcs": NaN,
        "Normalized EBITDA": NaN,
        "Total Unusual Items": NaN,
        "Total Unusual Items Excluding Goodwill": NaN,
        "Net Income From Continuing Operation Net Minority Interest": NaN,
        "Reconciled Depreciation": NaN,
        "Reconciled Cost Of Revenue": NaN,
        "EBITDA": NaN,
        "EBIT": NaN,
        "Net Interest Income": NaN,
        "Interest Expense": NaN,
        "Interest Income": NaN,
        "Normalized Income": NaN,
        "Net Income From Continuing And Discontinued Operation": NaN,
        "Total Expenses": NaN,
        "Total Operating Income As Reported": NaN,
        "Diluted Average Shares": NaN,
        "Basic Average Shares": NaN,
        "Diluted EPS": NaN,
        "Basic EPS": NaN,
        "Diluted NI Availto Com Stockholders": NaN,
        "Net Income Common Stockholders": NaN,
        "Net Income": NaN,
        "Minority Interests": NaN,
        "Net Income Including Noncontrolling Interests": NaN,
        "Net Income Continuous Operations": NaN,
        "Tax Provision": NaN,
        "Pretax Income": NaN,
        "Other Income Expense": NaN,
        "Other Non Operating Income Expenses": NaN,
        "Special Income Charges": NaN,
        "Gain On Sale Of Business": NaN,
        "Other Special Charges": NaN,
        "Impairment Of Capital Assets": 156600000.0,
        "Gain On Sale Of Security": NaN,
        "Net Non Operating Interest Income Expense": NaN,
        "Interest Expense Non Operating": NaN,
        "Interest Income Non Operating": NaN,
        "Operating Income": NaN,
        "Operating Expense": NaN,
        "Research And Development": NaN,
        "Selling General And Administration": NaN,
        "Gross Profit": NaN,
        "Cost Of Revenue": NaN,
        "Total Revenue": NaN,
        "Operating Revenue": NaN
    },
    "2022-09-30": {
        "Tax Effect Of Unusual Items": NaN,
        "Tax Rate For Calcs": NaN,
        "Normalized EBITDA": NaN,
        "Total Unusual Items": NaN,
        "Total Unusual Items Excluding Goodwill": NaN,
        "Net Income From Continuing Operation Net Minority Interest": NaN,
        "Reconciled Depreciation": NaN,
        "Reconciled Cost Of Revenue": NaN,
        "EBITDA": NaN,
        "EBIT": NaN,
        "Net Interest Income": NaN,
        "Interest Expense": NaN,
        "Interest Income": 0.0,
        "Normalized Income": NaN,
        "Net Income From Continuing And Discontinued Operation": NaN,
        "Total Expenses": NaN,
        "Total Operating Income As Reported": NaN,
        "Diluted Average Shares": 181333000.0,
        "Basic Average Shares": 181333000.0,
        "Diluted EPS": -0.26,
        "Basic EPS": -0.26,
        "Diluted NI Availto Com Stockholders": NaN,
        "Net Income Common Stockholders": NaN,
        "Net Income": NaN,
        "Minority Interests": NaN,
        "Net Income Including Noncontrolling Interests": NaN,
        "Net Income Continuous Operations": NaN,
        "Tax Provision": NaN,
        "Pretax Income": NaN,
        "Other Income Expense": NaN,
        "Other Non Operating Income Expenses": NaN,
        "Special Income Charges": NaN,
        "Gain On Sale Of Business": 0.0,
        "Other Special Charges": NaN,
        "Impairment Of Capital Assets": 0.0,
        "Gain On Sale Of Security": NaN,
        "Net Non Operating Interest Income Expense": NaN,
        "Interest Expense Non Operating": NaN,
        "Interest Income Non Operating": 0.0,
        "Operating Income": NaN,
        "Operating Expense": NaN,
        "Research And Development": NaN,
        "Selling General And Administration": NaN,
        "Gross Profit": NaN,
        "Cost Of Revenue": NaN,
        "Total Revenue": NaN,
        "Operating Revenue": NaN
    },
    "2022-06-30": {
        "Tax Effect Of Unusual Items": -4317900.0,
        "Tax Rate For Calcs": 0.111,
        "Normalized EBITDA": 25500000.0,
        "Total Unusual Items": -38900000.0,
        "Total Unusual Items Excluding Goodwill": -38900000.0,
        "Net Income From Continuing Operation Net Minority Interest": -58600000.0,
        "Reconciled Depreciation": 44900000.0,
        "Reconciled Cost Of Revenue": 96800000.0,
        "EBITDA": -13400000.0,
        "EBIT": -58300000.0,
        "Net Interest Income": -8400000.0,
        "Interest Expense": 8400000.0,
        "Normalized Income": -24017900.0,
        "Net Income From Continuing And Discontinued Operation": -58600000.0,
        "Total Expenses": 195200000.0,
        "Total Operating Income As Reported": -74600000.0,
        "Diluted Average Shares": 180992000.0,
        "Basic Average Shares": 180992000.0,
        "Diluted EPS": -0.32,
        "Basic EPS": -0.32,
        "Diluted NI Availto Com Stockholders": -58600000.0,
        "Net Income Common Stockholders": -58600000.0,
        "Net Income": -58600000.0,
        "Minority Interests": 700000.0,
        "Net Income Including Noncontrolling Interests": -59300000.0,
        "Net Income Continuous Operations": -59300000.0,
        "Tax Provision": -7400000.0,
        "Pretax Income": -66700000.0,
        "Other Income Expense": -38900000.0,
        "Other Non Operating Income Expenses": NaN,
        "Special Income Charges": -55200000.0,
        "Gain On Sale Of Business": NaN,
        "Other Special Charges": NaN,
        "Impairment Of Capital Assets": 55200000.0,
        "Gain On Sale Of Security": 16300000.0,
        "Net Non Operating Interest Income Expense": -8400000.0,
        "Interest Expense Non Operating": 8400000.0,
        "Operating Income": -19400000.0,
        "Operating Expense": 98400000.0,
        "Research And Development": 7400000.0,
        "Selling General And Administration": 91000000.0,
        "Gross Profit": 79000000.0,
        "Cost Of Revenue": 96800000.0,
        "Total Revenue": 175800000.0,
        "Operating Revenue": 175800000.0
    },
    "2023-06-30": {
        "Tax Effect Of Unusual Items": -479700.0,
        "Tax Rate For Calcs": 0.041,
        "Normalized EBITDA": 36600000.0,
        "Total Unusual Items": -11700000.0,
        "Total Unusual Items Excluding Goodwill": -11700000.0,
        "Net Income From Continuing Operation Net Minority Interest": -27700000.0,
        "Reconciled Depreciation": 40900000.0,
        "Reconciled Cost Of Revenue": 109200000.0,
        "EBITDA": 24900000.0,
        "EBIT": -16000000.0,
        "Net Interest Income": -13600000.0,
        "Interest Expense": 13600000.0,
        "Interest Income": NaN,
        "Normalized Income": -16479700.0,
        "Net Income From Continuing And Discontinued Operation": -27700000.0,
        "Total Expenses": 201600000.0,
        "Total Operating Income As Reported": -10600000.0,
        "Diluted Average Shares": 199181000.0,
        "Basic Average Shares": 199181000.0,
        "Diluted EPS": -0.14,
        "Basic EPS": -0.14,
        "Diluted NI Availto Com Stockholders": -27700000.0,
        "Net Income Common Stockholders": -27700000.0,
        "Net Income": -27700000.0,
        "Minority Interests": 700000.0,
        "Net Income Including Noncontrolling Interests": -28400000.0,
        "Net Income Continuous Operations": -28400000.0,
        "Tax Provision": -1200000.0,
        "Pretax Income": -29600000.0,
        "Other Income Expense": -11800000.0,
        "Other Non Operating Income Expenses": -100000.0,
        "Special Income Charges": -6200000.0,
        "Gain On Sale Of Business": -6200000.0,
        "Other Special Charges": NaN,
        "Impairment Of Capital Assets": 0.0,
        "Gain On Sale Of Security": -5500000.0,
        "Net Non Operating Interest Income Expense": -13600000.0,
        "Interest Expense Non Operating": 13600000.0,
        "Interest Income Non Operating": NaN,
        "Operating Income": -4400000.0,
        "Operating Expense": 92400000.0,
        "Research And Development": 8400000.0,
        "Selling General And Administration": 84000000.0,
        "Gross Profit": 88000000.0,
        "Cost Of Revenue": 109200000.0,
        "Total Revenue": 197200000.0,
        "Operating Revenue": 197200000.0
    },
    "2022-03-31": {
        "Diluted EPS": -0.1,
        "Total Revenue": 163,
        "Gross Profit": 64,
        "Operating Income": -34,
        "EBIT": 12,
        "Net Income": -18
    },
    "2021-12-31": {
        "Diluted EPS": 20.65,
        "Total Revenue": -168,
        "Gross Profit": -80,
        "Operating Income": -51,
        "EBIT": -53,
        "Net Income": 13
    },
    "2021-09-30": {
        "Diluted EPS": -7.01,
        "Total Revenue": 144,
        "Gross Profit": 62,
        "Operating Income": -9,
        "EBIT": 17,
        "Net Income": -47
    },
    "2021-06-30": {
        "Diluted EPS": -8.14,
        "Total Revenue": 180,
        "Gross Profit": 80,
        "Operating Income": 5,
        "EBIT": 44,
        "Net Income": -54
    },
    "2021-03-31": {
        "Diluted EPS": -6.18,
        "Total Revenue": 166,
        "Gross Profit": 63,
        "Operating Income": -9,
        "EBIT": 16,
        "Net Income": -41
    },
    "2020-12-31": {
        "Diluted EPS": 0.0,
        "Total Revenue": NaN,
        "Gross Profit": NaN,
        "Operating Income": NaN,
        "EBIT": NaN,
        "Net Income": NaN
    },
    "2020-09-30": {
        "Diluted EPS": -0.35,
        "Total Revenue": 0,
        "Gross Profit": 0,
        "Operating Income": -32,
        "EBIT": -32,
        "Net Income": -32
    },
    "2020-06-30": {
        "Diluted EPS": -0.0,
        "Total Revenue": NaN,
        "Gross Profit": NaN,
        "Operating Income": 0,
        "EBIT": 0,
        "Net Income": 0
    },
    "2020-03-31": {
        "Diluted EPS": 0.0,
        "Total Revenue": NaN,
        "Gross Profit": NaN,
        "Operating Income": NaN,
        "EBIT": NaN,
        "Net Income": NaN
    },
    "2019-12-31": {
        "Diluted EPS": 0.0,
        "Total Revenue": NaN,
        "Gross Profit": NaN,
        "Operating Income": NaN,
        "EBIT": NaN,
        "Net Income": NaN
    },
    "2019-09-30": {
        "Diluted EPS": 0.0,
        "Total Revenue": NaN,
        "Gross Profit": NaN,
        "Operating Income": NaN,
        "EBIT": NaN,
        "Net Income": NaN
    },
    "2019-06-30": {
        "Diluted EPS": 0.0,
        "Total Revenue": NaN,
        "Gross Profit": NaN,
        "Operating Income": NaN,
        "EBIT": NaN,
        "Net Income": NaN
    },
    "2018-12-31": {
        "Diluted EPS": 0.0,
        "Total Revenue": NaN,
        "Gross Profit": NaN,
        "Operating Income": NaN,
        "EBIT": NaN,
        "Net Income": NaN
    },
    "2023-09-30": {
        "Tax Effect Of Unusual Items": 638000.0,
        "Tax Rate For Calcs": 0.058,
        "Normalized EBITDA": 31400000.0,
        "Total Unusual Items": 11000000.0,
        "Total Unusual Items Excluding Goodwill": 11000000.0,
        "Net Income From Continuing Operation Net Minority Interest": -12100000.0,
        "Reconciled Depreciation": 40600000.0,
        "Reconciled Cost Of Revenue": 110400000.0,
        "EBITDA": 42400000.0,
        "EBIT": 1800000.0,
        "Net Interest Income": -14200000.0,
        "Interest Expense": 15500000.0,
        "Interest Income": 1300000.0,
        "Normalized Income": -22462000.0,
        "Net Income From Continuing And Discontinued Operation": -12100000.0,
        "Total Expenses": 202000000.0,
        "Total Operating Income As Reported": -11100000.0,
        "Diluted Average Shares": 199223000.0,
        "Basic Average Shares": 199223000.0,
        "Diluted EPS": -0.06,
        "Basic EPS": -0.06,
        "Diluted NI Availto Com Stockholders": -12100000.0,
        "Net Income Common Stockholders": -12100000.0,
        "Net Income": -12100000.0,
        "Minority Interests": 800000.0,
        "Net Income Including Noncontrolling Interests": -12900000.0,
        "Net Income Continuous Operations": -12900000.0,
        "Tax Provision": -800000.0,
        "Pretax Income": -13700000.0,
        "Other Income Expense": 11300000.0,
        "Other Non Operating Income Expenses": 300000.0,
        "Special Income Charges": -300000.0,
        "Gain On Sale Of Business": -300000.0,
        "Other Special Charges": NaN,
        "Impairment Of Capital Assets": 0.0,
        "Gain On Sale Of Security": 11300000.0,
        "Net Non Operating Interest Income Expense": -14200000.0,
        "Interest Expense Non Operating": 15500000.0,
        "Interest Income Non Operating": 1300000.0,
        "Operating Income": -10800000.0,
        "Operating Expense": 91600000.0,
        "Research And Development": 7900000.0,
        "Selling General And Administration": 83700000.0,
        "Gross Profit": 80800000.0,
        "Cost Of Revenue": 110400000.0,
        "Total Revenue": 191200000.0,
        "Operating Revenue": 191200000.0
    },
    "2023-12-31": {
        "Tax Effect Of Unusual Items": -3344444.444444,
        "Tax Rate For Calcs": 0.194444,
        "Normalized EBITDA": 55000000.0,
        "Total Unusual Items": -17200000.0,
        "Total Unusual Items Excluding Goodwill": -17200000.0,
        "Net Income From Continuing Operation Net Minority Interest": -15200000.0,
        "Reconciled Depreciation": 40000000.0,
        "Reconciled Cost Of Revenue": 121900000.0,
        "EBITDA": 37800000.0,
        "EBIT": -2200000.0,
        "Net Interest Income": -14400000.0,
        "Interest Expense": 15800000.0,
        "Interest Income": 1400000.0,
        "Normalized Income": -1344444.444444,
        "Net Income From Continuing And Discontinued Operation": -15200000.0,
        "Total Expenses": 217000000.0,
        "Total Operating Income As Reported": 13400000.0,
        "Diluted Average Shares": NaN,
        "Basic Average Shares": NaN,
        "Diluted EPS": NaN,
        "Basic EPS": NaN,
        "Diluted NI Availto Com Stockholders": -15200000.0,
        "Net Income Common Stockholders": -15200000.0,
        "Net Income": -15200000.0,
        "Minority Interests": -700000.0,
        "Net Income Including Noncontrolling Interests": -14500000.0,
        "Net Income Continuous Operations": -14500000.0,
        "Tax Provision": -3500000.0,
        "Pretax Income": -18000000.0,
        "Other Income Expense": -17000000.0,
        "Other Non Operating Income Expenses": 200000.0,
        "Special Income Charges": 0.0,
        "Gain On Sale Of Business": 0.0,
        "Other Special Charges": 0.0,
        "Impairment Of Capital Assets": 0.0,
        "Gain On Sale Of Security": -17200000.0,
        "Net Non Operating Interest Income Expense": -14400000.0,
        "Interest Expense Non Operating": 15800000.0,
        "Interest Income Non Operating": 1400000.0,
        "Operating Income": 13400000.0,
        "Operating Expense": 95100000.0,
        "Research And Development": 7800000.0,
        "Selling General And Administration": 87300000.0,
        "Gross Profit": 108500000.0,
        "Cost Of Revenue": 121900000.0,
        "Total Revenue": 230400000.0,
        "Operating Revenue": 230400000.0
    },
    "2024-03-31": {
        "Tax Effect Of Unusual Items": -1365000.0,
        "Tax Rate For Calcs": 0.21,
        "Normalized EBITDA": 35500000.0,
        "Total Unusual Items": -6500000.0,
        "Total Unusual Items Excluding Goodwill": -6500000.0,
        "Net Income From Continuing Operation Net Minority Interest": -25800000.0,
        "Reconciled Depreciation": 38800000.0,
        "Reconciled Cost Of Revenue": 105500000.0,
        "EBITDA": 29000000.0,
        "EBIT": -9800000.0,
        "Net Interest Income": -13800000.0,
        "Interest Expense": 15500000.0,
        "Interest Income": 1700000.0,
        "Normalized Income": -20665000.0,
        "Net Income From Continuing And Discontinued Operation": -25800000.0,
        "Total Expenses": 197500000.0,
        "Total Operating Income As Reported": -4900000.0,
        "Diluted Average Shares": 199729000.0,
        "Basic Average Shares": 199729000.0,
        "Diluted EPS": -0.13,
        "Basic EPS": -0.13,
        "Diluted NI Availto Com Stockholders": -25800000.0,
        "Net Income Common Stockholders": -25800000.0,
        "Net Income": -25800000.0,
        "Minority Interests": 700000.0,
        "Net Income Including Noncontrolling Interests": -26500000.0,
        "Net Income Continuous Operations": -26500000.0,
        "Tax Provision": 1200000.0,
        "Pretax Income": -25300000.0,
        "Other Income Expense": -6400000.0,
        "Other Non Operating Income Expenses": 100000.0,
        "Special Income Charges": 0.0,
        "Gain On Sale Of Business": NaN,
        "Other Special Charges": NaN,
        "Impairment Of Capital Assets": NaN,
        "Gain On Sale Of Security": -6500000.0,
        "Net Non Operating Interest Income Expense": -13800000.0,
        "Interest Expense Non Operating": 15500000.0,
        "Interest Income Non Operating": 1700000.0,
        "Operating Income": -4900000.0,
        "Operating Expense": 92000000.0,
        "Research And Development": 7900000.0,
        "Selling General And Administration": 84100000.0,
        "Gross Profit": 87100000.0,
        "Cost Of Revenue": 105500000.0,
        "Total Revenue": 192600000.0,
        "Operating Revenue": 192600000.0
    },
    "2024-06-30": {
        "Tax Effect Of Unusual Items": 273000.0,
        "Tax Rate For Calcs": 0.21,
        "Normalized EBITDA": 40900000.0,
        "Total Unusual Items": 1300000.0,
        "Total Unusual Items Excluding Goodwill": 1300000.0,
        "Net Income From Continuing Operation Net Minority Interest": -11700000.0,
        "Reconciled Depreciation": 38400000.0,
        "Reconciled Cost Of Revenue": 109700000.0,
        "EBITDA": 42200000.0,
        "EBIT": 3800000.0,
        "Net Interest Income": -13100000.0,
        "Interest Expense": 15100000.0,
        "Interest Income": 2000000.0,
        "Normalized Income": -12727000.0,
        "Net Income From Continuing And Discontinued Operation": -11700000.0,
        "Total Expenses": 206000000.0,
        "Total Operating Income As Reported": 2300000.0,
        "Diluted Average Shares": 202197000.0,
        "Basic Average Shares": 202197000.0,
        "Diluted EPS": -0.06,
        "Basic EPS": -0.06,
        "Diluted NI Availto Com Stockholders": -11700000.0,
        "Net Income Common Stockholders": -11700000.0,
        "Net Income": -11700000.0,
        "Minority Interests": 300000.0,
        "Net Income Including Noncontrolling Interests": -12000000.0,
        "Net Income Continuous Operations": -12000000.0,
        "Tax Provision": 700000.0,
        "Pretax Income": -11300000.0,
        "Other Income Expense": 700000.0,
        "Other Non Operating Income Expenses": -600000.0,
        "Special Income Charges": 1200000.0,
        "Gain On Sale Of Business": 1200000.0,
        "Other Special Charges": NaN,
        "Impairment Of Capital Assets": NaN,
        "Gain On Sale Of Security": 100000.0,
        "Net Non Operating Interest Income Expense": -13100000.0,
        "Interest Expense Non Operating": 15100000.0,
        "Interest Income Non Operating": 2000000.0,
        "Operating Income": 1100000.0,
        "Operating Expense": 96300000.0,
        "Research And Development": 8800000.0,
        "Selling General And Administration": 87500000.0,
        "Gross Profit": 97400000.0,
        "Cost Of Revenue": 109700000.0,
        "Total Revenue": 207100000.0,
        "Operating Revenue": 207100000.0
    }
}