{
    "2022-09-30": {
        "Tax Effect Of Unusual Items": -921480.0,
        "Tax Rate For Calcs": 0.21,
        "Normalized EBITDA": 6957000.0,
        "Total Unusual Items": -4388000.0,
        "Total Unusual Items Excluding Goodwill": -4388000.0,
        "Net Income From Continuing Operation Net Minority Interest": -311000.0,
        "Reconciled Depreciation": 4708000.0,
        "Reconciled Cost Of Revenue": 5218000.0,
        "EBITDA": 2569000.0,
        "EBIT": 2569000.0,
        "Net Interest Income": -2107000.0,
        "Interest Expense": 2107000.0,
        "Normalized Income": 3155520.0,
        "Net Income From Continuing And Discontinued Operation": -311000.0,
        "Total Expenses": 31440000.0,
        "Total Operating Income As Reported": 2937000.0,
        "Diluted Average Shares": 45311000.0,
        "Basic Average Shares": 44693000.0,
        "Diluted EPS": -0.01,
        "Basic EPS": -0.01,
        "Diluted NI Availto Com Stockholders": -311000.0,
        "Net Income Common Stockholders": -311000.0,
        "Net Income": -311000.0,
        "Net Income Including Noncontrolling Interests": -311000.0,
        "Net Income Continuous Operations": -311000.0,
        "Tax Provision": 773000.0,
        "Pretax Income": 462000.0,
        "Other Income Expense": -4756000.0,
        "Other Non Operating Income Expenses": -368000.0,
        "Special Income Charges": -4388000.0,
        "Restructuring And Mergern Acquisition": 4388000.0,
        "Net Non Operating Interest Income Expense": -2107000.0,
        "Total Other Finance Cost": NaN,
        "Interest Expense Non Operating": 2107000.0,
        "Operating Income": 7325000.0,
        "Operating Expense": 26222000.0,
        "Depreciation Amortization Depletion Income Statement": 5225000.0,
        "Depreciation And Amortization In Income Statement": 5225000.0,
        "Amortization": 5225000.0,
        "Amortization Of Intangibles Income Statement": 5225000.0,
        "Research And Development": 8278000.0,
        "Selling General And Administration": 17944000.0,
        "Selling And Marketing Expense": 9951000.0,
        "General And Administrative Expense": 7993000.0,
        "Other Gand A": 7993000.0,
        "Salaries And Wages": NaN,
        "Gross Profit": 33547000.0,
        "Cost Of Revenue": 5218000.0,
        "Total Revenue": 38765000.0,
        "Operating Revenue": 38765000.0
    },
    "2022-06-30": {
        "Tax Effect Of Unusual Items": -722800.0,
        "Tax Rate For Calcs": 0.4,
        "Normalized EBITDA": 7563000.0,
        "Total Unusual Items": -1807000.0,
        "Total Unusual Items Excluding Goodwill": -1807000.0,
        "Net Income From Continuing Operation Net Minority Interest": -852000.0,
        "Reconciled Depreciation": 4492000.0,
        "Reconciled Cost Of Revenue": 4567000.0,
        "EBITDA": 5756000.0,
        "EBIT": 1264000.0,
        "Net Interest Income": -2077000.0,
        "Interest Expense": 2077000.0,
        "Normalized Income": 232200.0,
        "Net Income From Continuing And Discontinued Operation": -852000.0,
        "Total Expenses": 36311000.0,
        "Total Operating Income As Reported": 1215000.0,
        "Diluted Average Shares": 45224000.0,
        "Basic Average Shares": 44669000.0,
        "Diluted EPS": 0.02,
        "Basic EPS": 0.02,
        "Diluted NI Availto Com Stockholders": -852000.0,
        "Net Income Common Stockholders": -852000.0,
        "Net Income": -852000.0,
        "Net Income Including Noncontrolling Interests": -852000.0,
        "Net Income Continuous Operations": -852000.0,
        "Tax Provision": 39000.0,
        "Pretax Income": -813000.0,
        "Other Income Expense": -1758000.0,
        "Other Non Operating Income Expenses": 49000.0,
        "Special Income Charges": -1807000.0,
        "Restructuring And Mergern Acquisition": 1807000.0,
        "Net Non Operating Interest Income Expense": -2077000.0,
        "Total Other Finance Cost": 1787000.0,
        "Interest Expense Non Operating": 2077000.0,
        "Operating Income": 3022000.0,
        "Operating Expense": 31744000.0,
        "Depreciation Amortization Depletion Income Statement": 4492000.0,
        "Depreciation And Amortization In Income Statement": 4492000.0,
        "Amortization": 4492000.0,
        "Amortization Of Intangibles Income Statement": 4492000.0,
        "Research And Development": 9411000.0,
        "Selling General And Administration": 17841000.0,
        "Selling And Marketing Expense": 11174000.0,
        "General And Administrative Expense": 6667000.0,
        "Other Gand A": 6667000.0,
        "Gross Profit": 34766000.0,
        "Cost Of Revenue": 4567000.0,
        "Total Revenue": 39333000.0,
        "Operating Revenue": 39333000.0
    },
    "2022-03-31": {
        "Diluted EPS": 0.02,
        "Total Revenue": 35,
        "Gross Profit": 31,
        "Operating Income": 4,
        "EBIT": 8,
        "Net Income": 1
    },
    "2021-12-31": {
        "Diluted EPS": 0.07,
        "Total Revenue": 32,
        "Gross Profit": 29,
        "Operating Income": 5,
        "EBIT": 9,
        "Net Income": 3
    },
    "2021-09-30": {
        "Diluted EPS": 0.04,
        "Total Revenue": 33,
        "Gross Profit": 30,
        "Operating Income": 4,
        "EBIT": 8,
        "Net Income": 2
    },
    "2021-06-30": {
        "Diluted EPS": 0.07,
        "Total Revenue": 32,
        "Gross Profit": 28,
        "Operating Income": 5,
        "EBIT": 10,
        "Net Income": 3
    },
    "2021-03-31": {
        "Diluted EPS": 0.02,
        "Total Revenue": 29,
        "Gross Profit": 25,
        "Operating Income": 2,
        "EBIT": 6,
        "Net Income": 1
    },
    "2020-12-31": {
        "Diluted EPS": 0.05,
        "Total Revenue": 26,
        "Gross Profit": 22,
        "Operating Income": 2,
        "EBIT": 4,
        "Net Income": 2
    },
    "2020-09-30": {
        "Diluted EPS": 0.12,
        "Total Revenue": 31,
        "Gross Profit": 27,
        "Operating Income": 6,
        "EBIT": 8,
        "Net Income": 5
    },
    "2020-06-30": {
        "Diluted EPS": 0.03,
        "Total Revenue": 25,
        "Gross Profit": 22,
        "Operating Income": 1,
        "EBIT": 3,
        "Net Income": 1
    },
    "2020-03-31": {
        "Diluted EPS": 0.02,
        "Total Revenue": 23,
        "Gross Profit": 20,
        "Operating Income": 1,
        "EBIT": 3,
        "Net Income": 1
    },
    "2019-12-31": {
        "Diluted EPS": 0.01,
        "Total Revenue": 22,
        "Gross Profit": 19,
        "Operating Income": 0,
        "EBIT": 2,
        "Net Income": 1
    },
    "2019-09-30": {
        "Diluted EPS": 0.08,
        "Total Revenue": 25,
        "Gross Profit": 22,
        "Operating Income": 5,
        "EBIT": 7,
        "Net Income": 3
    },
    "2019-06-30": {
        "Diluted EPS": 0.0,
        "Total Revenue": 22,
        "Gross Profit": 19,
        "Operating Income": -3,
        "EBIT": -1,
        "Net Income": 0
    },
    "2019-03-31": {
        "Diluted EPS": -0.02,
        "Total Revenue": 20,
        "Gross Profit": 17,
        "Operating Income": -2,
        "EBIT": 0,
        "Net Income": -1
    },
    "2018-12-31": {
        "Diluted EPS": -0.08,
        "Total Revenue": 18,
        "Gross Profit": 15,
        "Operating Income": -5,
        "EBIT": -2,
        "Net Income": -3
    },
    "2018-09-30": {
        "Diluted EPS": -0.05,
        "Total Revenue": 21,
        "Gross Profit": 18,
        "Operating Income": -1,
        "EBIT": 1,
        "Net Income": -2
    },
    "2018-06-30": {
        "Diluted EPS": -0.08,
        "Total Revenue": 16,
        "Gross Profit": 13,
        "Operating Income": -3,
        "EBIT": -2,
        "Net Income": -3
    },
    "2018-03-31": {
        "Diluted EPS": -0.03,
        "Total Revenue": 14,
        "Gross Profit": 13,
        "Operating Income": -1,
        "EBIT": -1,
        "Net Income": -1
    },
    "2017-12-31": {
        "Diluted EPS": -0.17,
        "Total Revenue": 12,
        "Gross Profit": 11,
        "Operating Income": -2,
        "EBIT": -1,
        "Net Income": -6
    },
    "2017-09-30": {
        "Diluted EPS": 0.37,
        "Total Revenue": 13,
        "Gross Profit": 12,
        "Operating Income": 2,
        "EBIT": 2,
        "Net Income": 13
    },
    "2017-06-30": {
        "Diluted EPS": 0.02,
        "Total Revenue": 12,
        "Gross Profit": 11,
        "Operating Income": 0,
        "EBIT": 1,
        "Net Income": 1
    },
    "2017-03-31": {
        "Diluted EPS": 0.03,
        "Total Revenue": 11,
        "Gross Profit": 11,
        "Operating Income": 1,
        "EBIT": 2,
        "Net Income": 1
    },
    "2016-12-31": {
        "Diluted EPS": -0.02,
        "Total Revenue": 9,
        "Gross Profit": 8,
        "Operating Income": -1,
        "EBIT": 0,
        "Net Income": -1
    },
    "2016-09-30": {
        "Diluted EPS": 0.03,
        "Total Revenue": 10,
        "Gross Profit": 9,
        "Operating Income": 1,
        "EBIT": 2,
        "Net Income": 1
    },
    "2016-06-30": {
        "Diluted EPS": 0.02,
        "Total Revenue": 9,
        "Gross Profit": 8,
        "Operating Income": 1,
        "EBIT": 1,
        "Net Income": 1
    },
    "2016-03-31": {
        "Diluted EPS": 0.02,
        "Total Revenue": 9,
        "Gross Profit": 8,
        "Operating Income": 1,
        "EBIT": 1,
        "Net Income": 1
    },
    "2015-12-31": {
        "Diluted EPS": -0.01,
        "Total Revenue": 7,
        "Gross Profit": 6,
        "Operating Income": 0,
        "EBIT": 0,
        "Net Income": 0
    },
    "2015-09-30": {
        "Diluted EPS": 0.03,
        "Total Revenue": 8,
        "Gross Profit": 7,
        "Operating Income": 1,
        "EBIT": 2,
        "Net Income": 1
    },
    "2015-06-30": {
        "Diluted EPS": 0.03,
        "Total Revenue": 6,
        "Gross Profit": 6,
        "Operating Income": 0,
        "EBIT": 1,
        "Net Income": 1
    },
    "2015-03-31": {
        "Diluted EPS": 0.02,
        "Total Revenue": 6,
        "Gross Profit": 5,
        "Operating Income": 0,
        "EBIT": 1,
        "Net Income": 1
    },
    "2014-12-31": {
        "Diluted EPS": 0.0,
        "Total Revenue": 5,
        "Gross Profit": 5,
        "Operating Income": 0,
        "EBIT": 0,
        "Net Income": 0
    },
    "2014-09-30": {
        "Diluted EPS": 0.0,
        "Total Revenue": 6,
        "Gross Profit": 5,
        "Operating Income": 0,
        "EBIT": 0,
        "Net Income": 0
    },
    "2014-06-30": {
        "Diluted EPS": -0.05,
        "Total Revenue": 5,
        "Gross Profit": 4,
        "Operating Income": -2,
        "EBIT": -1,
        "Net Income": -2
    },
    "2014-03-31": {
        "Diluted EPS": -0.07,
        "Total Revenue": 4,
        "Gross Profit": 4,
        "Operating Income": -2,
        "EBIT": -2,
        "Net Income": -2
    },
    "2013-12-31": {
        "Diluted EPS": -0.05,
        "Total Revenue": 4,
        "Gross Profit": 4,
        "Operating Income": -1,
        "EBIT": -1,
        "Net Income": -1
    },
    "2013-09-30": {
        "Diluted EPS": -0.04,
        "Total Revenue": 4,
        "Gross Profit": 4,
        "Operating Income": -1,
        "EBIT": -1,
        "Net Income": -1
    },
    "2013-06-30": {
        "Diluted EPS": -0.08,
        "Total Revenue": 4,
        "Gross Profit": 3,
        "Operating Income": -2,
        "EBIT": -2,
        "Net Income": -2
    },
    "2013-03-31": {
        "Diluted EPS": -0.09,
        "Total Revenue": 3,
        "Gross Profit": 3,
        "Operating Income": -2,
        "EBIT": -2,
        "Net Income": -2
    },
    "2012-12-31": {
        "Diluted EPS": -0.05,
        "Total Revenue": 3,
        "Gross Profit": 3,
        "Operating Income": -1,
        "EBIT": -1,
        "Net Income": -1
    },
    "2012-09-30": {
        "Diluted EPS": -0.12,
        "Total Revenue": 1,
        "Gross Profit": 1,
        "Operating Income": -3,
        "EBIT": -3,
        "Net Income": -3
    },
    "2012-06-30": {
        "Diluted EPS": -0.08,
        "Total Revenue": 3,
        "Gross Profit": 3,
        "Operating Income": -2,
        "EBIT": -2,
        "Net Income": -2
    },
    "2012-03-31": {
        "Diluted EPS": -0.11,
        "Total Revenue": 1,
        "Gross Profit": 1,
        "Operating Income": -3,
        "EBIT": -3,
        "Net Income": -3
    },
    "2011-12-31": {
        "Diluted EPS": 0.0,
        "Total Revenue": 4,
        "Gross Profit": 3,
        "Operating Income": 0,
        "EBIT": 0,
        "Net Income": 0
    },
    "2011-09-30": {
        "Diluted EPS": 0.0,
        "Total Revenue": 3,
        "Gross Profit": 3,
        "Operating Income": 0,
        "EBIT": 0,
        "Net Income": 0
    },
    "2011-06-30": {
        "Diluted EPS": 0.01,
        "Total Revenue": 3,
        "Gross Profit": 3,
        "Operating Income": 0,
        "EBIT": 0,
        "Net Income": 0
    },
    "2011-03-31": {
        "Diluted EPS": 0.02,
        "Total Revenue": 3,
        "Gross Profit": 3,
        "Operating Income": 1,
        "EBIT": 1,
        "Net Income": 1
    },
    "2010-12-31": {
        "Diluted EPS": -0.04,
        "Total Revenue": 1,
        "Gross Profit": 1,
        "Operating Income": 0,
        "EBIT": 0,
        "Net Income": -1
    },
    "2010-09-30": {
        "Diluted EPS": 0.01,
        "Total Revenue": 2,
        "Gross Profit": 1,
        "Operating Income": 0,
        "EBIT": 0,
        "Net Income": 0
    },
    "2010-06-30": {
        "Diluted EPS": -0.04,
        "Total Revenue": 1,
        "Gross Profit": 1,
        "Operating Income": -1,
        "EBIT": -1,
        "Net Income": -1
    },
    "2010-03-31": {
        "Diluted EPS": 0.0,
        "Total Revenue": 2,
        "Gross Profit": 1,
        "Operating Income": 0,
        "EBIT": 0,
        "Net Income": 0
    },
    "2009-12-31": {
        "Diluted EPS": -0.01,
        "Total Revenue": 1,
        "Gross Profit": 1,
        "Operating Income": 0,
        "EBIT": 0,
        "Net Income": 0
    },
    "2009-09-30": {
        "Diluted EPS": -0.02,
        "Total Revenue": 1,
        "Gross Profit": 1,
        "Operating Income": 0,
        "EBIT": 0,
        "Net Income": 0
    },
    "2009-06-30": {
        "Diluted EPS": -0.01,
        "Total Revenue": 1,
        "Gross Profit": 1,
        "Operating Income": 0,
        "EBIT": 0,
        "Net Income": 0
    },
    "2009-03-31": {
        "Diluted EPS": -0.01,
        "Total Revenue": 1,
        "Gross Profit": 1,
        "Operating Income": 0,
        "EBIT": 0,
        "Net Income": 0
    },
    "2022-12-31": {
        "Tax Effect Of Unusual Items": -497280.0,
        "Tax Rate For Calcs": 0.28,
        "Normalized EBITDA": 15319000.0,
        "Total Unusual Items": -1776000.0,
        "Total Unusual Items Excluding Goodwill": -1776000.0,
        "Net Income From Continuing Operation Net Minority Interest": 4730000.0,
        "Reconciled Depreciation": 4830000.0,
        "Reconciled Cost Of Revenue": 5060000.0,
        "EBITDA": 13543000.0,
        "EBIT": 8713000.0,
        "Net Interest Income": -2137000.0,
        "Interest Expense": 2137000.0,
        "Normalized Income": 6008720.0,
        "Net Income From Continuing And Discontinued Operation": 4730000.0,
        "Total Expenses": 35554000.0,
        "Total Operating Income As Reported": 8373000.0,
        "Diluted Average Shares": 45634000.0,
        "Basic Average Shares": 44930000.0,
        "Diluted EPS": 0.1,
        "Basic EPS": 0.11,
        "Diluted NI Availto Com Stockholders": 4730000.0,
        "Net Income Common Stockholders": 4730000.0,
        "Net Income": 4730000.0,
        "Net Income Including Noncontrolling Interests": 4730000.0,
        "Net Income Continuous Operations": 4730000.0,
        "Tax Provision": 1846000.0,
        "Pretax Income": 6576000.0,
        "Other Income Expense": -1436000.0,
        "Other Non Operating Income Expenses": 340000.0,
        "Special Income Charges": -1776000.0,
        "Restructuring And Mergern Acquisition": 1776000.0,
        "Net Non Operating Interest Income Expense": -2137000.0,
        "Total Other Finance Cost": 1844000.0,
        "Interest Expense Non Operating": 2137000.0,
        "Operating Income": 10149000.0,
        "Operating Expense": 30485000.0,
        "Depreciation Amortization Depletion Income Statement": 4821000.0,
        "Depreciation And Amortization In Income Statement": 4821000.0,
        "Amortization": 4821000.0,
        "Amortization Of Intangibles Income Statement": 4821000.0,
        "Research And Development": 7670000.0,
        "Selling General And Administration": 17994000.0,
        "Selling And Marketing Expense": 9515000.0,
        "General And Administrative Expense": 8479000.0,
        "Other Gand A": 8479000.0,
        "Salaries And Wages": NaN,
        "Gross Profit": 40634000.0,
        "Cost Of Revenue": 5069000.0,
        "Total Revenue": 45703000.0,
        "Operating Revenue": 45703000.0
    },
    "2023-03-31": {
        "Tax Effect Of Unusual Items": -54600.0,
        "Tax Rate For Calcs": 0.26,
        "Normalized EBITDA": 14294000.0,
        "Total Unusual Items": -210000.0,
        "Total Unusual Items Excluding Goodwill": -210000.0,
        "Net Income From Continuing Operation Net Minority Interest": 5169000.0,
        "Reconciled Depreciation": 4944000.0,
        "Reconciled Cost Of Revenue": 5228000.0,
        "EBITDA": 14084000.0,
        "EBIT": 9140000.0,
        "Net Interest Income": -2163000.0,
        "Interest Expense": 2163000.0,
        "Normalized Income": 5324400.0,
        "Net Income From Continuing And Discontinued Operation": 5169000.0,
        "Total Expenses": 37227000.0,
        "Total Operating Income As Reported": 8686000.0,
        "Diluted Average Shares": 45780000.0,
        "Basic Average Shares": 45377000.0,
        "Diluted EPS": 0.11,
        "Basic EPS": 0.11,
        "Diluted NI Availto Com Stockholders": 5169000.0,
        "Net Income Common Stockholders": 5169000.0,
        "Net Income": 5169000.0,
        "Net Income Including Noncontrolling Interests": 5169000.0,
        "Net Income Continuous Operations": 5169000.0,
        "Tax Provision": 1808000.0,
        "Pretax Income": 6977000.0,
        "Other Income Expense": 244000.0,
        "Other Non Operating Income Expenses": 454000.0,
        "Special Income Charges": -210000.0,
        "Restructuring And Mergern Acquisition": 210000.0,
        "Net Non Operating Interest Income Expense": -2163000.0,
        "Interest Expense Non Operating": 2163000.0,
        "Operating Income": 8896000.0,
        "Operating Expense": 31329000.0,
        "Depreciation Amortization Depletion Income Statement": 4274000.0,
        "Depreciation And Amortization In Income Statement": 4274000.0,
        "Amortization": 4274000.0,
        "Amortization Of Intangibles Income Statement": 4274000.0,
        "Research And Development": 7373000.0,
        "Selling General And Administration": 19682000.0,
        "Selling And Marketing Expense": 9623000.0,
        "General And Administrative Expense": 10059000.0,
        "Other Gand A": 10059000.0,
        "Salaries And Wages": 1739000.0,
        "Gross Profit": 40225000.0,
        "Cost Of Revenue": 5898000.0,
        "Total Revenue": 46123000.0,
        "Operating Revenue": 46123000.0
    },
    "2023-06-30": {
        "Tax Effect Of Unusual Items": -2940.0,
        "Tax Rate For Calcs": 0.21,
        "Normalized EBITDA": 8938000.0,
        "Total Unusual Items": -14000.0,
        "Total Unusual Items Excluding Goodwill": -14000.0,
        "Net Income From Continuing Operation Net Minority Interest": -428000.0,
        "Reconciled Depreciation": 4683000.0,
        "Reconciled Cost Of Revenue": 7236000.0,
        "EBITDA": 8924000.0,
        "EBIT": 2717000.0,
        "Net Interest Income": -2362000.0,
        "Interest Expense": 2362000.0,
        "Normalized Income": -416940.0,
        "Net Income From Continuing And Discontinued Operation": -428000.0,
        "Total Expenses": 41264000.0,
        "Total Operating Income As Reported": 1792000.0,
        "Diluted Average Shares": 46473000.0,
        "Basic Average Shares": 46002000.0,
        "Diluted EPS": -0.01,
        "Basic EPS": -0.01,
        "Diluted NI Availto Com Stockholders": -428000.0,
        "Net Income Common Stockholders": -428000.0,
        "Net Income": -428000.0,
        "Net Income Including Noncontrolling Interests": -428000.0,
        "Net Income Continuous Operations": -428000.0,
        "Tax Provision": 783000.0,
        "Pretax Income": 355000.0,
        "Other Income Expense": 911000.0,
        "Other Non Operating Income Expenses": 925000.0,
        "Special Income Charges": -14000.0,
        "Restructuring And Mergern Acquisition": 14000.0,
        "Net Non Operating Interest Income Expense": -2362000.0,
        "Interest Expense Non Operating": 2362000.0,
        "Operating Income": 1806000.0,
        "Operating Expense": 35552000.0,
        "Depreciation Amortization Depletion Income Statement": 6207000.0,
        "Depreciation And Amortization In Income Statement": 6207000.0,
        "Amortization": 6207000.0,
        "Amortization Of Intangibles Income Statement": 6207000.0,
        "Research And Development": 7461000.0,
        "Selling General And Administration": 21884000.0,
        "Selling And Marketing Expense": 10296000.0,
        "General And Administrative Expense": 11588000.0,
        "Other Gand A": 11588000.0,
        "Salaries And Wages": NaN,
        "Gross Profit": 37358000.0,
        "Cost Of Revenue": 5712000.0,
        "Total Revenue": 43070000.0,
        "Operating Revenue": 43070000.0
    },
    "2023-09-30": {
        "Tax Effect Of Unusual Items": -23940.0,
        "Tax Rate For Calcs": 0.21,
        "Normalized EBITDA": 3210000.0,
        "Total Unusual Items": -114000.0,
        "Total Unusual Items Excluding Goodwill": -114000.0,
        "Net Income From Continuing Operation Net Minority Interest": -1444000.0,
        "Reconciled Depreciation": 4262000.0,
        "Reconciled Cost Of Revenue": 5754000.0,
        "EBITDA": 3096000.0,
        "EBIT": -1166000.0,
        "Net Interest Income": -2401000.0,
        "Interest Expense": 2401000.0,
        "Normalized Income": -1353940.0,
        "Net Income From Continuing And Discontinued Operation": -1444000.0,
        "Total Expenses": 40829000.0,
        "Total Operating Income As Reported": -3287000.0,
        "Diluted Average Shares": NaN,
        "Basic Average Shares": NaN,
        "Diluted EPS": NaN,
        "Basic EPS": NaN,
        "Diluted NI Availto Com Stockholders": -1444000.0,
        "Net Income Common Stockholders": -1444000.0,
        "Net Income": -1444000.0,
        "Net Income Including Noncontrolling Interests": -1444000.0,
        "Net Income Continuous Operations": -1444000.0,
        "Tax Provision": -2123000.0,
        "Pretax Income": -3567000.0,
        "Other Income Expense": 2007000.0,
        "Other Non Operating Income Expenses": 2121000.0,
        "Special Income Charges": -114000.0,
        "Restructuring And Mergern Acquisition": 114000.0,
        "Net Non Operating Interest Income Expense": -2401000.0,
        "Interest Expense Non Operating": 2401000.0,
        "Operating Income": -3173000.0,
        "Operating Expense": 34557000.0,
        "Depreciation Amortization Depletion Income Statement": 3744000.0,
        "Depreciation And Amortization In Income Statement": 3744000.0,
        "Amortization": 3744000.0,
        "Amortization Of Intangibles Income Statement": 3744000.0,
        "Research And Development": 6484000.0,
        "Selling General And Administration": 24329000.0,
        "Selling And Marketing Expense": 11117000.0,
        "General And Administrative Expense": 13212000.0,
        "Other Gand A": 13212000.0,
        "Salaries And Wages": NaN,
        "Gross Profit": 31384000.0,
        "Cost Of Revenue": 6272000.0,
        "Total Revenue": 37656000.0,
        "Operating Revenue": 37656000.0
    }
}