{
    "2023-05-31": {
        "Tax Effect Of Unusual Items": -2921252.059308,
        "Tax Rate For Calcs": 0.221307,
        "Normalized EBITDA": 296300000.0,
        "Total Unusual Items": -13200000.0,
        "Total Unusual Items Excluding Goodwill": -13200000.0,
        "Net Income From Continuing Operation Net Minority Interest": 152100000.0,
        "Reconciled Depreciation": 48800000.0,
        "Reconciled Cost Of Revenue": 1043700000.0,
        "EBITDA": 283100000.0,
        "EBIT": 234300000.0,
        "Net Interest Income": -52200000.0,
        "Interest Expense": 52200000.0,
        "Interest Income": NaN,
        "Normalized Income": 162378747.940692,
        "Net Income From Continuing And Discontinued Operation": 152100000.0,
        "Total Expenses": 1424200000.0,
        "Total Operating Income As Reported": 221800000.0,
        "Diluted Average Shares": 269800000.0,
        "Basic Average Shares": 268400000.0,
        "Diluted EPS": 0.56,
        "Basic EPS": 0.57,
        "Diluted NI Availto Com Stockholders": 152100000.0,
        "Net Income Common Stockholders": 152100000.0,
        "Net Income": 152100000.0,
        "Net Income Including Noncontrolling Interests": 152100000.0,
        "Net Income Continuous Operations": 152100000.0,
        "Earnings From Equity Interest Net Of Tax": 10300000.0,
        "Tax Provision": 40300000.0,
        "Pretax Income": 182100000.0,
        "Other Income Expense": -700000.0,
        "Other Non Operating Income Expenses": 12500000.0,
        "Special Income Charges": -13200000.0,
        "Gain On Sale Of Business": NaN,
        "Other Special Charges": 6200000.0,
        "Restructuring And Mergern Acquisition": 7000000.0,
        "Net Non Operating Interest Income Expense": -52200000.0,
        "Interest Expense Non Operating": 52200000.0,
        "Interest Income Non Operating": NaN,
        "Operating Income": 235000000.0,
        "Operating Expense": 380500000.0,
        "Selling General And Administration": 380500000.0,
        "General And Administrative Expense": NaN,
        "Other Gand A": NaN,
        "Salaries And Wages": NaN,
        "Gross Profit": 615500000.0,
        "Cost Of Revenue": 1043700000.0,
        "Total Revenue": 1659200000.0,
        "Operating Revenue": 1659200000.0
    },
    "2023-02-28": {
        "Tax Effect Of Unusual Items": -6171600.0,
        "Tax Rate For Calcs": 0.222,
        "Normalized EBITDA": 285700000.0,
        "Total Unusual Items": -27800000.0,
        "Total Unusual Items Excluding Goodwill": -27800000.0,
        "Net Income From Continuing Operation Net Minority Interest": 139100000.0,
        "Reconciled Depreciation": 47800000.0,
        "Reconciled Cost Of Revenue": 1002600000.0,
        "EBITDA": 257900000.0,
        "EBIT": 210100000.0,
        "Net Interest Income": -50600000.0,
        "Interest Expense": 50600000.0,
        "Interest Income": NaN,
        "Normalized Income": 160728400.0,
        "Net Income From Continuing And Discontinued Operation": 139100000.0,
        "Total Expenses": 1338700000.0,
        "Total Operating Income As Reported": 199000000.0,
        "Diluted Average Shares": 269800000.0,
        "Basic Average Shares": 268200000.0,
        "Diluted EPS": 0.52,
        "Basic EPS": 0.52,
        "Diluted NI Availto Com Stockholders": 139100000.0,
        "Net Income Common Stockholders": 139100000.0,
        "Net Income": 139100000.0,
        "Net Income Including Noncontrolling Interests": 139100000.0,
        "Net Income Continuous Operations": 139100000.0,
        "Earnings From Equity Interest Net Of Tax": 14000000.0,
        "Tax Provision": 34400000.0,
        "Pretax Income": 159500000.0,
        "Other Income Expense": -16700000.0,
        "Other Non Operating Income Expenses": 11100000.0,
        "Special Income Charges": -27800000.0,
        "Gain On Sale Of Business": NaN,
        "Other Special Charges": 3000000.0,
        "Restructuring And Mergern Acquisition": 24800000.0,
        "Net Non Operating Interest Income Expense": -50600000.0,
        "Interest Expense Non Operating": 50600000.0,
        "Interest Income Non Operating": NaN,
        "Operating Income": 226800000.0,
        "Operating Expense": 336100000.0,
        "Selling General And Administration": 336100000.0,
        "General And Administrative Expense": NaN,
        "Other Gand A": NaN,
        "Salaries And Wages": NaN,
        "Gross Profit": 562900000.0,
        "Cost Of Revenue": 1002600000.0,
        "Total Revenue": 1565500000.0,
        "Operating Revenue": 1565500000.0
    },
    "2022-11-30": {
        "Tax Effect Of Unusual Items": NaN,
        "Tax Rate For Calcs": NaN,
        "Normalized EBITDA": NaN,
        "Total Unusual Items": NaN,
        "Total Unusual Items Excluding Goodwill": NaN,
        "Net Income From Continuing Operation Net Minority Interest": NaN,
        "Reconciled Depreciation": NaN,
        "Reconciled Cost Of Revenue": NaN,
        "EBITDA": NaN,
        "EBIT": NaN,
        "Net Interest Income": NaN,
        "Interest Expense": NaN,
        "Interest Income": 6100000.0,
        "Normalized Income": NaN,
        "Net Income From Continuing And Discontinued Operation": NaN,
        "Total Expenses": NaN,
        "Total Operating Income As Reported": NaN,
        "Diluted Average Shares": NaN,
        "Basic Average Shares": NaN,
        "Diluted EPS": NaN,
        "Basic EPS": NaN,
        "Diluted NI Availto Com Stockholders": NaN,
        "Net Income Common Stockholders": NaN,
        "Net Income": NaN,
        "Net Income Including Noncontrolling Interests": NaN,
        "Net Income Continuous Operations": NaN,
        "Earnings From Equity Interest Net Of Tax": NaN,
        "Tax Provision": NaN,
        "Pretax Income": NaN,
        "Other Income Expense": NaN,
        "Other Non Operating Income Expenses": NaN,
        "Special Income Charges": NaN,
        "Gain On Sale Of Business": 0.0,
        "Other Special Charges": NaN,
        "Restructuring And Mergern Acquisition": NaN,
        "Net Non Operating Interest Income Expense": NaN,
        "Interest Expense Non Operating": NaN,
        "Interest Income Non Operating": 6100000.0,
        "Operating Income": NaN,
        "Operating Expense": NaN,
        "Selling General And Administration": NaN,
        "General And Administrative Expense": NaN,
        "Other Gand A": NaN,
        "Salaries And Wages": NaN,
        "Gross Profit": NaN,
        "Cost Of Revenue": NaN,
        "Total Revenue": NaN,
        "Operating Revenue": NaN
    },
    "2022-08-31": {
        "Tax Effect Of Unusual Items": NaN,
        "Tax Rate For Calcs": NaN,
        "Normalized EBITDA": NaN,
        "Total Unusual Items": NaN,
        "Total Unusual Items Excluding Goodwill": NaN,
        "Net Income From Continuing Operation Net Minority Interest": NaN,
        "Reconciled Depreciation": NaN,
        "Reconciled Cost Of Revenue": NaN,
        "EBITDA": NaN,
        "EBIT": NaN,
        "Net Interest Income": NaN,
        "Interest Expense": NaN,
        "Interest Income": 4800000.0,
        "Normalized Income": NaN,
        "Net Income From Continuing And Discontinued Operation": NaN,
        "Total Expenses": NaN,
        "Total Operating Income As Reported": NaN,
        "Diluted Average Shares": NaN,
        "Basic Average Shares": NaN,
        "Diluted EPS": NaN,
        "Basic EPS": NaN,
        "Diluted NI Availto Com Stockholders": NaN,
        "Net Income Common Stockholders": NaN,
        "Net Income": NaN,
        "Net Income Including Noncontrolling Interests": NaN,
        "Net Income Continuous Operations": NaN,
        "Earnings From Equity Interest Net Of Tax": NaN,
        "Tax Provision": NaN,
        "Pretax Income": NaN,
        "Other Income Expense": NaN,
        "Other Non Operating Income Expenses": NaN,
        "Special Income Charges": NaN,
        "Gain On Sale Of Business": 49600000.0,
        "Other Special Charges": NaN,
        "Restructuring And Mergern Acquisition": NaN,
        "Net Non Operating Interest Income Expense": NaN,
        "Interest Expense Non Operating": NaN,
        "Interest Income Non Operating": 4800000.0,
        "Operating Income": NaN,
        "Operating Expense": NaN,
        "Selling General And Administration": NaN,
        "General And Administrative Expense": 325700000.0,
        "Other Gand A": 328100000.0,
        "Salaries And Wages": -2400000.0,
        "Gross Profit": NaN,
        "Cost Of Revenue": NaN,
        "Total Revenue": NaN,
        "Operating Revenue": NaN
    },
    "2022-05-31": {
        "Tax Effect Of Unusual Items": -2772200.0,
        "Tax Rate For Calcs": 0.167,
        "Normalized EBITDA": 229300000.0,
        "Total Unusual Items": -16600000.0,
        "Total Unusual Items Excluding Goodwill": -16600000.0,
        "Net Income From Continuing Operation Net Minority Interest": 118500000.0,
        "Reconciled Depreciation": 49200000.0,
        "Reconciled Cost Of Revenue": 1013800000.0,
        "EBIT": 163500000.0,
        "Net Interest Income": -33700000.0,
        "Interest Expense": 33700000.0,
        "Interest Income": NaN,
        "Normalized Income": 132327800.0,
        "Net Income From Continuing And Discontinued Operation": 118500000.0,
        "Total Expenses": 1363000000.0,
        "Total Operating Income As Reported": 157200000.0,
        "Diluted Average Shares": 270500000.0,
        "Basic Average Shares": 268300000.0,
        "Diluted EPS": 0.44,
        "Basic EPS": 0.44,
        "Diluted NI Availto Com Stockholders": 118500000.0,
        "Net Income Common Stockholders": 118500000.0,
        "Net Income": 118500000.0,
        "Net Income Including Noncontrolling Interests": 118500000.0,
        "Net Income Continuous Operations": 118500000.0,
        "Earnings From Equity Interest Net Of Tax": 10400000.0,
        "Tax Provision": 21700000.0,
        "Pretax Income": 129800000.0,
        "Other Income Expense": -10300000.0,
        "Other Non Operating Income Expenses": 6300000.0,
        "Special Income Charges": -16600000.0,
        "Gain On Sale Of Business": 13600000.0,
        "Other Special Charges": 21200000.0,
        "Restructuring And Mergern Acquisition": 9000000.0,
        "Net Non Operating Interest Income Expense": -33700000.0,
        "Interest Expense Non Operating": 33700000.0,
        "Interest Income Non Operating": NaN,
        "Operating Income": 173800000.0,
        "Operating Expense": 349200000.0,
        "Selling General And Administration": 349200000.0,
        "Gross Profit": 523000000.0,
        "Cost Of Revenue": 1013800000.0,
        "Total Revenue": 1536800000.0,
        "Operating Revenue": 1536800000.0
    },
    "2022-02-28": {
        "Diluted EPS": 0.57,
        "Total Revenue": NaN,
        "Gross Profit": 560,
        "Operating Income": 207,
        "EBIT": 256,
        "Net Income": 155
    },
    "2021-11-30": {
        "Diluted EPS": 0.73,
        "Total Revenue": NaN,
        "Gross Profit": 703,
        "Operating Income": 276,
        "EBIT": 323,
        "Net Income": 197
    },
    "2021-08-31": {
        "Diluted EPS": 0.79,
        "Total Revenue": NaN,
        "Gross Profit": 600,
        "Operating Income": 265,
        "EBIT": 312,
        "Net Income": 212
    },
    "2021-05-31": {
        "Diluted EPS": 0.68,
        "Total Revenue": NaN,
        "Gross Profit": 615,
        "Operating Income": 237,
        "EBIT": 281,
        "Net Income": 184
    },
    "2021-02-28": {
        "Diluted EPS": 0.6,
        "Total Revenue": NaN,
        "Gross Profit": 578,
        "Operating Income": 236,
        "EBIT": 291,
        "Net Income": 162
    },
    "2020-11-30": {
        "Diluted EPS": 0.75,
        "Total Revenue": NaN,
        "Gross Profit": 661,
        "Operating Income": 275,
        "EBIT": 316,
        "Net Income": 201
    },
    "2020-08-31": {
        "Diluted EPS": 0.76,
        "Total Revenue": NaN,
        "Gross Profit": 590,
        "Operating Income": 273,
        "EBIT": 315,
        "Net Income": 206
    },
    "2020-05-31": {
        "Diluted EPS": 0.73,
        "Total Revenue": NaN,
        "Gross Profit": 580,
        "Operating Income": 257,
        "EBIT": 297,
        "Net Income": 196
    },
    "2020-02-29": {
        "Diluted EPS": 0.54,
        "Total Revenue": NaN,
        "Gross Profit": 470,
        "Operating Income": 194,
        "EBIT": 236,
        "Net Income": 145
    },
    "2019-11-30": {
        "Diluted EPS": 0.79,
        "Total Revenue": NaN,
        "Gross Profit": 630,
        "Operating Income": 299,
        "EBIT": 340,
        "Net Income": 213
    },
    "2019-08-31": {
        "Diluted EPS": 0.72,
        "Total Revenue": NaN,
        "Gross Profit": 540,
        "Operating Income": 254,
        "EBIT": 293,
        "Net Income": 192
    },
    "2019-05-31": {
        "Diluted EPS": 0.56,
        "Total Revenue": NaN,
        "Gross Profit": 509,
        "Operating Income": 208,
        "EBIT": 247,
        "Net Income": 149
    },
    "2019-02-28": {
        "Diluted EPS": 0.56,
        "Total Revenue": NaN,
        "Gross Profit": 467,
        "Operating Income": 197,
        "EBIT": 237,
        "Net Income": 148
    },
    "2018-11-30": {
        "Diluted EPS": 0.8,
        "Total Revenue": NaN,
        "Gross Profit": 605,
        "Operating Income": 292,
        "EBIT": 331,
        "Net Income": 214
    },
    "2018-08-31": {
        "Diluted EPS": 0.65,
        "Total Revenue": NaN,
        "Gross Profit": 523,
        "Operating Income": 230,
        "EBIT": 267,
        "Net Income": 174
    },
    "2018-05-31": {
        "Diluted EPS": 0.47,
        "Total Revenue": NaN,
        "Gross Profit": 505,
        "Operating Income": 189,
        "EBIT": 226,
        "Net Income": 123
    },
    "2018-02-28": {
        "Diluted EPS": 1.59,
        "Total Revenue": NaN,
        "Gross Profit": 460,
        "Operating Income": 181,
        "EBIT": 218,
        "Net Income": 423
    },
    "2017-11-30": {
        "Diluted EPS": 0.67,
        "Total Revenue": NaN,
        "Gross Profit": 452,
        "Operating Income": 264,
        "EBIT": 321,
        "Net Income": 176
    },
    "2017-08-31": {
        "Diluted EPS": 0.43,
        "Total Revenue": NaN,
        "Gross Profit": 484,
        "Operating Income": 169,
        "EBIT": 200,
        "Net Income": 108
    },
    "2017-05-31": {
        "Diluted EPS": 0.4,
        "Total Revenue": NaN,
        "Gross Profit": 445,
        "Operating Income": 133,
        "EBIT": 162,
        "Net Income": 100
    },
    "2017-02-28": {
        "Diluted EPS": 0.37,
        "Total Revenue": NaN,
        "Gross Profit": 413,
        "Operating Income": 134,
        "EBIT": 163,
        "Net Income": 94
    },
    "2016-11-30": {
        "Diluted EPS": 0.62,
        "Total Revenue": NaN,
        "Gross Profit": 540,
        "Operating Income": 219,
        "EBIT": 246,
        "Net Income": 157
    },
    "2016-08-31": {
        "Diluted EPS": 0.5,
        "Total Revenue": NaN,
        "Gross Profit": 454,
        "Operating Income": 168,
        "EBIT": 197,
        "Net Income": 128
    },
    "2016-05-31": {
        "Diluted EPS": 0.37,
        "Total Revenue": NaN,
        "Gross Profit": 433,
        "Operating Income": 125,
        "EBIT": 152,
        "Net Income": 94
    },
    "2016-02-29": {
        "Diluted EPS": 0.37,
        "Total Revenue": NaN,
        "Gross Profit": 405,
        "Operating Income": 129,
        "EBIT": 156,
        "Net Income": 93
    },
    "2015-11-30": {
        "Diluted EPS": 0.58,
        "Total Revenue": NaN,
        "Gross Profit": 522,
        "Operating Income": 212,
        "EBIT": 239,
        "Net Income": 149
    },
    "2015-08-31": {
        "Diluted EPS": 0.38,
        "Total Revenue": NaN,
        "Gross Profit": 422,
        "Operating Income": 139,
        "EBIT": 165,
        "Net Income": 98
    },
    "2015-05-31": {
        "Diluted EPS": 0.33,
        "Total Revenue": NaN,
        "Gross Profit": 404,
        "Operating Income": 104,
        "EBIT": 131,
        "Net Income": 84
    },
    "2015-02-28": {
        "Diluted EPS": 0.28,
        "Total Revenue": NaN,
        "Gross Profit": 390,
        "Operating Income": 94,
        "EBIT": 119,
        "Net Income": 71
    },
    "2014-11-30": {
        "Diluted EPS": 0.57,
        "Total Revenue": NaN,
        "Gross Profit": 506,
        "Operating Income": 199,
        "EBIT": 224,
        "Net Income": 148
    },
    "2014-08-31": {
        "Diluted EPS": 0.47,
        "Total Revenue": NaN,
        "Gross Profit": 420,
        "Operating Income": 157,
        "EBIT": 182,
        "Net Income": 123
    },
    "2014-05-31": {
        "Diluted EPS": 0.32,
        "Total Revenue": NaN,
        "Gross Profit": 413,
        "Operating Income": 122,
        "EBIT": 148,
        "Net Income": 85
    },
    "2014-02-28": {
        "Diluted EPS": 0.31,
        "Total Revenue": 993,
        "Gross Profit": 392,
        "Operating Income": 125,
        "EBIT": 151,
        "Net Income": 83
    },
    "2013-11-30": {
        "Diluted EPS": 0.49,
        "Total Revenue": NaN,
        "Gross Profit": 502,
        "Operating Income": 174,
        "EBIT": 203,
        "Net Income": 130
    },
    "2013-08-31": {
        "Diluted EPS": 0.39,
        "Total Revenue": NaN,
        "Gross Profit": 408,
        "Operating Income": 148,
        "EBIT": 174,
        "Net Income": 104
    },
    "2013-05-31": {
        "Diluted EPS": 0.3,
        "Total Revenue": NaN,
        "Gross Profit": 394,
        "Operating Income": 116,
        "EBIT": 142,
        "Net Income": 79
    },
    "2013-02-28": {
        "Diluted EPS": 0.29,
        "Total Revenue": 934,
        "Gross Profit": 362,
        "Operating Income": 112,
        "EBIT": 138,
        "Net Income": 76
    },
    "2012-11-30": {
        "Diluted EPS": 0.56,
        "Total Revenue": NaN,
        "Gross Profit": 482,
        "Operating Income": 200,
        "EBIT": 226,
        "Net Income": 149
    },
    "2012-08-31": {
        "Diluted EPS": 0.39,
        "Total Revenue": 978,
        "Gross Profit": 392,
        "Operating Income": 144,
        "EBIT": 170,
        "Net Income": 104
    },
    "2012-05-31": {
        "Diluted EPS": 0.3,
        "Total Revenue": 984,
        "Gross Profit": 388,
        "Operating Income": 121,
        "EBIT": 146,
        "Net Income": 80
    },
    "2012-02-29": {
        "Diluted EPS": 0.28,
        "Total Revenue": 907,
        "Gross Profit": 355,
        "Operating Income": 113,
        "EBIT": 138,
        "Net Income": 75
    },
    "2011-11-30": {
        "Diluted EPS": 0.49,
        "Total Revenue": NaN,
        "Gross Profit": 479,
        "Operating Income": 192,
        "EBIT": 217,
        "Net Income": 132
    },
    "2011-08-31": {
        "Diluted EPS": 0.35,
        "Total Revenue": 920,
        "Gross Profit": 365,
        "Operating Income": 128,
        "EBIT": 153,
        "Net Income": 92
    },
    "2011-05-31": {
        "Diluted EPS": 0.28,
        "Total Revenue": 884,
        "Gross Profit": 351,
        "Operating Income": 109,
        "EBIT": 134,
        "Net Income": 74
    },
    "2011-02-28": {
        "Diluted EPS": 0.29,
        "Total Revenue": 783,
        "Gross Profit": 328,
        "Operating Income": 111,
        "EBIT": 134,
        "Net Income": 77
    },
    "2010-11-30": {
        "Diluted EPS": 0.5,
        "Total Revenue": 979,
        "Gross Profit": 446,
        "Operating Income": 186,
        "EBIT": 211,
        "Net Income": 134
    },
    "2010-08-31": {
        "Diluted EPS": 0.38,
        "Total Revenue": 795,
        "Gross Profit": 335,
        "Operating Income": 126,
        "EBIT": 150,
        "Net Income": 102
    },
    "2010-05-31": {
        "Diluted EPS": 0.25,
        "Total Revenue": 798,
        "Gross Profit": 327,
        "Operating Income": 98,
        "EBIT": 120,
        "Net Income": 66
    },
    "2010-02-28": {
        "Diluted EPS": 0.26,
        "Total Revenue": 765,
        "Gross Profit": 310,
        "Operating Income": 101,
        "EBIT": 124,
        "Net Income": 68
    },
    "2009-11-30": {
        "Diluted EPS": 0.44,
        "Total Revenue": 925,
        "Gross Profit": 422,
        "Operating Income": 178,
        "EBIT": 203,
        "Net Income": 116
    },
    "2009-08-31": {
        "Diluted EPS": 0.29,
        "Total Revenue": 792,
        "Gross Profit": 319,
        "Operating Income": 117,
        "EBIT": 139,
        "Net Income": 75
    },
    "2009-05-31": {
        "Diluted EPS": 0.19,
        "Total Revenue": 757,
        "Gross Profit": 302,
        "Operating Income": 83,
        "EBIT": 110,
        "Net Income": 51
    },
    "2009-02-28": {
        "Diluted EPS": 0.22,
        "Total Revenue": 719,
        "Gross Profit": 284,
        "Operating Income": 90,
        "EBIT": 110,
        "Net Income": 58
    },
    "2023-08-31": {
        "Tax Effect Of Unusual Items": -1305400.0,
        "Tax Rate For Calcs": 0.214,
        "Normalized EBITDA": 312000000.0,
        "Total Unusual Items": -6100000.0,
        "Total Unusual Items Excluding Goodwill": -6100000.0,
        "Net Income From Continuing Operation Net Minority Interest": 170100000.0,
        "Reconciled Depreciation": 53800000.0,
        "Reconciled Cost Of Revenue": 1061900000.0,
        "EBITDA": 305900000.0,
        "EBIT": 252100000.0,
        "Net Interest Income": -43300000.0,
        "Interest Expense": 52700000.0,
        "Interest Income": 9400000.0,
        "Normalized Income": 174894600.0,
        "Net Income From Continuing And Discontinued Operation": 170100000.0,
        "Total Expenses": 1430900000.0,
        "Total Operating Income As Reported": 245000000.0,
        "Diluted Average Shares": 270100000.0,
        "Basic Average Shares": 268400000.0,
        "Diluted EPS": 0.63,
        "Basic EPS": 0.63,
        "Diluted NI Availto Com Stockholders": 170100000.0,
        "Net Income Common Stockholders": 170100000.0,
        "Net Income": 170100000.0,
        "Net Income Including Noncontrolling Interests": 170100000.0,
        "Net Income Continuous Operations": 170100000.0,
        "Earnings From Equity Interest Net Of Tax": 13400000.0,
        "Tax Provision": 42700000.0,
        "Pretax Income": 199400000.0,
        "Other Income Expense": -11100000.0,
        "Other Non Operating Income Expenses": -5000000.0,
        "Special Income Charges": -6100000.0,
        "Gain On Sale Of Business": 0.0,
        "Other Special Charges": 5000000.0,
        "Restructuring And Mergern Acquisition": 1100000.0,
        "Net Non Operating Interest Income Expense": -43300000.0,
        "Interest Expense Non Operating": 52700000.0,
        "Interest Income Non Operating": 9400000.0,
        "Operating Income": 253800000.0,
        "Operating Expense": 369000000.0,
        "Selling General And Administration": 369000000.0,
        "General And Administrative Expense": 369000000.0,
        "Other Gand A": 371700000.0,
        "Salaries And Wages": -2700000.0,
        "Gross Profit": 622800000.0,
        "Cost Of Revenue": 1061900000.0,
        "Total Revenue": 1684700000.0,
        "Operating Revenue": 1684700000.0
    },
    "2023-11-30": {
        "Tax Effect Of Unusual Items": -3390104.772992,
        "Tax Rate For Calcs": 0.221575,
        "Normalized EBITDA": 374600000.0,
        "Total Unusual Items": -15300000.0,
        "Total Unusual Items Excluding Goodwill": -15300000.0,
        "Net Income From Continuing Operation Net Minority Interest": 219300000.0,
        "Reconciled Depreciation": 48900000.0,
        "Reconciled Cost Of Revenue": 1051500000.0,
        "EBITDA": 359300000.0,
        "EBIT": 310400000.0,
        "Net Interest Income": -42500000.0,
        "Interest Expense": 52700000.0,
        "Interest Income": 10200000.0,
        "Normalized Income": 231209895.227008,
        "Net Income From Continuing And Discontinued Operation": 219300000.0,
        "Total Expenses": 1449500000.0,
        "Total Operating Income As Reported": 297200000.0,
        "Diluted Average Shares": 269600000.0,
        "Basic Average Shares": 268400000.0,
        "Diluted EPS": 0.81,
        "Basic EPS": 0.82,
        "Diluted NI Availto Com Stockholders": 219300000.0,
        "Net Income Common Stockholders": 219300000.0,
        "Net Income": 219300000.0,
        "Net Income Including Noncontrolling Interests": 219300000.0,
        "Net Income Continuous Operations": 219300000.0,
        "Earnings From Equity Interest Net Of Tax": 18700000.0,
        "Tax Provision": 57100000.0,
        "Pretax Income": 257700000.0,
        "Other Income Expense": -3100000.0,
        "Other Non Operating Income Expenses": 12200000.0,
        "Special Income Charges": -15300000.0,
        "Gain On Sale Of Business": -1200000.0,
        "Other Special Charges": 12600000.0,
        "Restructuring And Mergern Acquisition": 1500000.0,
        "Net Non Operating Interest Income Expense": -42500000.0,
        "Interest Expense Non Operating": 52700000.0,
        "Interest Income Non Operating": 10200000.0,
        "Operating Income": 303300000.0,
        "Operating Expense": 398000000.0,
        "Selling General And Administration": 398000000.0,
        "General And Administrative Expense": NaN,
        "Other Gand A": NaN,
        "Salaries And Wages": NaN,
        "Gross Profit": 701300000.0,
        "Cost Of Revenue": 1051500000.0,
        "Total Revenue": 1752800000.0,
        "Operating Revenue": 1752800000.0
    },
    "2024-02-29": {
        "Tax Effect Of Unusual Items": -1071000.0,
        "Tax Rate For Calcs": 0.255,
        "Normalized EBITDA": 294600000.0,
        "Total Unusual Items": -4200000.0,
        "Total Unusual Items Excluding Goodwill": -4200000.0,
        "Net Income From Continuing Operation Net Minority Interest": 166000000.0,
        "Reconciled Depreciation": 45800000.0,
        "Reconciled Cost Of Revenue": 1003400000.0,
        "EBITDA": 290400000.0,
        "EBIT": 244600000.0,
        "Net Interest Income": -50300000.0,
        "Interest Expense": 50300000.0,
        "Interest Income": NaN,
        "Normalized Income": 169129000.0,
        "Net Income From Continuing And Discontinued Operation": 166000000.0,
        "Total Expenses": 1365000000.0,
        "Total Operating Income As Reported": 233500000.0,
        "Diluted Average Shares": 269600000.0,
        "Basic Average Shares": 268400000.0,
        "Diluted EPS": 0.62,
        "Basic EPS": 0.62,
        "Diluted NI Availto Com Stockholders": 166000000.0,
        "Net Income Common Stockholders": 166000000.0,
        "Net Income": 166000000.0,
        "Net Income Including Noncontrolling Interests": 166000000.0,
        "Net Income Continuous Operations": 166000000.0,
        "Earnings From Equity Interest Net Of Tax": 21300000.0,
        "Tax Provision": 49600000.0,
        "Pretax Income": 194300000.0,
        "Other Income Expense": 6900000.0,
        "Other Non Operating Income Expenses": 11100000.0,
        "Special Income Charges": -4200000.0,
        "Gain On Sale Of Business": NaN,
        "Other Special Charges": 2100000.0,
        "Restructuring And Mergern Acquisition": 2100000.0,
        "Net Non Operating Interest Income Expense": -50300000.0,
        "Interest Expense Non Operating": 50300000.0,
        "Interest Income Non Operating": NaN,
        "Operating Income": 237700000.0,
        "Operating Expense": 361600000.0,
        "Selling General And Administration": 361600000.0,
        "General And Administrative Expense": NaN,
        "Other Gand A": NaN,
        "Salaries And Wages": NaN,
        "Gross Profit": 599300000.0,
        "Cost Of Revenue": 1003400000.0,
        "Total Revenue": 1602700000.0,
        "Operating Revenue": 1602700000.0
    },
    "2024-05-31": {
        "Tax Effect Of Unusual Items": -243000.0,
        "Tax Rate For Calcs": 0.135,
        "Normalized EBITDA": 305400000.0,
        "Total Unusual Items": -1800000.0,
        "Total Unusual Items Excluding Goodwill": -1800000.0,
        "Net Income From Continuing Operation Net Minority Interest": 184200000.0,
        "Reconciled Depreciation": 57100000.0,
        "Reconciled Cost Of Revenue": 1023600000.0,
        "EBITDA": 303600000.0,
        "EBIT": 246500000.0,
        "Net Interest Income": -52900000.0,
        "Interest Expense": 52900000.0,
        "Interest Income": NaN,
        "Normalized Income": 185757000.0,
        "Net Income From Continuing And Discontinued Operation": 184200000.0,
        "Total Expenses": 1407300000.0,
        "Total Operating Income As Reported": 234100000.0,
        "Diluted Average Shares": 269700000.0,
        "Basic Average Shares": 268600000.0,
        "Diluted EPS": 0.68,
        "Basic EPS": 0.69,
        "Diluted NI Availto Com Stockholders": 184200000.0,
        "Net Income Common Stockholders": 184200000.0,
        "Net Income": 184200000.0,
        "Net Income Including Noncontrolling Interests": 184200000.0,
        "Net Income Continuous Operations": 184200000.0,
        "Earnings From Equity Interest Net Of Tax": 16800000.0,
        "Tax Provision": 26200000.0,
        "Pretax Income": 193600000.0,
        "Other Income Expense": 10600000.0,
        "Other Non Operating Income Expenses": 12400000.0,
        "Special Income Charges": -1800000.0,
        "Gain On Sale Of Business": NaN,
        "Other Special Charges": 800000.0,
        "Restructuring And Mergern Acquisition": 1000000.0,
        "Net Non Operating Interest Income Expense": -52900000.0,
        "Interest Expense Non Operating": 52900000.0,
        "Interest Income Non Operating": NaN,
        "Operating Income": 235900000.0,
        "Operating Expense": 383700000.0,
        "Selling General And Administration": 383700000.0,
        "General And Administrative Expense": NaN,
        "Other Gand A": NaN,
        "Salaries And Wages": NaN,
        "Gross Profit": 619600000.0,
        "Cost Of Revenue": 1023600000.0,
        "Total Revenue": 1643200000.0,
        "Operating Revenue": 1643200000.0
    },
    "2024-08-31": {
        "Tax Effect Of Unusual Items": -316409.423233,
        "Tax Rate For Calcs": 0.166531,
        "Normalized EBITDA": 356200000.0,
        "Total Unusual Items": -1900000.0,
        "Total Unusual Items Excluding Goodwill": -1900000.0,
        "Net Income From Continuing Operation Net Minority Interest": 223100000.0,
        "Reconciled Depreciation": 54600000.0,
        "Reconciled Cost Of Revenue": 1029900000.0,
        "EBITDA": 354300000.0,
        "EBIT": 299700000.0,
        "Net Interest Income": -53500000.0,
        "Interest Expense": 53500000.0,
        "Interest Income": NaN,
        "Normalized Income": 224683590.576767,
        "Net Income From Continuing And Discontinued Operation": 223100000.0,
        "Total Expenses": 1391400000.0,
        "Total Operating Income As Reported": 286500000.0,
        "Diluted Average Shares": 269700000.0,
        "Basic Average Shares": 268600000.0,
        "Diluted EPS": 0.83,
        "Basic EPS": 0.83,
        "Diluted NI Availto Com Stockholders": 223100000.0,
        "Net Income Common Stockholders": 223100000.0,
        "Net Income": 223100000.0,
        "Net Income Including Noncontrolling Interests": 223100000.0,
        "Net Income Continuous Operations": 223100000.0,
        "Earnings From Equity Interest Net Of Tax": 17900000.0,
        "Tax Provision": 41000000.0,
        "Pretax Income": 246200000.0,
        "Other Income Expense": 11300000.0,
        "Other Non Operating Income Expenses": 13200000.0,
        "Special Income Charges": -1900000.0,
        "Gain On Sale Of Business": NaN,
        "Other Special Charges": 1900000.0,
        "Restructuring And Mergern Acquisition": 0.0,
        "Net Non Operating Interest Income Expense": -53500000.0,
        "Interest Expense Non Operating": 53500000.0,
        "Interest Income Non Operating": NaN,
        "Operating Income": 288400000.0,
        "Operating Expense": 361500000.0,
        "Selling General And Administration": 361500000.0,
        "General And Administrative Expense": NaN,
        "Other Gand A": NaN,
        "Salaries And Wages": NaN,
        "Gross Profit": 649900000.0,
        "Cost Of Revenue": 1029900000.0,
        "Total Revenue": 1679800000.0,
        "Operating Revenue": 1679800000.0
    }
}