{
    "2023-03-31": {
        "Tax Effect Of Unusual Items": NaN,
        "Tax Rate For Calcs": NaN,
        "Normalized EBITDA": NaN,
        "Total Unusual Items": NaN,
        "Total Unusual Items Excluding Goodwill": NaN,
        "Net Income From Continuing Operation Net Minority Interest": NaN,
        "Reconciled Depreciation": NaN,
        "Reconciled Cost Of Revenue": NaN,
        "EBITDA": NaN,
        "EBIT": NaN,
        "Net Interest Income": NaN,
        "Interest Expense": NaN,
        "Interest Income": NaN,
        "Normalized Income": NaN,
        "Net Income From Continuing And Discontinued Operation": NaN,
        "Total Expenses": NaN,
        "Total Operating Income As Reported": NaN,
        "Diluted Average Shares": 195369245.0,
        "Basic Average Shares": 195369245.0,
        "Diluted EPS": -0.1,
        "Basic EPS": -0.1,
        "Diluted NI Availto Com Stockholders": NaN,
        "Net Income Common Stockholders": NaN,
        "Net Income": NaN,
        "Net Income Including Noncontrolling Interests": NaN,
        "Net Income Continuous Operations": NaN,
        "Tax Provision": NaN,
        "Pretax Income": NaN,
        "Other Income Expense": NaN,
        "Other Non Operating Income Expenses": NaN,
        "Special Income Charges": NaN,
        "Other Special Charges": NaN,
        "Impairment Of Capital Assets": NaN,
        "Restructuring And Mergern Acquisition": NaN,
        "Gain On Sale Of Security": NaN,
        "Net Non Operating Interest Income Expense": NaN,
        "Interest Expense Non Operating": NaN,
        "Interest Income Non Operating": NaN,
        "Operating Income": NaN,
        "Operating Expense": NaN,
        "Research And Development": NaN,
        "Selling General And Administration": NaN,
        "Selling And Marketing Expense": NaN,
        "General And Administrative Expense": NaN,
        "Other Gand A": NaN,
        "Gross Profit": NaN,
        "Cost Of Revenue": NaN,
        "Total Revenue": NaN,
        "Operating Revenue": NaN
    },
    "2022-12-31": {
        "Tax Effect Of Unusual Items": 250424.524919,
        "Tax Rate For Calcs": 0.038006,
        "Normalized EBITDA": -14872000.0,
        "Total Unusual Items": 6589000.0,
        "Total Unusual Items Excluding Goodwill": 6589000.0,
        "Net Income From Continuing Operation Net Minority Interest": -10732000.0,
        "Reconciled Depreciation": 2873000.0,
        "Reconciled Cost Of Revenue": 15738000.0,
        "EBITDA": -8283000.0,
        "EBIT": -11156000.0,
        "Net Interest Income": 1498000.0,
        "Interest Expense": 0.0,
        "Interest Income": 1498000.0,
        "Normalized Income": -17070575.475081,
        "Net Income From Continuing And Discontinued Operation": -10732000.0,
        "Total Expenses": 48955000.0,
        "Total Operating Income As Reported": -19291000.0,
        "Diluted Average Shares": NaN,
        "Basic Average Shares": NaN,
        "Diluted EPS": NaN,
        "Basic EPS": NaN,
        "Diluted NI Availto Com Stockholders": -10732000.0,
        "Net Income Common Stockholders": -10732000.0,
        "Net Income": -10732000.0,
        "Net Income Including Noncontrolling Interests": -10732000.0,
        "Net Income Continuous Operations": -10732000.0,
        "Tax Provision": -424000.0,
        "Pretax Income": -11156000.0,
        "Other Income Expense": 6637000.0,
        "Other Non Operating Income Expenses": 48000.0,
        "Special Income Charges": 6325000.0,
        "Impairment Of Capital Assets": NaN,
        "Restructuring And Mergern Acquisition": -6325000.0,
        "Gain On Sale Of Security": 264000.0,
        "Net Non Operating Interest Income Expense": 1498000.0,
        "Interest Expense Non Operating": 0.0,
        "Interest Income Non Operating": 1498000.0,
        "Operating Income": -19291000.0,
        "Operating Expense": 33217000.0,
        "Research And Development": 11012000.0,
        "Selling General And Administration": 22205000.0,
        "Selling And Marketing Expense": 9871000.0,
        "General And Administrative Expense": 12334000.0,
        "Other Gand A": 12334000.0,
        "Gross Profit": 13926000.0,
        "Cost Of Revenue": 15738000.0,
        "Total Revenue": 29664000.0,
        "Operating Revenue": 29664000.0
    },
    "2022-09-30": {
        "Tax Effect Of Unusual Items": NaN,
        "Tax Rate For Calcs": NaN,
        "Normalized EBITDA": NaN,
        "Total Unusual Items": NaN,
        "Total Unusual Items Excluding Goodwill": NaN,
        "Net Income From Continuing Operation Net Minority Interest": NaN,
        "Reconciled Depreciation": NaN,
        "Reconciled Cost Of Revenue": NaN,
        "EBITDA": NaN,
        "EBIT": NaN,
        "Net Interest Income": NaN,
        "Interest Expense": NaN,
        "Interest Income": NaN,
        "Normalized Income": NaN,
        "Net Income From Continuing And Discontinued Operation": NaN,
        "Total Expenses": NaN,
        "Total Operating Income As Reported": NaN,
        "Diluted Average Shares": 189766945.0,
        "Basic Average Shares": 189766945.0,
        "Diluted EPS": -0.12,
        "Basic EPS": -0.12,
        "Diluted NI Availto Com Stockholders": NaN,
        "Net Income Common Stockholders": NaN,
        "Net Income": NaN,
        "Net Income Including Noncontrolling Interests": NaN,
        "Net Income Continuous Operations": NaN,
        "Tax Provision": NaN,
        "Pretax Income": NaN,
        "Other Income Expense": NaN,
        "Other Non Operating Income Expenses": NaN,
        "Special Income Charges": NaN,
        "Other Special Charges": NaN,
        "Impairment Of Capital Assets": 0.0,
        "Restructuring And Mergern Acquisition": NaN,
        "Gain On Sale Of Security": NaN,
        "Net Non Operating Interest Income Expense": NaN,
        "Interest Expense Non Operating": NaN,
        "Interest Income Non Operating": NaN,
        "Operating Income": NaN,
        "Operating Expense": NaN,
        "Research And Development": NaN,
        "Selling General And Administration": NaN,
        "Selling And Marketing Expense": NaN,
        "General And Administrative Expense": NaN,
        "Other Gand A": NaN,
        "Gross Profit": NaN,
        "Cost Of Revenue": NaN,
        "Total Revenue": NaN,
        "Operating Revenue": NaN
    },
    "2022-06-30": {
        "Tax Effect Of Unusual Items": 27181.171856,
        "Tax Rate For Calcs": 0.000981,
        "Normalized EBITDA": -21159000.0,
        "Total Unusual Items": 27718000.0,
        "Total Unusual Items Excluding Goodwill": 27718000.0,
        "Net Income From Continuing Operation Net Minority Interest": 4075000.0,
        "Reconciled Depreciation": 2471000.0,
        "Reconciled Cost Of Revenue": 11302000.0,
        "EBITDA": 6559000.0,
        "EBIT": 4088000.0,
        "Net Interest Income": 345000.0,
        "Interest Expense": 9000.0,
        "Interest Income": 354000.0,
        "Normalized Income": -23615818.828144,
        "Net Income From Continuing And Discontinued Operation": 4075000.0,
        "Total Expenses": 48040000.0,
        "Total Operating Income As Reported": -23813000.0,
        "Diluted Average Shares": 188876763.0,
        "Basic Average Shares": 188102342.0,
        "Diluted EPS": 0.02,
        "Basic EPS": 0.02,
        "Diluted NI Availto Com Stockholders": 4075000.0,
        "Net Income Common Stockholders": 4075000.0,
        "Net Income": 4075000.0,
        "Net Income Including Noncontrolling Interests": 4075000.0,
        "Net Income Continuous Operations": 4075000.0,
        "Tax Provision": 4000.0,
        "Pretax Income": 4079000.0,
        "Other Income Expense": 27547000.0,
        "Other Non Operating Income Expenses": -171000.0,
        "Special Income Charges": 26742000.0,
        "Restructuring And Mergern Acquisition": -26742000.0,
        "Gain On Sale Of Security": 976000.0,
        "Net Non Operating Interest Income Expense": 345000.0,
        "Interest Expense Non Operating": 9000.0,
        "Interest Income Non Operating": 354000.0,
        "Operating Income": -23813000.0,
        "Operating Expense": 36738000.0,
        "Research And Development": 10387000.0,
        "Selling General And Administration": 26351000.0,
        "Selling And Marketing Expense": 12873000.0,
        "General And Administrative Expense": 13478000.0,
        "Other Gand A": 13478000.0,
        "Gross Profit": 12925000.0,
        "Cost Of Revenue": 11302000.0,
        "Total Revenue": 24227000.0,
        "Operating Revenue": 24227000.0
    },
    "2022-03-31": {
        "Diluted EPS": 0.02,
        "Total Revenue": 22,
        "Gross Profit": 12,
        "Operating Income": -21,
        "EBIT": -20,
        "Net Income": 4
    },
    "2021-12-31": {
        "Diluted EPS": 0.43,
        "Total Revenue": 27,
        "Gross Profit": 15,
        "Operating Income": -19,
        "EBIT": -18,
        "Net Income": 3
    },
    "2021-09-30": {
        "Diluted EPS": 0.13,
        "Total Revenue": 24,
        "Gross Profit": 14,
        "Operating Income": -22,
        "EBIT": -22,
        "Net Income": 22
    },
    "2021-06-30": {
        "Diluted EPS": -0.28,
        "Total Revenue": 20,
        "Gross Profit": 12,
        "Operating Income": -11,
        "EBIT": -10,
        "Net Income": -11
    },
    "2021-03-31": {
        "Diluted EPS": -0.25,
        "Total Revenue": 20,
        "Gross Profit": 12,
        "Operating Income": -9,
        "EBIT": -9,
        "Net Income": -10
    },
    "2020-12-31": {
        "Diluted EPS": 0.0,
        "Total Revenue": NaN,
        "Gross Profit": NaN,
        "Operating Income": NaN,
        "EBIT": NaN,
        "Net Income": NaN
    },
    "2020-09-30": {
        "Diluted EPS": -0.1,
        "Total Revenue": 16,
        "Gross Profit": 9,
        "Operating Income": -4,
        "EBIT": -4,
        "Net Income": -4
    },
    "2023-06-30": {
        "Tax Effect Of Unusual Items": NaN,
        "Tax Rate For Calcs": NaN,
        "Normalized EBITDA": NaN,
        "Total Unusual Items": NaN,
        "Total Unusual Items Excluding Goodwill": NaN,
        "Net Income From Continuing Operation Net Minority Interest": NaN,
        "Reconciled Depreciation": NaN,
        "Reconciled Cost Of Revenue": NaN,
        "EBITDA": NaN,
        "EBIT": NaN,
        "Net Interest Income": NaN,
        "Interest Expense": NaN,
        "Interest Income": NaN,
        "Normalized Income": NaN,
        "Net Income From Continuing And Discontinued Operation": NaN,
        "Total Expenses": NaN,
        "Total Operating Income As Reported": NaN,
        "Diluted Average Shares": 19637215.0,
        "Basic Average Shares": 19637215.0,
        "Diluted EPS": -1.0,
        "Basic EPS": -1.0,
        "Diluted NI Availto Com Stockholders": NaN,
        "Net Income Common Stockholders": NaN,
        "Net Income": NaN,
        "Net Income Including Noncontrolling Interests": NaN,
        "Net Income Continuous Operations": NaN,
        "Tax Provision": NaN,
        "Pretax Income": NaN,
        "Other Income Expense": NaN,
        "Other Non Operating Income Expenses": NaN,
        "Special Income Charges": NaN,
        "Other Special Charges": NaN,
        "Impairment Of Capital Assets": NaN,
        "Restructuring And Mergern Acquisition": NaN,
        "Gain On Sale Of Security": NaN,
        "Net Non Operating Interest Income Expense": NaN,
        "Interest Expense Non Operating": NaN,
        "Interest Income Non Operating": NaN,
        "Operating Income": NaN,
        "Operating Expense": NaN,
        "Research And Development": NaN,
        "Selling General And Administration": NaN,
        "Selling And Marketing Expense": NaN,
        "General And Administrative Expense": NaN,
        "Other Gand A": NaN,
        "Gross Profit": NaN,
        "Cost Of Revenue": NaN,
        "Total Revenue": NaN,
        "Operating Revenue": NaN
    },
    "2023-09-30": {
        "Tax Effect Of Unusual Items": -144794.631263,
        "Tax Rate For Calcs": 0.004516,
        "Normalized EBITDA": -16539000.0,
        "Total Unusual Items": -32063000.0,
        "Total Unusual Items Excluding Goodwill": -32063000.0,
        "Net Income From Continuing Operation Net Minority Interest": -51362000.0,
        "Reconciled Depreciation": 2866000.0,
        "Reconciled Cost Of Revenue": 10907000.0,
        "EBITDA": -48602000.0,
        "EBIT": -51468000.0,
        "Net Interest Income": 1475000.0,
        "Interest Expense": 127000.0,
        "Interest Income": 1602000.0,
        "Normalized Income": -19443794.631263,
        "Net Income From Continuing And Discontinued Operation": -51362000.0,
        "Total Expenses": 41027000.0,
        "Total Operating Income As Reported": -50419000.0,
        "Diluted Average Shares": 19741014.0,
        "Basic Average Shares": 19741014.0,
        "Diluted EPS": -2.6,
        "Basic EPS": -2.6,
        "Diluted NI Availto Com Stockholders": -51362000.0,
        "Net Income Common Stockholders": -51362000.0,
        "Net Income": -51362000.0,
        "Net Income Including Noncontrolling Interests": -51362000.0,
        "Net Income Continuous Operations": -51362000.0,
        "Tax Provision": -233000.0,
        "Pretax Income": -51595000.0,
        "Other Income Expense": -32118000.0,
        "Other Non Operating Income Expenses": -55000.0,
        "Special Income Charges": -31969000.0,
        "Other Special Charges": NaN,
        "Impairment Of Capital Assets": 29467000.0,
        "Restructuring And Mergern Acquisition": 2502000.0,
        "Gain On Sale Of Security": -94000.0,
        "Net Non Operating Interest Income Expense": 1475000.0,
        "Interest Expense Non Operating": 127000.0,
        "Interest Income Non Operating": 1602000.0,
        "Operating Income": -20952000.0,
        "Operating Expense": 30120000.0,
        "Research And Development": 9724000.0,
        "Selling General And Administration": 20396000.0,
        "Selling And Marketing Expense": 8194000.0,
        "General And Administrative Expense": 12202000.0,
        "Other Gand A": 12202000.0,
        "Gross Profit": 9168000.0,
        "Cost Of Revenue": 10907000.0,
        "Total Revenue": 20075000.0,
        "Operating Revenue": 20075000.0
    },
    "2023-12-31": {
        "Tax Effect Of Unusual Items": 797370.0,
        "Tax Rate For Calcs": 0.21,
        "Normalized EBITDA": -14734000.0,
        "Total Unusual Items": 3797000.0,
        "Total Unusual Items Excluding Goodwill": 3797000.0,
        "Net Income From Continuing Operation Net Minority Interest": -14198000.0,
        "Reconciled Depreciation": 3127000.0,
        "Reconciled Cost Of Revenue": 12479000.0,
        "EBITDA": -10937000.0,
        "EBIT": -14064000.0,
        "Net Interest Income": 1400000.0,
        "Interest Expense": 130000.0,
        "Interest Income": 1530000.0,
        "Normalized Income": -17197630.0,
        "Net Income From Continuing And Discontinued Operation": -14198000.0,
        "Total Expenses": 43531000.0,
        "Total Operating Income As Reported": -19361000.0,
        "Diluted Average Shares": NaN,
        "Basic Average Shares": NaN,
        "Diluted EPS": NaN,
        "Basic EPS": NaN,
        "Diluted NI Availto Com Stockholders": -14198000.0,
        "Net Income Common Stockholders": -14198000.0,
        "Net Income": -14198000.0,
        "Net Income Including Noncontrolling Interests": -14198000.0,
        "Net Income Continuous Operations": -14198000.0,
        "Tax Provision": 4000.0,
        "Pretax Income": -14194000.0,
        "Other Income Expense": 3767000.0,
        "Other Non Operating Income Expenses": -30000.0,
        "Special Income Charges": 3545000.0,
        "Other Special Charges": NaN,
        "Impairment Of Capital Assets": 0.0,
        "Restructuring And Mergern Acquisition": -3545000.0,
        "Gain On Sale Of Security": 252000.0,
        "Net Non Operating Interest Income Expense": 1400000.0,
        "Interest Expense Non Operating": 130000.0,
        "Interest Income Non Operating": 1530000.0,
        "Operating Income": -19361000.0,
        "Operating Expense": 31052000.0,
        "Research And Development": 10347000.0,
        "Selling General And Administration": 20705000.0,
        "Selling And Marketing Expense": 9394000.0,
        "General And Administrative Expense": 11311000.0,
        "Other Gand A": 11311000.0,
        "Gross Profit": 11691000.0,
        "Cost Of Revenue": 12479000.0,
        "Total Revenue": 24170000.0,
        "Operating Revenue": 24170000.0
    },
    "2024-03-31": {
        "Tax Effect Of Unusual Items": -88766.122336,
        "Tax Rate For Calcs": 0.005093,
        "Normalized EBITDA": -15447000.0,
        "Total Unusual Items": -17430000.0,
        "Total Unusual Items Excluding Goodwill": -17430000.0,
        "Net Income From Continuing Operation Net Minority Interest": -35946000.0,
        "Reconciled Depreciation": 3099000.0,
        "Reconciled Cost Of Revenue": 10414000.0,
        "EBITDA": -32877000.0,
        "EBIT": -35976000.0,
        "Net Interest Income": 1246000.0,
        "Interest Expense": 154000.0,
        "Interest Income": 1400000.0,
        "Normalized Income": -18604766.122336,
        "Net Income From Continuing And Discontinued Operation": -35946000.0,
        "Total Expenses": 40358000.0,
        "Total Operating Income As Reported": -37111000.0,
        "Diluted Average Shares": 19929050.0,
        "Basic Average Shares": 19929050.0,
        "Diluted EPS": -1.8,
        "Basic EPS": -1.8,
        "Diluted NI Availto Com Stockholders": -35946000.0,
        "Net Income Common Stockholders": -35946000.0,
        "Net Income": -35946000.0,
        "Net Income Including Noncontrolling Interests": -35946000.0,
        "Net Income Continuous Operations": -35946000.0,
        "Tax Provision": -184000.0,
        "Pretax Income": -36130000.0,
        "Other Income Expense": -17565000.0,
        "Other Non Operating Income Expenses": -135000.0,
        "Special Income Charges": -17461000.0,
        "Other Special Charges": 17300000.0,
        "Impairment Of Capital Assets": NaN,
        "Restructuring And Mergern Acquisition": 161000.0,
        "Gain On Sale Of Security": 31000.0,
        "Net Non Operating Interest Income Expense": 1246000.0,
        "Interest Expense Non Operating": 154000.0,
        "Interest Income Non Operating": 1400000.0,
        "Operating Income": -19811000.0,
        "Operating Expense": 29944000.0,
        "Research And Development": 9935000.0,
        "Selling General And Administration": 20009000.0,
        "Selling And Marketing Expense": 7844000.0,
        "General And Administrative Expense": 12165000.0,
        "Other Gand A": 12165000.0,
        "Gross Profit": 10133000.0,
        "Cost Of Revenue": 10414000.0,
        "Total Revenue": 20547000.0,
        "Operating Revenue": 20547000.0
    },
    "2024-06-30": {
        "Tax Effect Of Unusual Items": 26330.062687,
        "Tax Rate For Calcs": 0.018942,
        "Normalized EBITDA": -12751000.0,
        "Total Unusual Items": 1390000.0,
        "Total Unusual Items Excluding Goodwill": 1390000.0,
        "Net Income From Continuing Operation Net Minority Interest": -14398000.0,
        "Reconciled Depreciation": 3145000.0,
        "Reconciled Cost Of Revenue": 10810000.0,
        "EBITDA": -11361000.0,
        "EBIT": -14506000.0,
        "Net Interest Income": 1060000.0,
        "Interest Expense": 170000.0,
        "Interest Income": 1230000.0,
        "Normalized Income": -15761669.937313,
        "Net Income From Continuing And Discontinued Operation": -14398000.0,
        "Total Expenses": 38730000.0,
        "Total Operating Income As Reported": -17042000.0,
        "Diluted Average Shares": 20125296.0,
        "Basic Average Shares": 20125296.0,
        "Diluted EPS": -0.7,
        "Basic EPS": -0.7,
        "Diluted NI Availto Com Stockholders": -14398000.0,
        "Net Income Common Stockholders": -14398000.0,
        "Net Income": -14398000.0,
        "Net Income Including Noncontrolling Interests": -14398000.0,
        "Net Income Continuous Operations": -14398000.0,
        "Tax Provision": -278000.0,
        "Pretax Income": -14676000.0,
        "Other Income Expense": 1306000.0,
        "Other Non Operating Income Expenses": -84000.0,
        "Special Income Charges": 1295000.0,
        "Other Special Charges": NaN,
        "Impairment Of Capital Assets": NaN,
        "Restructuring And Mergern Acquisition": -1295000.0,
        "Gain On Sale Of Security": 95000.0,
        "Net Non Operating Interest Income Expense": 1060000.0,
        "Interest Expense Non Operating": 170000.0,
        "Interest Income Non Operating": 1230000.0,
        "Operating Income": -17042000.0,
        "Operating Expense": 27920000.0,
        "Research And Development": 9060000.0,
        "Selling General And Administration": 18860000.0,
        "Selling And Marketing Expense": 8526000.0,
        "General And Administrative Expense": 10334000.0,
        "Other Gand A": 10334000.0,
        "Gross Profit": 10878000.0,
        "Cost Of Revenue": 10810000.0,
        "Total Revenue": 21688000.0,
        "Operating Revenue": 21688000.0
    },
    "2024-09-30": {
        "Tax Effect Of Unusual Items": -61991.000934,
        "Tax Rate For Calcs": 0.00798,
        "Normalized EBITDA": -12526000.0,
        "Total Unusual Items": -7768000.0,
        "Total Unusual Items Excluding Goodwill": -7768000.0,
        "Net Income From Continuing Operation Net Minority Interest": -23370000.0,
        "Reconciled Depreciation": 3095000.0,
        "Reconciled Cost Of Revenue": 10441000.0,
        "EBITDA": -20294000.0,
        "EBIT": -23389000.0,
        "Net Interest Income": 852000.0,
        "Interest Expense": 169000.0,
        "Interest Income": 1021000.0,
        "Normalized Income": -15663991.000934,
        "Net Income From Continuing And Discontinued Operation": -23370000.0,
        "Total Expenses": 37597000.0,
        "Total Operating Income As Reported": -17536000.0,
        "Diluted Average Shares": 20330917.0,
        "Basic Average Shares": 20330917.0,
        "Diluted EPS": -1.15,
        "Basic EPS": -1.15,
        "Diluted NI Availto Com Stockholders": -23370000.0,
        "Net Income Common Stockholders": -23370000.0,
        "Net Income": -23370000.0,
        "Net Income Including Noncontrolling Interests": -23370000.0,
        "Net Income Continuous Operations": -23370000.0,
        "Tax Provision": -188000.0,
        "Pretax Income": -23558000.0,
        "Other Income Expense": -7297000.0,
        "Other Non Operating Income Expenses": 471000.0,
        "Special Income Charges": -7831000.0,
        "Other Special Charges": 423000.0,
        "Impairment Of Capital Assets": 0.0,
        "Restructuring And Mergern Acquisition": 7408000.0,
        "Gain On Sale Of Security": 63000.0,
        "Net Non Operating Interest Income Expense": 852000.0,
        "Interest Expense Non Operating": 169000.0,
        "Interest Income Non Operating": 1021000.0,
        "Operating Income": -17113000.0,
        "Operating Expense": 27156000.0,
        "Research And Development": 7850000.0,
        "Selling General And Administration": 19306000.0,
        "Selling And Marketing Expense": 8144000.0,
        "General And Administrative Expense": 11162000.0,
        "Other Gand A": 11162000.0,
        "Gross Profit": 10043000.0,
        "Cost Of Revenue": 10441000.0,
        "Total Revenue": 20484000.0,
        "Operating Revenue": 20484000.0
    }
}