{
    "2023-03-31": {
        "Tax Effect Of Unusual Items": NaN,
        "Tax Rate For Calcs": NaN,
        "Normalized EBITDA": NaN,
        "Total Unusual Items": NaN,
        "Total Unusual Items Excluding Goodwill": NaN,
        "Net Income From Continuing Operation Net Minority Interest": NaN,
        "Reconciled Depreciation": NaN,
        "Reconciled Cost Of Revenue": NaN,
        "EBITDA": NaN,
        "EBIT": NaN,
        "Net Interest Income": NaN,
        "Interest Expense": NaN,
        "Interest Income": NaN,
        "Normalized Income": NaN,
        "Net Income From Continuing And Discontinued Operation": NaN,
        "Total Expenses": NaN,
        "Total Operating Income As Reported": NaN,
        "Diluted Average Shares": NaN,
        "Basic Average Shares": NaN,
        "Diluted EPS": NaN,
        "Basic EPS": NaN,
        "Diluted NI Availto Com Stockholders": NaN,
        "Net Income Common Stockholders": NaN,
        "Net Income": NaN,
        "Minority Interests": NaN,
        "Net Income Including Noncontrolling Interests": NaN,
        "Net Income Continuous Operations": NaN,
        "Tax Provision": NaN,
        "Pretax Income": NaN,
        "Other Income Expense": NaN,
        "Other Non Operating Income Expenses": NaN,
        "Special Income Charges": -13112000.0,
        "Other Special Charges": 13112000.0,
        "Gain On Sale Of Security": NaN,
        "Net Non Operating Interest Income Expense": NaN,
        "Total Other Finance Cost": NaN,
        "Interest Expense Non Operating": NaN,
        "Interest Income Non Operating": NaN,
        "Operating Income": NaN,
        "Operating Expense": NaN,
        "Other Operating Expenses": NaN,
        "Depreciation Amortization Depletion Income Statement": NaN,
        "Depreciation And Amortization In Income Statement": NaN,
        "Amortization": NaN,
        "Amortization Of Intangibles Income Statement": NaN,
        "Depreciation Income Statement": NaN,
        "Research And Development": 0.0,
        "Selling General And Administration": NaN,
        "General And Administrative Expense": NaN,
        "Other Gand A": NaN,
        "Gross Profit": NaN,
        "Cost Of Revenue": NaN,
        "Total Revenue": NaN,
        "Operating Revenue": NaN
    },
    "2022-12-31": {
        "Tax Effect Of Unusual Items": NaN,
        "Tax Rate For Calcs": NaN,
        "Normalized EBITDA": NaN,
        "Total Unusual Items": NaN,
        "Total Unusual Items Excluding Goodwill": NaN,
        "Net Income From Continuing Operation Net Minority Interest": NaN,
        "Reconciled Depreciation": NaN,
        "Reconciled Cost Of Revenue": NaN,
        "EBITDA": NaN,
        "EBIT": NaN,
        "Net Interest Income": NaN,
        "Interest Expense": NaN,
        "Interest Income": NaN,
        "Normalized Income": NaN,
        "Net Income From Continuing And Discontinued Operation": NaN,
        "Total Expenses": NaN,
        "Total Operating Income As Reported": NaN,
        "Diluted Average Shares": NaN,
        "Basic Average Shares": NaN,
        "Diluted EPS": NaN,
        "Basic EPS": NaN,
        "Diluted NI Availto Com Stockholders": NaN,
        "Net Income Common Stockholders": NaN,
        "Net Income": NaN,
        "Minority Interests": NaN,
        "Net Income Including Noncontrolling Interests": NaN,
        "Net Income Continuous Operations": NaN,
        "Tax Provision": NaN,
        "Pretax Income": NaN,
        "Other Income Expense": NaN,
        "Other Non Operating Income Expenses": NaN,
        "Special Income Charges": NaN,
        "Other Special Charges": NaN,
        "Gain On Sale Of Security": NaN,
        "Net Non Operating Interest Income Expense": NaN,
        "Total Other Finance Cost": NaN,
        "Interest Expense Non Operating": NaN,
        "Interest Income Non Operating": NaN,
        "Operating Income": NaN,
        "Operating Expense": NaN,
        "Other Operating Expenses": NaN,
        "Depreciation Amortization Depletion Income Statement": NaN,
        "Depreciation And Amortization In Income Statement": NaN,
        "Amortization": NaN,
        "Amortization Of Intangibles Income Statement": NaN,
        "Depreciation Income Statement": NaN,
        "Research And Development": 0.0,
        "Selling General And Administration": NaN,
        "General And Administrative Expense": NaN,
        "Other Gand A": NaN,
        "Gross Profit": NaN,
        "Cost Of Revenue": NaN,
        "Total Revenue": NaN,
        "Operating Revenue": NaN
    },
    "2022-09-30": {
        "Tax Effect Of Unusual Items": NaN,
        "Tax Rate For Calcs": NaN,
        "Normalized EBITDA": NaN,
        "Total Unusual Items": NaN,
        "Total Unusual Items Excluding Goodwill": NaN,
        "Net Income From Continuing Operation Net Minority Interest": NaN,
        "Reconciled Depreciation": NaN,
        "Reconciled Cost Of Revenue": NaN,
        "EBITDA": NaN,
        "EBIT": NaN,
        "Net Interest Income": NaN,
        "Interest Expense": NaN,
        "Interest Income": NaN,
        "Normalized Income": NaN,
        "Net Income From Continuing And Discontinued Operation": NaN,
        "Total Expenses": NaN,
        "Total Operating Income As Reported": NaN,
        "Diluted Average Shares": NaN,
        "Basic Average Shares": NaN,
        "Diluted EPS": NaN,
        "Basic EPS": NaN,
        "Diluted NI Availto Com Stockholders": NaN,
        "Net Income Common Stockholders": NaN,
        "Net Income": NaN,
        "Minority Interests": NaN,
        "Net Income Including Noncontrolling Interests": NaN,
        "Net Income Continuous Operations": NaN,
        "Tax Provision": NaN,
        "Pretax Income": NaN,
        "Other Income Expense": NaN,
        "Other Non Operating Income Expenses": NaN,
        "Special Income Charges": NaN,
        "Other Special Charges": 3313000.0,
        "Gain On Sale Of Security": NaN,
        "Net Non Operating Interest Income Expense": NaN,
        "Total Other Finance Cost": NaN,
        "Interest Expense Non Operating": NaN,
        "Interest Income Non Operating": NaN,
        "Operating Income": NaN,
        "Operating Expense": NaN,
        "Other Operating Expenses": NaN,
        "Depreciation Amortization Depletion Income Statement": NaN,
        "Depreciation And Amortization In Income Statement": NaN,
        "Amortization": NaN,
        "Amortization Of Intangibles Income Statement": NaN,
        "Depreciation Income Statement": NaN,
        "Research And Development": 0.0,
        "Selling General And Administration": NaN,
        "General And Administrative Expense": NaN,
        "Other Gand A": NaN,
        "Gross Profit": NaN,
        "Cost Of Revenue": NaN,
        "Total Revenue": NaN,
        "Operating Revenue": NaN
    },
    "2022-06-30": {
        "Tax Effect Of Unusual Items": 233600.0,
        "Tax Rate For Calcs": 0.4,
        "Normalized EBITDA": -66692000.0,
        "Total Unusual Items": 584000.0,
        "Total Unusual Items Excluding Goodwill": 584000.0,
        "Net Income From Continuing Operation Net Minority Interest": -251459000.0,
        "Reconciled Depreciation": 136726000.0,
        "Reconciled Cost Of Revenue": 241327000.0,
        "EBITDA": -66108000.0,
        "EBIT": -202834000.0,
        "Net Interest Income": -86341000.0,
        "Interest Expense": 91221000.0,
        "Interest Income": 7221000.0,
        "Normalized Income": -251809400.0,
        "Net Income From Continuing And Discontinued Operation": -251459000.0,
        "Total Expenses": 505285000.0,
        "Total Operating Income As Reported": -209178000.0,
        "Diluted Average Shares": 473814649.0,
        "Basic Average Shares": 473814649.0,
        "Diluted EPS": -0.531,
        "Basic EPS": -0.531,
        "Diluted NI Availto Com Stockholders": -251459000.0,
        "Net Income Common Stockholders": -251459000.0,
        "Net Income": -251459000.0,
        "Minority Interests": 43213000.0,
        "Net Income Including Noncontrolling Interests": -294672000.0,
        "Net Income Continuous Operations": -294672000.0,
        "Tax Provision": 617000.0,
        "Pretax Income": -294055000.0,
        "Other Income Expense": 1464000.0,
        "Other Non Operating Income Expenses": 880000.0,
        "Special Income Charges": 0.0,
        "Gain On Sale Of Security": 584000.0,
        "Net Non Operating Interest Income Expense": -86341000.0,
        "Total Other Finance Cost": 2341000.0,
        "Interest Expense Non Operating": 91221000.0,
        "Interest Income Non Operating": 7221000.0,
        "Operating Income": -209178000.0,
        "Operating Expense": 263958000.0,
        "Other Operating Expenses": 24791000.0,
        "Depreciation Amortization Depletion Income Statement": 136726000.0,
        "Depreciation And Amortization In Income Statement": 136726000.0,
        "Amortization": 18489000.0,
        "Amortization Of Intangibles Income Statement": 18489000.0,
        "Depreciation Income Statement": 118237000.0,
        "Research And Development": 0.0,
        "Selling General And Administration": 127232000.0,
        "General And Administrative Expense": 127232000.0,
        "Other Gand A": 127232000.0,
        "Gross Profit": 54780000.0,
        "Cost Of Revenue": 241327000.0,
        "Total Revenue": 296107000.0,
        "Operating Revenue": 296107000.0
    },
    "2023-06-30": {
        "Tax Effect Of Unusual Items": NaN,
        "Tax Rate For Calcs": NaN,
        "Normalized EBITDA": NaN,
        "Total Unusual Items": NaN,
        "Total Unusual Items Excluding Goodwill": NaN,
        "Net Income From Continuing Operation Net Minority Interest": NaN,
        "Reconciled Depreciation": NaN,
        "Reconciled Cost Of Revenue": NaN,
        "EBITDA": NaN,
        "EBIT": NaN,
        "Net Interest Income": NaN,
        "Interest Expense": NaN,
        "Interest Income": NaN,
        "Normalized Income": NaN,
        "Net Income From Continuing And Discontinued Operation": NaN,
        "Total Expenses": NaN,
        "Total Operating Income As Reported": NaN,
        "Diluted Average Shares": NaN,
        "Basic Average Shares": NaN,
        "Diluted EPS": NaN,
        "Basic EPS": NaN,
        "Diluted NI Availto Com Stockholders": NaN,
        "Net Income Common Stockholders": NaN,
        "Net Income": NaN,
        "Minority Interests": NaN,
        "Net Income Including Noncontrolling Interests": NaN,
        "Net Income Continuous Operations": NaN,
        "Tax Provision": NaN,
        "Pretax Income": NaN,
        "Other Income Expense": NaN,
        "Other Non Operating Income Expenses": NaN,
        "Special Income Charges": NaN,
        "Other Special Charges": NaN,
        "Gain On Sale Of Security": NaN,
        "Net Non Operating Interest Income Expense": NaN,
        "Total Other Finance Cost": NaN,
        "Interest Expense Non Operating": NaN,
        "Interest Income Non Operating": NaN,
        "Operating Income": NaN,
        "Operating Expense": NaN,
        "Other Operating Expenses": NaN,
        "Depreciation Amortization Depletion Income Statement": NaN,
        "Depreciation And Amortization In Income Statement": NaN,
        "Amortization": NaN,
        "Amortization Of Intangibles Income Statement": NaN,
        "Depreciation Income Statement": NaN,
        "Research And Development": 0.0,
        "Selling General And Administration": NaN,
        "General And Administrative Expense": NaN,
        "Other Gand A": NaN,
        "Gross Profit": NaN,
        "Cost Of Revenue": NaN,
        "Total Revenue": NaN,
        "Operating Revenue": NaN
    },
    "2022-03-31": {
        "Diluted EPS": -0.39,
        "Total Revenue": 475,
        "Gross Profit": 125,
        "Operating Income": -136,
        "EBIT": -136,
        "Net Income": -183
    },
    "2021-12-31": {
        "Diluted EPS": -0.34,
        "Total Revenue": 481,
        "Gross Profit": 153,
        "Operating Income": -104,
        "EBIT": -104,
        "Net Income": -160
    },
    "2021-09-30": {
        "Diluted EPS": -0.49,
        "Total Revenue": 446,
        "Gross Profit": 109,
        "Operating Income": -182,
        "EBIT": -182,
        "Net Income": -233
    },
    "2021-06-30": {
        "Diluted EPS": -0.39,
        "Total Revenue": 566,
        "Gross Profit": 152,
        "Operating Income": -128,
        "EBIT": -128,
        "Net Income": -186
    },
    "2021-03-31": {
        "Diluted EPS": -0.49,
        "Total Revenue": 519,
        "Gross Profit": 107,
        "Operating Income": -163,
        "EBIT": -163,
        "Net Income": -233
    },
    "2020-12-31": {
        "Diluted EPS": -0.42,
        "Total Revenue": 528,
        "Gross Profit": 119,
        "Operating Income": -145,
        "EBIT": -145,
        "Net Income": -200
    },
    "2020-09-30": {
        "Diluted EPS": -0.7,
        "Total Revenue": 213,
        "Gross Profit": -27,
        "Operating Income": -275,
        "EBIT": -275,
        "Net Income": -332
    },
    "2020-06-30": {
        "Diluted EPS": -0.77,
        "Total Revenue": 176,
        "Gross Profit": -79,
        "Operating Income": -371,
        "EBIT": -371,
        "Net Income": -368
    },
    "2020-03-31": {
        "Diluted EPS": -0.76,
        "Total Revenue": 811,
        "Gross Profit": 177,
        "Operating Income": -150,
        "EBIT": -150,
        "Net Income": -364
    },
    "2019-12-31": {
        "Diluted EPS": 0.14,
        "Total Revenue": NaN,
        "Gross Profit": 510,
        "Operating Income": 173,
        "EBIT": 173,
        "Net Income": 68
    },
    "2019-09-30": {
        "Diluted EPS": 0.17,
        "Total Revenue": NaN,
        "Gross Profit": 523,
        "Operating Income": 175,
        "EBIT": 175,
        "Net Income": 83
    },
    "2019-06-30": {
        "Diluted EPS": 0.21,
        "Total Revenue": NaN,
        "Gross Profit": 554,
        "Operating Income": 208,
        "EBIT": 208,
        "Net Income": 102
    },
    "2019-03-31": {
        "Diluted EPS": 0.25,
        "Total Revenue": NaN,
        "Gross Profit": 512,
        "Operating Income": 191,
        "EBIT": 191,
        "Net Income": 120
    },
    "2018-12-31": {
        "Diluted EPS": 0.22,
        "Total Revenue": NaN,
        "Gross Profit": 517,
        "Operating Income": 188,
        "EBIT": 188,
        "Net Income": 115
    },
    "2018-09-30": {
        "Diluted EPS": 0.02,
        "Total Revenue": NaN,
        "Gross Profit": 414,
        "Operating Income": 86,
        "EBIT": 86,
        "Net Income": 11
    },
    "2018-06-30": {
        "Diluted EPS": 0.12,
        "Total Revenue": NaN,
        "Gross Profit": 441,
        "Operating Income": 118,
        "EBIT": 118,
        "Net Income": 57
    },
    "2018-03-31": {
        "Diluted EPS": 0.32,
        "Total Revenue": NaN,
        "Gross Profit": 483,
        "Operating Income": 221,
        "EBIT": 221,
        "Net Income": 157
    },
    "2017-12-31": {
        "Diluted EPS": 0.17,
        "Total Revenue": NaN,
        "Gross Profit": 421,
        "Operating Income": 129,
        "EBIT": 129,
        "Net Income": 81
    },
    "2017-09-30": {
        "Diluted EPS": 0.24,
        "Total Revenue": NaN,
        "Gross Profit": 471,
        "Operating Income": 193,
        "EBIT": 193,
        "Net Income": 116
    },
    "2017-06-30": {
        "Diluted EPS": 0.07,
        "Total Revenue": NaN,
        "Gross Profit": 410,
        "Operating Income": 127,
        "EBIT": 127,
        "Net Income": 36
    },
    "2017-03-31": {
        "Diluted EPS": 0.23,
        "Total Revenue": NaN,
        "Gross Profit": 429,
        "Operating Income": 158,
        "EBIT": 158,
        "Net Income": 113
    },
    "2016-12-31": {
        "Diluted EPS": 0.09,
        "Total Revenue": NaN,
        "Gross Profit": 388,
        "Operating Income": 116,
        "EBIT": 116,
        "Net Income": 43
    },
    "2016-09-30": {
        "Diluted EPS": 0.13,
        "Total Revenue": NaN,
        "Gross Profit": 369,
        "Operating Income": 109,
        "EBIT": 109,
        "Net Income": 62
    },
    "2016-06-30": {
        "Diluted EPS": 0.06,
        "Total Revenue": NaN,
        "Gross Profit": 324,
        "Operating Income": 72,
        "EBIT": 72,
        "Net Income": 31
    },
    "2016-03-31": {
        "Diluted EPS": 0.07,
        "Total Revenue": NaN,
        "Gross Profit": 324,
        "Operating Income": 66,
        "EBIT": 66,
        "Net Income": 40
    },
    "2015-12-31": {
        "Diluted EPS": -0.02,
        "Total Revenue": NaN,
        "Gross Profit": 312,
        "Operating Income": -18,
        "EBIT": 491,
        "Net Income": -12
    },
    "2015-09-30": {
        "Diluted EPS": 0.06,
        "Total Revenue": 946,
        "Gross Profit": 292,
        "Operating Income": 34,
        "EBIT": 34,
        "Net Income": 33
    },
    "2015-06-30": {
        "Diluted EPS": 0.05,
        "Total Revenue": 917,
        "Gross Profit": 262,
        "Operating Income": 22,
        "EBIT": 22,
        "Net Income": 24
    },
    "2015-03-31": {
        "Diluted EPS": 0.11,
        "Total Revenue": NaN,
        "Gross Profit": 309,
        "Operating Income": 60,
        "EBIT": 60,
        "Net Income": 61
    },
    "2014-12-31": {
        "Diluted EPS": 0.17,
        "Total Revenue": NaN,
        "Gross Profit": 328,
        "Operating Income": 113,
        "EBIT": 113,
        "Net Income": 93
    },
    "2014-09-30": {
        "Diluted EPS": 0.24,
        "Total Revenue": NaN,
        "Gross Profit": 356,
        "Operating Income": 151,
        "EBIT": 151,
        "Net Income": 132
    },
    "2014-06-30": {
        "Diluted EPS": 0.26,
        "Total Revenue": NaN,
        "Gross Profit": 353,
        "Operating Income": 163,
        "EBIT": 163,
        "Net Income": 144
    },
    "2014-03-31": {
        "Diluted EPS": 0.43,
        "Total Revenue": NaN,
        "Gross Profit": 421,
        "Operating Income": 248,
        "EBIT": 248,
        "Net Income": 240
    },
    "2013-12-31": {
        "Diluted EPS": 0.4,
        "Total Revenue": NaN,
        "Gross Profit": 432,
        "Operating Income": 221,
        "EBIT": 221,
        "Net Income": 223
    },
    "2013-09-30": {
        "Diluted EPS": 0.32,
        "Total Revenue": NaN,
        "Gross Profit": 380,
        "Operating Income": 214,
        "EBIT": 214,
        "Net Income": 179
    },
    "2013-06-30": {
        "Diluted EPS": 0.33,
        "Total Revenue": NaN,
        "Gross Profit": 389,
        "Operating Income": 220,
        "EBIT": 220,
        "Net Income": 181
    },
    "2013-03-31": {
        "Diluted EPS": 0.1,
        "Total Revenue": NaN,
        "Gross Profit": 367,
        "Operating Income": 198,
        "EBIT": 198,
        "Net Income": 54
    },
    "2012-12-31": {
        "Diluted EPS": 0.2,
        "Total Revenue": NaN,
        "Gross Profit": 308,
        "Operating Income": 135,
        "EBIT": 135,
        "Net Income": 108
    },
    "2012-09-30": {
        "Diluted EPS": 0.19,
        "Total Revenue": NaN,
        "Gross Profit": 279,
        "Operating Income": 125,
        "EBIT": 125,
        "Net Income": 105
    },
    "2012-06-30": {
        "Diluted EPS": 0.15,
        "Total Revenue": 939,
        "Gross Profit": 254,
        "Operating Income": 105,
        "EBIT": 105,
        "Net Income": 82
    },
    "2012-03-31": {
        "Diluted EPS": 0.22,
        "Total Revenue": NaN,
        "Gross Profit": 329,
        "Operating Income": 175,
        "EBIT": 175,
        "Net Income": 122
    },
    "2011-12-31": {
        "Diluted EPS": 0.2,
        "Total Revenue": NaN,
        "Gross Profit": 288,
        "Operating Income": 135,
        "EBIT": 233,
        "Net Income": 108
    },
    "2011-09-30": {
        "Diluted EPS": 0.21,
        "Total Revenue": NaN,
        "Gross Profit": 295,
        "Operating Income": 148,
        "EBIT": 148,
        "Net Income": 113
    },
    "2011-06-30": {
        "Diluted EPS": 0.13,
        "Total Revenue": 960,
        "Gross Profit": 269,
        "Operating Income": 128,
        "EBIT": 128,
        "Net Income": 67
    },
    "2011-03-31": {
        "Diluted EPS": 0.01,
        "Total Revenue": 828,
        "Gross Profit": 190,
        "Operating Income": 58,
        "EBIT": 145,
        "Net Income": 7
    },
    "2010-12-31": {
        "Diluted EPS": 0.03,
        "Total Revenue": 774,
        "Gross Profit": 189,
        "Operating Income": 50,
        "EBIT": 50,
        "Net Income": 16
    },
    "2010-09-30": {
        "Diluted EPS": 0.03,
        "Total Revenue": 727,
        "Gross Profit": 186,
        "Operating Income": 56,
        "EBIT": 56,
        "Net Income": 16
    },
    "2010-06-30": {
        "Diluted EPS": -0.06,
        "Total Revenue": 574,
        "Gross Profit": 119,
        "Operating Income": -4,
        "EBIT": -4,
        "Net Income": -30
    },
    "2010-03-31": {
        "Diluted EPS": -0.02,
        "Total Revenue": 587,
        "Gross Profit": 149,
        "Operating Income": 29,
        "EBIT": 29,
        "Net Income": -12
    },
    "2009-12-31": {
        "Diluted EPS": -0.17,
        "Total Revenue": 400,
        "Gross Profit": 30,
        "Operating Income": -74,
        "EBIT": -74,
        "Net Income": -90
    },
    "2009-09-30": {
        "Diluted EPS": -0.08,
        "Total Revenue": 500,
        "Gross Profit": 93,
        "Operating Income": -12,
        "EBIT": -12,
        "Net Income": -39
    },
    "2009-06-30": {
        "Diluted EPS": -0.3,
        "Total Revenue": 216,
        "Gross Profit": 12,
        "Operating Income": -79,
        "EBIT": -79,
        "Net Income": -144
    },
    "2009-03-31": {
        "Diluted EPS": -0.08,
        "Total Revenue": 216,
        "Gross Profit": 41,
        "Operating Income": -15,
        "EBIT": -15,
        "Net Income": -35
    },
    "2023-09-30": {
        "Tax Effect Of Unusual Items": -1672440.0,
        "Tax Rate For Calcs": 0.12,
        "Normalized EBITDA": 250959000.0,
        "Total Unusual Items": -13937000.0,
        "Total Unusual Items Excluding Goodwill": -13937000.0,
        "Net Income From Continuing Operation Net Minority Interest": -16303000.0,
        "Reconciled Depreciation": 140668000.0,
        "Reconciled Cost Of Revenue": 632677000.0,
        "EBITDA": 237022000.0,
        "EBIT": 96354000.0,
        "Net Interest Income": -126161000.0,
        "Interest Expense": 131128000.0,
        "Interest Income": 6064000.0,
        "Normalized Income": -4038440.0,
        "Net Income From Continuing And Discontinued Operation": -16303000.0,
        "Total Expenses": 912329000.0,
        "Total Operating Income As Reported": 94702000.0,
        "Diluted Average Shares": 437090258.0,
        "Basic Average Shares": 437090258.0,
        "Diluted EPS": -0.036,
        "Basic EPS": -0.036,
        "Diluted NI Availto Com Stockholders": -16303000.0,
        "Net Income Common Stockholders": -16303000.0,
        "Net Income": -16303000.0,
        "Minority Interests": 20492000.0,
        "Net Income Including Noncontrolling Interests": -36795000.0,
        "Net Income Continuous Operations": -36795000.0,
        "Tax Provision": 2021000.0,
        "Pretax Income": -34774000.0,
        "Other Income Expense": -13499000.0,
        "Other Non Operating Income Expenses": 438000.0,
        "Special Income Charges": -10104000.0,
        "Other Special Charges": 10104000.0,
        "Gain On Sale Of Security": -3833000.0,
        "Net Non Operating Interest Income Expense": -126161000.0,
        "Total Other Finance Cost": 1097000.0,
        "Interest Expense Non Operating": 131128000.0,
        "Interest Income Non Operating": 6064000.0,
        "Operating Income": 104886000.0,
        "Operating Expense": 279652000.0,
        "Other Operating Expenses": 8537000.0,
        "Depreciation Amortization Depletion Income Statement": 140668000.0,
        "Depreciation And Amortization In Income Statement": 140668000.0,
        "Amortization": 5672000.0,
        "Amortization Of Intangibles Income Statement": 5672000.0,
        "Depreciation Income Statement": 134996000.0,
        "Research And Development": 0.0,
        "Selling General And Administration": 130447000.0,
        "General And Administrative Expense": 130447000.0,
        "Other Gand A": 130447000.0,
        "Gross Profit": 384538000.0,
        "Cost Of Revenue": 632677000.0,
        "Total Revenue": 1017215000.0,
        "Operating Revenue": 1017215000.0
    },
    "2023-12-31": {
        "Tax Effect Of Unusual Items": 300600.0,
        "Tax Rate For Calcs": 0.12,
        "Normalized EBITDA": 59016000.0,
        "Total Unusual Items": 2505000.0,
        "Total Unusual Items Excluding Goodwill": 2505000.0,
        "Net Income From Continuing Operation Net Minority Interest": -205888000.0,
        "Reconciled Depreciation": 144740000.0,
        "Reconciled Cost Of Revenue": 899340000.0,
        "EBITDA": 61521000.0,
        "EBIT": -83219000.0,
        "Net Interest Income": -124677000.0,
        "Interest Expense": 128794000.0,
        "Interest Income": 5468000.0,
        "Normalized Income": -208092400.0,
        "Net Income From Continuing And Discontinued Operation": -205888000.0,
        "Total Expenses": 1184446000.0,
        "Total Operating Income As Reported": -94383000.0,
        "Diluted Average Shares": 437090258.0,
        "Basic Average Shares": 437090258.0,
        "Diluted EPS": -0.357,
        "Basic EPS": -0.357,
        "Diluted NI Availto Com Stockholders": -205888000.0,
        "Net Income Common Stockholders": -205888000.0,
        "Net Income": -205888000.0,
        "Minority Interests": 20842000.0,
        "Net Income Including Noncontrolling Interests": -226730000.0,
        "Net Income Continuous Operations": -226730000.0,
        "Tax Provision": 14717000.0,
        "Pretax Income": -212013000.0,
        "Other Income Expense": 3497000.0,
        "Other Non Operating Income Expenses": 992000.0,
        "Special Income Charges": -2019000.0,
        "Other Special Charges": 2019000.0,
        "Gain On Sale Of Security": 4524000.0,
        "Net Non Operating Interest Income Expense": -124677000.0,
        "Total Other Finance Cost": 1351000.0,
        "Interest Expense Non Operating": 128794000.0,
        "Interest Income Non Operating": 5468000.0,
        "Operating Income": -90833000.0,
        "Operating Expense": 285106000.0,
        "Other Operating Expenses": 9813000.0,
        "Depreciation Amortization Depletion Income Statement": 144740000.0,
        "Depreciation And Amortization In Income Statement": 144740000.0,
        "Amortization": 5680000.0,
        "Amortization Of Intangibles Income Statement": 5680000.0,
        "Depreciation Income Statement": 139060000.0,
        "Research And Development": NaN,
        "Selling General And Administration": 129351000.0,
        "General And Administrative Expense": 129351000.0,
        "Other Gand A": 129351000.0,
        "Gross Profit": 194273000.0,
        "Cost Of Revenue": 899340000.0,
        "Total Revenue": 1093613000.0,
        "Operating Revenue": 1093613000.0
    },
    "2024-03-31": {
        "Tax Effect Of Unusual Items": -494040.0,
        "Tax Rate For Calcs": 0.12,
        "Normalized EBITDA": 269351000.0,
        "Total Unusual Items": -4117000.0,
        "Total Unusual Items Excluding Goodwill": -4117000.0,
        "Net Income From Continuing Operation Net Minority Interest": 15170000.0,
        "Reconciled Depreciation": 136798000.0,
        "Reconciled Cost Of Revenue": 712388000.0,
        "EBITDA": 265234000.0,
        "EBIT": 128436000.0,
        "Net Interest Income": -121278000.0,
        "Interest Expense": 124192000.0,
        "Interest Income": 4538000.0,
        "Normalized Income": 18792960.0,
        "Net Income From Continuing And Discontinued Operation": 15170000.0,
        "Total Expenses": 984768000.0,
        "Total Operating Income As Reported": 125350000.0,
        "Diluted Average Shares": 439608169.0,
        "Basic Average Shares": 437090258.0,
        "Diluted EPS": 0.036,
        "Basic EPS": 0.036,
        "Diluted NI Availto Com Stockholders": 15170000.0,
        "Net Income Common Stockholders": 15170000.0,
        "Net Income": 15170000.0,
        "Minority Interests": 14620000.0,
        "Net Income Including Noncontrolling Interests": 550000.0,
        "Net Income Continuous Operations": 550000.0,
        "Tax Provision": 3694000.0,
        "Pretax Income": 4244000.0,
        "Other Income Expense": -2117000.0,
        "Other Non Operating Income Expenses": 2000000.0,
        "Special Income Charges": -2289000.0,
        "Other Special Charges": 2289000.0,
        "Gain On Sale Of Security": -1828000.0,
        "Net Non Operating Interest Income Expense": -121278000.0,
        "Total Other Finance Cost": 1624000.0,
        "Interest Expense Non Operating": 124192000.0,
        "Interest Income Non Operating": 4538000.0,
        "Operating Income": 127639000.0,
        "Operating Expense": 272380000.0,
        "Other Operating Expenses": 8489000.0,
        "Depreciation Amortization Depletion Income Statement": 136798000.0,
        "Depreciation And Amortization In Income Statement": 136798000.0,
        "Amortization": 4976000.0,
        "Amortization Of Intangibles Income Statement": 4976000.0,
        "Depreciation Income Statement": 131822000.0,
        "Research And Development": 138000.0,
        "Selling General And Administration": 126955000.0,
        "General And Administrative Expense": 126955000.0,
        "Other Gand A": 126955000.0,
        "Gross Profit": 400019000.0,
        "Cost Of Revenue": 712388000.0,
        "Total Revenue": 1112407000.0,
        "Operating Revenue": 1112407000.0
    },
    "2024-06-30": {
        "Tax Effect Of Unusual Items": -170040.0,
        "Tax Rate For Calcs": 0.12,
        "Normalized EBITDA": 264055000.0,
        "Total Unusual Items": -1417000.0,
        "Total Unusual Items Excluding Goodwill": -1417000.0,
        "Net Income From Continuing Operation Net Minority Interest": 21390000.0,
        "Reconciled Depreciation": 134514000.0,
        "Reconciled Cost Of Revenue": 741665000.0,
        "EBITDA": 262638000.0,
        "EBIT": 128124000.0,
        "Net Interest Income": -119003000.0,
        "Interest Expense": 121320000.0,
        "Interest Income": 4293000.0,
        "Normalized Income": 22636960.0,
        "Net Income From Continuing And Discontinued Operation": 21390000.0,
        "Total Expenses": 1033036000.0,
        "Total Operating Income As Reported": 123736000.0,
        "Diluted Average Shares": 440745181.0,
        "Basic Average Shares": 440172646.0,
        "Diluted EPS": 0.048,
        "Basic EPS": 0.048,
        "Diluted NI Availto Com Stockholders": 21390000.0,
        "Net Income Common Stockholders": 21390000.0,
        "Net Income": 21390000.0,
        "Minority Interests": 22677000.0,
        "Net Income Including Noncontrolling Interests": -1287000.0,
        "Net Income Continuous Operations": -1287000.0,
        "Tax Provision": 8091000.0,
        "Pretax Income": 6804000.0,
        "Other Income Expense": -812000.0,
        "Other Non Operating Income Expenses": 605000.0,
        "Special Income Charges": -3752000.0,
        "Other Special Charges": 3752000.0,
        "Gain On Sale Of Security": 2335000.0,
        "Net Non Operating Interest Income Expense": -119003000.0,
        "Total Other Finance Cost": 1976000.0,
        "Interest Expense Non Operating": 121320000.0,
        "Interest Income Non Operating": 4293000.0,
        "Operating Income": 126619000.0,
        "Operating Expense": 291371000.0,
        "Other Operating Expenses": 10535000.0,
        "Depreciation Amortization Depletion Income Statement": 134514000.0,
        "Depreciation And Amortization In Income Statement": 134514000.0,
        "Amortization": 4979000.0,
        "Amortization Of Intangibles Income Statement": 4979000.0,
        "Depreciation Income Statement": 129535000.0,
        "Research And Development": 1934000.0,
        "Selling General And Administration": 144388000.0,
        "General And Administrative Expense": 144388000.0,
        "Other Gand A": 144388000.0,
        "Gross Profit": 417990000.0,
        "Cost Of Revenue": 741665000.0,
        "Total Revenue": 1159655000.0,
        "Operating Revenue": 1159655000.0
    },
    "2024-09-30": {
        "Tax Effect Of Unusual Items": -2123800.934366,
        "Tax Rate For Calcs": 0.277005,
        "Normalized EBITDA": 282511000.0,
        "Total Unusual Items": -7667000.0,
        "Total Unusual Items Excluding Goodwill": -7667000.0,
        "Net Income From Continuing Operation Net Minority Interest": 27257000.0,
        "Reconciled Depreciation": 135854000.0,
        "Reconciled Cost Of Revenue": 742448000.0,
        "EBITDA": 274844000.0,
        "EBIT": 138990000.0,
        "Net Interest Income": -119730000.0,
        "Interest Expense": 121438000.0,
        "Interest Income": 3769000.0,
        "Normalized Income": 32800199.065634,
        "Net Income From Continuing And Discontinued Operation": 27257000.0,
        "Total Expenses": 1030785000.0,
        "Total Operating Income As Reported": 138585000.0,
        "Diluted Average Shares": 431919391.0,
        "Basic Average Shares": 431648857.0,
        "Diluted EPS": 0.063,
        "Basic EPS": 0.063,
        "Diluted NI Availto Com Stockholders": 27257000.0,
        "Net Income Common Stockholders": 27257000.0,
        "Net Income": 27257000.0,
        "Minority Interests": 14567000.0,
        "Net Income Including Noncontrolling Interests": 12690000.0,
        "Net Income Continuous Operations": 12690000.0,
        "Tax Provision": 4862000.0,
        "Pretax Income": 17552000.0,
        "Other Income Expense": -7066000.0,
        "Other Non Operating Income Expenses": 601000.0,
        "Special Income Charges": -5877000.0,
        "Other Special Charges": 5877000.0,
        "Gain On Sale Of Security": -1790000.0,
        "Net Non Operating Interest Income Expense": -119730000.0,
        "Total Other Finance Cost": 2061000.0,
        "Interest Expense Non Operating": 121438000.0,
        "Interest Income Non Operating": 3769000.0,
        "Operating Income": 144348000.0,
        "Operating Expense": 288337000.0,
        "Other Operating Expenses": 10508000.0,
        "Depreciation Amortization Depletion Income Statement": 135854000.0,
        "Depreciation And Amortization In Income Statement": 135854000.0,
        "Amortization": 4993000.0,
        "Amortization Of Intangibles Income Statement": 4993000.0,
        "Depreciation Income Statement": 130861000.0,
        "Research And Development": 1469000.0,
        "Selling General And Administration": 140506000.0,
        "General And Administrative Expense": 140506000.0,
        "Other Gand A": 140506000.0,
        "Gross Profit": 432685000.0,
        "Cost Of Revenue": 742448000.0,
        "Total Revenue": 1175133000.0,
        "Operating Revenue": 1175133000.0
    }
}