{
    "2023-06-30": {
        "Tax Effect Of Unusual Items": NaN,
        "Tax Rate For Calcs": NaN,
        "Normalized EBITDA": NaN,
        "Total Unusual Items": NaN,
        "Total Unusual Items Excluding Goodwill": NaN,
        "Net Income From Continuing Operation Net Minority Interest": NaN,
        "Reconciled Depreciation": NaN,
        "Reconciled Cost Of Revenue": NaN,
        "EBITDA": NaN,
        "EBIT": NaN,
        "Net Interest Income": NaN,
        "Interest Expense": NaN,
        "Interest Income": NaN,
        "Normalized Income": NaN,
        "Net Income From Continuing And Discontinued Operation": NaN,
        "Total Expenses": NaN,
        "Total Operating Income As Reported": NaN,
        "Diluted Average Shares": NaN,
        "Basic Average Shares": NaN,
        "Diluted EPS": NaN,
        "Basic EPS": NaN,
        "Diluted NI Availto Com Stockholders": NaN,
        "Net Income Common Stockholders": NaN,
        "Net Income": NaN,
        "Minority Interests": NaN,
        "Net Income Including Noncontrolling Interests": NaN,
        "Net Income Continuous Operations": NaN,
        "Earnings From Equity Interest Net Of Tax": NaN,
        "Tax Provision": NaN,
        "Pretax Income": NaN,
        "Other Income Expense": NaN,
        "Other Non Operating Income Expenses": NaN,
        "Special Income Charges": 19466000.0,
        "Gain On Sale Of Ppe": 0.0,
        "Gain On Sale Of Business": NaN,
        "Other Special Charges": -19466000.0,
        "Write Off": NaN,
        "Gain On Sale Of Security": 20820000.0,
        "Net Non Operating Interest Income Expense": NaN,
        "Interest Expense Non Operating": NaN,
        "Interest Income Non Operating": NaN,
        "Operating Income": NaN,
        "Operating Expense": NaN,
        "Depreciation Amortization Depletion Income Statement": NaN,
        "Depreciation And Amortization In Income Statement": NaN,
        "Selling General And Administration": NaN,
        "General And Administrative Expense": NaN,
        "Other Gand A": NaN,
        "Gross Profit": NaN,
        "Cost Of Revenue": NaN,
        "Total Revenue": NaN,
        "Operating Revenue": NaN
    },
    "2023-03-31": {
        "Tax Effect Of Unusual Items": NaN,
        "Tax Rate For Calcs": NaN,
        "Normalized EBITDA": NaN,
        "Total Unusual Items": NaN,
        "Total Unusual Items Excluding Goodwill": NaN,
        "Net Income From Continuing Operation Net Minority Interest": NaN,
        "Reconciled Depreciation": NaN,
        "Reconciled Cost Of Revenue": NaN,
        "EBITDA": NaN,
        "EBIT": NaN,
        "Net Interest Income": NaN,
        "Interest Expense": NaN,
        "Interest Income": NaN,
        "Normalized Income": NaN,
        "Net Income From Continuing And Discontinued Operation": NaN,
        "Total Expenses": NaN,
        "Total Operating Income As Reported": NaN,
        "Diluted Average Shares": NaN,
        "Basic Average Shares": NaN,
        "Diluted EPS": NaN,
        "Basic EPS": NaN,
        "Diluted NI Availto Com Stockholders": NaN,
        "Net Income Common Stockholders": NaN,
        "Net Income": NaN,
        "Minority Interests": NaN,
        "Net Income Including Noncontrolling Interests": NaN,
        "Net Income Continuous Operations": NaN,
        "Earnings From Equity Interest Net Of Tax": NaN,
        "Tax Provision": NaN,
        "Pretax Income": NaN,
        "Other Income Expense": NaN,
        "Other Non Operating Income Expenses": NaN,
        "Special Income Charges": NaN,
        "Gain On Sale Of Ppe": 0.0,
        "Gain On Sale Of Business": NaN,
        "Other Special Charges": NaN,
        "Write Off": NaN,
        "Gain On Sale Of Security": NaN,
        "Net Non Operating Interest Income Expense": NaN,
        "Interest Expense Non Operating": NaN,
        "Interest Income Non Operating": NaN,
        "Operating Income": NaN,
        "Operating Expense": NaN,
        "Depreciation Amortization Depletion Income Statement": NaN,
        "Depreciation And Amortization In Income Statement": NaN,
        "Selling General And Administration": NaN,
        "General And Administrative Expense": NaN,
        "Other Gand A": NaN,
        "Gross Profit": NaN,
        "Cost Of Revenue": NaN,
        "Total Revenue": NaN,
        "Operating Revenue": NaN
    },
    "2022-12-31": {
        "Tax Effect Of Unusual Items": NaN,
        "Tax Rate For Calcs": NaN,
        "Normalized EBITDA": NaN,
        "Total Unusual Items": NaN,
        "Total Unusual Items Excluding Goodwill": NaN,
        "Net Income From Continuing Operation Net Minority Interest": NaN,
        "Reconciled Depreciation": NaN,
        "Reconciled Cost Of Revenue": NaN,
        "EBITDA": NaN,
        "EBIT": NaN,
        "Net Interest Income": NaN,
        "Interest Expense": NaN,
        "Interest Income": NaN,
        "Normalized Income": NaN,
        "Net Income From Continuing And Discontinued Operation": NaN,
        "Total Expenses": NaN,
        "Total Operating Income As Reported": NaN,
        "Diluted Average Shares": NaN,
        "Basic Average Shares": NaN,
        "Diluted EPS": NaN,
        "Basic EPS": NaN,
        "Diluted NI Availto Com Stockholders": NaN,
        "Net Income Common Stockholders": NaN,
        "Net Income": NaN,
        "Minority Interests": NaN,
        "Net Income Including Noncontrolling Interests": NaN,
        "Net Income Continuous Operations": NaN,
        "Earnings From Equity Interest Net Of Tax": NaN,
        "Tax Provision": NaN,
        "Pretax Income": NaN,
        "Other Income Expense": NaN,
        "Other Non Operating Income Expenses": NaN,
        "Special Income Charges": NaN,
        "Gain On Sale Of Ppe": 866000.0,
        "Gain On Sale Of Business": 0.0,
        "Other Special Charges": NaN,
        "Write Off": NaN,
        "Gain On Sale Of Security": NaN,
        "Net Non Operating Interest Income Expense": NaN,
        "Interest Expense Non Operating": NaN,
        "Interest Income Non Operating": NaN,
        "Operating Income": NaN,
        "Operating Expense": NaN,
        "Depreciation Amortization Depletion Income Statement": NaN,
        "Depreciation And Amortization In Income Statement": NaN,
        "Selling General And Administration": NaN,
        "General And Administrative Expense": NaN,
        "Other Gand A": NaN,
        "Gross Profit": NaN,
        "Cost Of Revenue": NaN,
        "Total Revenue": NaN,
        "Operating Revenue": NaN
    },
    "2022-09-30": {
        "Tax Effect Of Unusual Items": NaN,
        "Tax Rate For Calcs": NaN,
        "Normalized EBITDA": NaN,
        "Total Unusual Items": NaN,
        "Total Unusual Items Excluding Goodwill": NaN,
        "Net Income From Continuing Operation Net Minority Interest": NaN,
        "Reconciled Depreciation": NaN,
        "Reconciled Cost Of Revenue": NaN,
        "EBITDA": NaN,
        "EBIT": NaN,
        "Net Interest Income": NaN,
        "Interest Expense": NaN,
        "Interest Income": NaN,
        "Normalized Income": NaN,
        "Net Income From Continuing And Discontinued Operation": NaN,
        "Total Expenses": NaN,
        "Total Operating Income As Reported": NaN,
        "Diluted Average Shares": NaN,
        "Basic Average Shares": NaN,
        "Diluted EPS": NaN,
        "Basic EPS": NaN,
        "Diluted NI Availto Com Stockholders": NaN,
        "Net Income Common Stockholders": NaN,
        "Net Income": NaN,
        "Minority Interests": NaN,
        "Net Income Including Noncontrolling Interests": NaN,
        "Net Income Continuous Operations": NaN,
        "Earnings From Equity Interest Net Of Tax": NaN,
        "Tax Provision": NaN,
        "Pretax Income": NaN,
        "Other Income Expense": NaN,
        "Other Non Operating Income Expenses": NaN,
        "Special Income Charges": NaN,
        "Gain On Sale Of Ppe": NaN,
        "Gain On Sale Of Business": 0.0,
        "Other Special Charges": NaN,
        "Write Off": 0.0,
        "Gain On Sale Of Security": NaN,
        "Net Non Operating Interest Income Expense": NaN,
        "Interest Expense Non Operating": NaN,
        "Interest Income Non Operating": NaN,
        "Operating Income": NaN,
        "Operating Expense": NaN,
        "Depreciation Amortization Depletion Income Statement": NaN,
        "Depreciation And Amortization In Income Statement": NaN,
        "Selling General And Administration": NaN,
        "General And Administrative Expense": 50178000.0,
        "Other Gand A": 50178000.0,
        "Gross Profit": NaN,
        "Cost Of Revenue": NaN,
        "Total Revenue": NaN,
        "Operating Revenue": NaN
    },
    "2022-06-30": {
        "Tax Effect Of Unusual Items": 0.0,
        "Tax Rate For Calcs": 0.252061,
        "Normalized EBITDA": 282465000.0,
        "Total Unusual Items": 0.0,
        "Total Unusual Items Excluding Goodwill": 0.0,
        "Net Income From Continuing Operation Net Minority Interest": 206552000.0,
        "Reconciled Depreciation": 11392000.0,
        "Reconciled Cost Of Revenue": 820824000.0,
        "EBITDA": 282465000.0,
        "EBIT": 271073000.0,
        "Net Interest Income": -147000.0,
        "Interest Expense": 147000.0,
        "Interest Income": NaN,
        "Normalized Income": 206552000.0,
        "Net Income From Continuing And Discontinued Operation": 206552000.0,
        "Total Expenses": 881172000.0,
        "Total Operating Income As Reported": 268870000.0,
        "Diluted Average Shares": 56528000.0,
        "Basic Average Shares": 55787000.0,
        "Diluted EPS": 3.65,
        "Basic EPS": 3.7,
        "Diluted NI Availto Com Stockholders": 206552000.0,
        "Net Income Common Stockholders": 206552000.0,
        "Net Income": 206552000.0,
        "Minority Interests": -972000.0,
        "Net Income Including Noncontrolling Interests": 207524000.0,
        "Net Income Continuous Operations": 207524000.0,
        "Earnings From Equity Interest Net Of Tax": 4888000.0,
        "Tax Provision": 68290000.0,
        "Pretax Income": 270926000.0,
        "Other Income Expense": 2203000.0,
        "Other Non Operating Income Expenses": 2203000.0,
        "Special Income Charges": 0.0,
        "Gain On Sale Of Ppe": 0.0,
        "Gain On Sale Of Business": NaN,
        "Other Special Charges": NaN,
        "Impairment Of Capital Assets": NaN,
        "Gain On Sale Of Security": NaN,
        "Net Non Operating Interest Income Expense": -147000.0,
        "Interest Expense Non Operating": 147000.0,
        "Interest Income Non Operating": NaN,
        "Operating Income": 268870000.0,
        "Operating Expense": 60258000.0,
        "Other Operating Expenses": NaN,
        "Depreciation Amortization Depletion Income Statement": 11302000.0,
        "Depreciation And Amortization In Income Statement": 11302000.0,
        "Selling General And Administration": 48956000.0,
        "General And Administrative Expense": 48956000.0,
        "Other Gand A": 48956000.0,
        "Gross Profit": 329128000.0,
        "Cost Of Revenue": 820914000.0,
        "Total Revenue": 1150042000.0,
        "Operating Revenue": 1150042000.0
    },
    "2022-03-31": {
        "Diluted EPS": 2.78,
        "Total Revenue": NaN,
        "Gross Profit": 265,
        "Operating Income": 213,
        "EBIT": 224,
        "Net Income": 158
    },
    "2021-12-31": {
        "Diluted EPS": 2.21,
        "Total Revenue": 956,
        "Gross Profit": 230,
        "Operating Income": 172,
        "EBIT": 184,
        "Net Income": 126
    },
    "2021-09-30": {
        "Diluted EPS": 3.01,
        "Total Revenue": 982,
        "Gross Profit": 238,
        "Operating Income": 233,
        "EBIT": 244,
        "Net Income": 171
    },
    "2021-06-30": {
        "Diluted EPS": 1.92,
        "Total Revenue": NaN,
        "Gross Profit": 213,
        "Operating Income": 158,
        "EBIT": 169,
        "Net Income": 109
    },
    "2021-03-31": {
        "Diluted EPS": 1.11,
        "Total Revenue": 818,
        "Gross Profit": 150,
        "Operating Income": 93,
        "EBIT": 104,
        "Net Income": 63
    },
    "2020-12-31": {
        "Diluted EPS": 0.64,
        "Total Revenue": 676,
        "Gross Profit": 122,
        "Operating Income": 65,
        "EBIT": 77,
        "Net Income": 36
    },
    "2020-09-30": {
        "Diluted EPS": 0.76,
        "Total Revenue": 619,
        "Gross Profit": 118,
        "Operating Income": 69,
        "EBIT": 80,
        "Net Income": 43
    },
    "2020-06-30": {
        "Diluted EPS": 0.5,
        "Total Revenue": 500,
        "Gross Profit": 97,
        "Operating Income": 52,
        "EBIT": 63,
        "Net Income": 28
    },
    "2020-03-31": {
        "Diluted EPS": 0.57,
        "Total Revenue": 603,
        "Gross Profit": 94,
        "Operating Income": 59,
        "EBIT": 70,
        "Net Income": 32
    },
    "2019-12-31": {
        "Diluted EPS": 0.49,
        "Total Revenue": 544,
        "Gross Profit": 94,
        "Operating Income": 44,
        "EBIT": 55,
        "Net Income": 28
    },
    "2019-09-30": {
        "Diluted EPS": 0.52,
        "Total Revenue": 609,
        "Gross Profit": 98,
        "Operating Income": 46,
        "EBIT": 57,
        "Net Income": 29
    },
    "2019-06-30": {
        "Diluted EPS": 0.5,
        "Total Revenue": 666,
        "Gross Profit": 102,
        "Operating Income": 52,
        "EBIT": 62,
        "Net Income": 28
    },
    "2019-03-31": {
        "Diluted EPS": 0.28,
        "Total Revenue": 612,
        "Gross Profit": 100,
        "Operating Income": 49,
        "EBIT": 60,
        "Net Income": 16
    },
    "2018-12-31": {
        "Diluted EPS": 0.47,
        "Total Revenue": 559,
        "Gross Profit": 85,
        "Operating Income": 40,
        "EBIT": 51,
        "Net Income": 27
    },
    "2018-09-30": {
        "Diluted EPS": 0.35,
        "Total Revenue": 646,
        "Gross Profit": 79,
        "Operating Income": 34,
        "EBIT": 44,
        "Net Income": 20
    },
    "2018-06-30": {
        "Diluted EPS": 0.58,
        "Total Revenue": 663,
        "Gross Profit": 99,
        "Operating Income": 52,
        "EBIT": 61,
        "Net Income": 33
    },
    "2018-03-31": {
        "Diluted EPS": 0.42,
        "Total Revenue": 640,
        "Gross Profit": 94,
        "Operating Income": 47,
        "EBIT": 57,
        "Net Income": 24
    },
    "2017-12-31": {
        "Diluted EPS": 0.1,
        "Total Revenue": 524,
        "Gross Profit": 67,
        "Operating Income": 21,
        "EBIT": 30,
        "Net Income": 6
    },
    "2017-09-30": {
        "Diluted EPS": 0.39,
        "Total Revenue": 550,
        "Gross Profit": 79,
        "Operating Income": 37,
        "EBIT": 46,
        "Net Income": 22
    },
    "2017-06-30": {
        "Diluted EPS": 0.48,
        "Total Revenue": 614,
        "Gross Profit": 90,
        "Operating Income": 47,
        "EBIT": 55,
        "Net Income": 28
    },
    "2017-03-31": {
        "Diluted EPS": 0.52,
        "Total Revenue": 578,
        "Gross Profit": 89,
        "Operating Income": 46,
        "EBIT": 54,
        "Net Income": 30
    },
    "2016-12-31": {
        "Diluted EPS": 0.3,
        "Total Revenue": 472,
        "Gross Profit": 76,
        "Operating Income": 31,
        "EBIT": 39,
        "Net Income": 17
    },
    "2016-09-30": {
        "Diluted EPS": 0.45,
        "Total Revenue": 507,
        "Gross Profit": 82,
        "Operating Income": 37,
        "EBIT": 47,
        "Net Income": 26
    },
    "2016-06-30": {
        "Diluted EPS": 0.49,
        "Total Revenue": 544,
        "Gross Profit": 88,
        "Operating Income": 44,
        "EBIT": 54,
        "Net Income": 28
    },
    "2016-03-31": {
        "Diluted EPS": 0.5,
        "Total Revenue": 533,
        "Gross Profit": 86,
        "Operating Income": 41,
        "EBIT": 50,
        "Net Income": 29
    },
    "2015-12-31": {
        "Diluted EPS": 0.25,
        "Total Revenue": 472,
        "Gross Profit": 61,
        "Operating Income": 19,
        "EBIT": 29,
        "Net Income": 14
    },
    "2015-09-30": {
        "Diluted EPS": 0.31,
        "Total Revenue": 535,
        "Gross Profit": 68,
        "Operating Income": 27,
        "EBIT": 36,
        "Net Income": 18
    },
    "2015-06-30": {
        "Diluted EPS": 0.59,
        "Total Revenue": 556,
        "Gross Profit": 85,
        "Operating Income": 56,
        "EBIT": 64,
        "Net Income": 34
    },
    "2015-03-31": {
        "Diluted EPS": 0.39,
        "Total Revenue": 537,
        "Gross Profit": 76,
        "Operating Income": 36,
        "EBIT": 44,
        "Net Income": 22
    },
    "2014-12-31": {
        "Diluted EPS": 0.31,
        "Total Revenue": 537,
        "Gross Profit": 68,
        "Operating Income": 30,
        "EBIT": 38,
        "Net Income": 18
    },
    "2014-09-30": {
        "Diluted EPS": 0.42,
        "Total Revenue": 603,
        "Gross Profit": 82,
        "Operating Income": 38,
        "EBIT": 47,
        "Net Income": 24
    },
    "2014-06-30": {
        "Diluted EPS": 0.62,
        "Total Revenue": 650,
        "Gross Profit": 92,
        "Operating Income": 48,
        "EBIT": 57,
        "Net Income": 35
    },
    "2014-03-31": {
        "Diluted EPS": 0.44,
        "Total Revenue": 574,
        "Gross Profit": 79,
        "Operating Income": 38,
        "EBIT": 46,
        "Net Income": 25
    },
    "2013-12-31": {
        "Diluted EPS": 0.27,
        "Total Revenue": 488,
        "Gross Profit": 66,
        "Operating Income": 22,
        "EBIT": 30,
        "Net Income": 15
    },
    "2013-09-30": {
        "Diluted EPS": 0.71,
        "Total Revenue": 529,
        "Gross Profit": 73,
        "Operating Income": 67,
        "EBIT": 75,
        "Net Income": 40
    },
    "2013-06-30": {
        "Diluted EPS": 1.62,
        "Total Revenue": 582,
        "Gross Profit": 81,
        "Operating Income": 144,
        "EBIT": 153,
        "Net Income": 91
    },
    "2013-03-31": {
        "Diluted EPS": 0.46,
        "Total Revenue": 560,
        "Gross Profit": 77,
        "Operating Income": 37,
        "EBIT": 46,
        "Net Income": 26
    },
    "2012-12-31": {
        "Diluted EPS": 0.29,
        "Total Revenue": 504,
        "Gross Profit": 65,
        "Operating Income": 26,
        "EBIT": 34,
        "Net Income": 16
    },
    "2012-09-30": {
        "Diluted EPS": 0.21,
        "Total Revenue": 514,
        "Gross Profit": 64,
        "Operating Income": 24,
        "EBIT": 32,
        "Net Income": 16
    },
    "2012-06-30": {
        "Diluted EPS": 0.24,
        "Total Revenue": 594,
        "Gross Profit": 71,
        "Operating Income": 30,
        "EBIT": 38,
        "Net Income": 18
    },
    "2012-03-31": {
        "Diluted EPS": 0.43,
        "Total Revenue": 578,
        "Gross Profit": 84,
        "Operating Income": 47,
        "EBIT": 54,
        "Net Income": 33
    },
    "2011-12-31": {
        "Diluted EPS": 0.17,
        "Total Revenue": 491,
        "Gross Profit": 63,
        "Operating Income": 21,
        "EBIT": 31,
        "Net Income": 13
    },
    "2011-09-30": {
        "Diluted EPS": 0.14,
        "Total Revenue": 586,
        "Gross Profit": 62,
        "Operating Income": 19,
        "EBIT": 28,
        "Net Income": 10
    },
    "2011-06-30": {
        "Diluted EPS": 0.3,
        "Total Revenue": 653,
        "Gross Profit": 79,
        "Operating Income": 37,
        "EBIT": 46,
        "Net Income": 22
    },
    "2011-03-31": {
        "Diluted EPS": 0.54,
        "Total Revenue": 688,
        "Gross Profit": 98,
        "Operating Income": 63,
        "EBIT": 73,
        "Net Income": 41
    },
    "2010-12-31": {
        "Diluted EPS": 0.24,
        "Total Revenue": 527,
        "Gross Profit": 69,
        "Operating Income": 29,
        "EBIT": 39,
        "Net Income": 18
    },
    "2010-09-30": {
        "Diluted EPS": 0.25,
        "Total Revenue": 507,
        "Gross Profit": 70,
        "Operating Income": 31,
        "EBIT": 41,
        "Net Income": 19
    },
    "2010-06-30": {
        "Diluted EPS": 0.21,
        "Total Revenue": 540,
        "Gross Profit": 74,
        "Operating Income": 29,
        "EBIT": 39,
        "Net Income": 16
    },
    "2010-03-31": {
        "Diluted EPS": 0.45,
        "Total Revenue": 485,
        "Gross Profit": 72,
        "Operating Income": 47,
        "EBIT": 57,
        "Net Income": 34
    },
    "2009-12-31": {
        "Diluted EPS": -0.24,
        "Total Revenue": 433,
        "Gross Profit": 61,
        "Operating Income": -7,
        "EBIT": 3,
        "Net Income": -18
    },
    "2009-09-30": {
        "Diluted EPS": 0.25,
        "Total Revenue": 420,
        "Gross Profit": 66,
        "Operating Income": 28,
        "EBIT": 38,
        "Net Income": 19
    },
    "2009-06-30": {
        "Diluted EPS": 0.08,
        "Total Revenue": 368,
        "Gross Profit": 54,
        "Operating Income": 14,
        "EBIT": 24,
        "Net Income": 6
    },
    "2009-03-31": {
        "Diluted EPS": -0.04,
        "Total Revenue": 327,
        "Gross Profit": 39,
        "Operating Income": -2,
        "EBIT": 8,
        "Net Income": -2
    },
    "2023-09-30": {
        "Tax Effect Of Unusual Items": -1124550.0,
        "Tax Rate For Calcs": 0.27,
        "Normalized EBITDA": 203161000.0,
        "Total Unusual Items": -4165000.0,
        "Total Unusual Items Excluding Goodwill": -4165000.0,
        "Net Income From Continuing Operation Net Minority Interest": 132709000.0,
        "Reconciled Depreciation": 9801000.0,
        "Reconciled Cost Of Revenue": 578888000.0,
        "EBITDA": 198996000.0,
        "EBIT": 189195000.0,
        "Net Interest Income": 10369000.0,
        "Interest Expense": 230000.0,
        "Interest Income": 10599000.0,
        "Normalized Income": 135749450.0,
        "Net Income From Continuing And Discontinued Operation": 132709000.0,
        "Total Expenses": 636984000.0,
        "Total Operating Income As Reported": 181011000.0,
        "Diluted Average Shares": 113868000.0,
        "Basic Average Shares": 111416000.0,
        "Diluted EPS": 1.17,
        "Basic EPS": 1.19,
        "Diluted NI Availto Com Stockholders": 132709000.0,
        "Net Income Common Stockholders": 132709000.0,
        "Net Income": 132709000.0,
        "Minority Interests": -3000000.0,
        "Net Income Including Noncontrolling Interests": 135709000.0,
        "Net Income Continuous Operations": 135709000.0,
        "Earnings From Equity Interest Net Of Tax": -2413000.0,
        "Tax Provision": 50843000.0,
        "Pretax Income": 188965000.0,
        "Other Income Expense": -4212000.0,
        "Other Non Operating Income Expenses": -47000.0,
        "Special Income Charges": -1797000.0,
        "Gain On Sale Of Ppe": 0.0,
        "Gain On Sale Of Business": 4137000.0,
        "Other Special Charges": NaN,
        "Write Off": 5934000.0,
        "Gain On Sale Of Security": -2368000.0,
        "Net Non Operating Interest Income Expense": 10369000.0,
        "Interest Expense Non Operating": 230000.0,
        "Interest Income Non Operating": 10599000.0,
        "Operating Income": 182808000.0,
        "Operating Expense": 57926000.0,
        "Depreciation Amortization Depletion Income Statement": 9631000.0,
        "Depreciation And Amortization In Income Statement": 9631000.0,
        "Selling General And Administration": 48295000.0,
        "General And Administrative Expense": 48295000.0,
        "Other Gand A": 48295000.0,
        "Gross Profit": 240734000.0,
        "Cost Of Revenue": 579058000.0,
        "Total Revenue": 819792000.0,
        "Operating Revenue": 819792000.0
    },
    "2023-12-31": {
        "Tax Effect Of Unusual Items": 7995904.089951,
        "Tax Rate For Calcs": 0.261082,
        "Normalized EBITDA": 157212000.0,
        "Total Unusual Items": 30626000.0,
        "Total Unusual Items Excluding Goodwill": 30626000.0,
        "Net Income From Continuing Operation Net Minority Interest": 119238000.0,
        "Reconciled Depreciation": 8901000.0,
        "Reconciled Cost Of Revenue": 536732000.0,
        "EBITDA": 187838000.0,
        "EBIT": 178588000.0,
        "Net Interest Income": 12929000.0,
        "Interest Expense": 713000.0,
        "Interest Income": 13642000.0,
        "Normalized Income": 96607904.089951,
        "Net Income From Continuing And Discontinued Operation": 119238000.0,
        "Total Expenses": 597642000.0,
        "Total Operating Income As Reported": 135236000.0,
        "Diluted Average Shares": 113981000.0,
        "Basic Average Shares": 111556000.0,
        "Diluted EPS": 1.05,
        "Basic EPS": 1.07,
        "Diluted NI Availto Com Stockholders": 119238000.0,
        "Net Income Common Stockholders": 119238000.0,
        "Net Income": 119238000.0,
        "Minority Interests": -58000.0,
        "Net Income Including Noncontrolling Interests": 119296000.0,
        "Net Income Continuous Operations": 119296000.0,
        "Earnings From Equity Interest Net Of Tax": -12139000.0,
        "Tax Provision": 46440000.0,
        "Pretax Income": 177875000.0,
        "Other Income Expense": 30211000.0,
        "Other Non Operating Income Expenses": -415000.0,
        "Special Income Charges": 7210000.0,
        "Gain On Sale Of Ppe": 0.0,
        "Gain On Sale Of Business": 0.0,
        "Other Special Charges": -7534000.0,
        "Write Off": NaN,
        "Gain On Sale Of Security": 23416000.0,
        "Net Non Operating Interest Income Expense": 12929000.0,
        "Interest Expense Non Operating": 713000.0,
        "Interest Income Non Operating": 13642000.0,
        "Operating Income": 134735000.0,
        "Operating Expense": 61259000.0,
        "Depreciation Amortization Depletion Income Statement": 9250000.0,
        "Depreciation And Amortization In Income Statement": 9250000.0,
        "Selling General And Administration": 51184000.0,
        "General And Administrative Expense": NaN,
        "Other Gand A": NaN,
        "Gross Profit": 195994000.0,
        "Cost Of Revenue": 536383000.0,
        "Total Revenue": 732377000.0,
        "Operating Revenue": 732377000.0
    },
    "2024-03-31": {
        "Tax Effect Of Unusual Items": 94900.0,
        "Tax Rate For Calcs": 0.26,
        "Normalized EBITDA": 210550000.0,
        "Total Unusual Items": 365000.0,
        "Total Unusual Items Excluding Goodwill": 365000.0,
        "Net Income From Continuing Operation Net Minority Interest": 138363000.0,
        "Reconciled Depreciation": 9250000.0,
        "Reconciled Cost Of Revenue": 608622000.0,
        "EBITDA": 210915000.0,
        "EBIT": 201665000.0,
        "Net Interest Income": 17130000.0,
        "Interest Expense": 115000.0,
        "Interest Income": 17245000.0,
        "Normalized Income": 138092900.0,
        "Net Income From Continuing And Discontinued Operation": 138363000.0,
        "Total Expenses": 666229000.0,
        "Total Operating Income As Reported": 183425000.0,
        "Diluted Average Shares": 114145000.0,
        "Basic Average Shares": 111416000.0,
        "Diluted EPS": 1.21,
        "Basic EPS": 1.24,
        "Diluted NI Availto Com Stockholders": 138363000.0,
        "Net Income Common Stockholders": 138363000.0,
        "Net Income": 138363000.0,
        "Minority Interests": -3346000.0,
        "Net Income Including Noncontrolling Interests": 141709000.0,
        "Net Income Continuous Operations": 141709000.0,
        "Earnings From Equity Interest Net Of Tax": -8007000.0,
        "Tax Provision": 51834000.0,
        "Pretax Income": 201550000.0,
        "Other Income Expense": 995000.0,
        "Other Non Operating Income Expenses": 630000.0,
        "Special Income Charges": NaN,
        "Gain On Sale Of Ppe": NaN,
        "Gain On Sale Of Business": NaN,
        "Other Special Charges": NaN,
        "Write Off": NaN,
        "Gain On Sale Of Security": 365000.0,
        "Net Non Operating Interest Income Expense": 17130000.0,
        "Interest Expense Non Operating": 115000.0,
        "Interest Income Non Operating": 17245000.0,
        "Operating Income": 183425000.0,
        "Operating Expense": 57526000.0,
        "Depreciation Amortization Depletion Income Statement": 9169000.0,
        "Depreciation And Amortization In Income Statement": 9169000.0,
        "Selling General And Administration": 48357000.0,
        "General And Administrative Expense": NaN,
        "Other Gand A": NaN,
        "Gross Profit": 240951000.0,
        "Cost Of Revenue": 608703000.0,
        "Total Revenue": 849654000.0,
        "Operating Revenue": 849654000.0
    },
    "2024-06-30": {
        "Tax Effect Of Unusual Items": 0.0,
        "Tax Rate For Calcs": 0.26,
        "Normalized EBITDA": 233132000.0,
        "Total Unusual Items": 0.0,
        "Total Unusual Items Excluding Goodwill": 0.0,
        "Net Income From Continuing Operation Net Minority Interest": 160165000.0,
        "Reconciled Depreciation": 10099000.0,
        "Reconciled Cost Of Revenue": 724909000.0,
        "EBITDA": 233132000.0,
        "EBIT": 223033000.0,
        "Net Interest Income": 14276000.0,
        "Interest Expense": 107000.0,
        "Interest Income": 14383000.0,
        "Normalized Income": 160165000.0,
        "Net Income From Continuing And Discontinued Operation": 160165000.0,
        "Total Expenses": 787739000.0,
        "Total Operating Income As Reported": 210006000.0,
        "Diluted Average Shares": 113979000.0,
        "Basic Average Shares": 111216000.0,
        "Diluted EPS": 1.41,
        "Basic EPS": 1.44,
        "Diluted NI Availto Com Stockholders": 160165000.0,
        "Net Income Common Stockholders": 160165000.0,
        "Net Income": 160165000.0,
        "Minority Interests": -3282000.0,
        "Net Income Including Noncontrolling Interests": 163447000.0,
        "Net Income Continuous Operations": 163447000.0,
        "Earnings From Equity Interest Net Of Tax": -1095000.0,
        "Tax Provision": 58384000.0,
        "Pretax Income": 222926000.0,
        "Other Income Expense": -1356000.0,
        "Other Non Operating Income Expenses": -1356000.0,
        "Special Income Charges": 0.0,
        "Gain On Sale Of Ppe": NaN,
        "Gain On Sale Of Business": NaN,
        "Other Special Charges": NaN,
        "Write Off": NaN,
        "Gain On Sale Of Security": NaN,
        "Net Non Operating Interest Income Expense": 14276000.0,
        "Interest Expense Non Operating": 107000.0,
        "Interest Income Non Operating": 14383000.0,
        "Operating Income": 210006000.0,
        "Operating Expense": 62749000.0,
        "Depreciation Amortization Depletion Income Statement": 10018000.0,
        "Depreciation And Amortization In Income Statement": 10018000.0,
        "Selling General And Administration": 52731000.0,
        "General And Administrative Expense": NaN,
        "Other Gand A": NaN,
        "Gross Profit": 272755000.0,
        "Cost Of Revenue": 724990000.0,
        "Total Revenue": 997745000.0,
        "Operating Revenue": 997745000.0
    },
    "2024-09-30": {
        "Tax Effect Of Unusual Items": 651130.0,
        "Tax Rate For Calcs": 0.23,
        "Normalized EBITDA": 226847000.0,
        "Total Unusual Items": 2831000.0,
        "Total Unusual Items Excluding Goodwill": 2831000.0,
        "Net Income From Continuing Operation Net Minority Interest": 168699000.0,
        "Reconciled Depreciation": 11791000.0,
        "Reconciled Cost Of Revenue": 722388000.0,
        "EBITDA": 229678000.0,
        "EBIT": 217887000.0,
        "Net Interest Income": 11032000.0,
        "Interest Expense": 113000.0,
        "Interest Income": 11145000.0,
        "Normalized Income": 166519130.0,
        "Net Income From Continuing And Discontinued Operation": 168699000.0,
        "Total Expenses": 793798000.0,
        "Total Operating Income As Reported": 206700000.0,
        "Diluted Average Shares": 113775000.0,
        "Basic Average Shares": 111363000.0,
        "Diluted EPS": 1.48,
        "Basic EPS": 1.51,
        "Diluted NI Availto Com Stockholders": 168699000.0,
        "Net Income Common Stockholders": 168699000.0,
        "Net Income": 168699000.0,
        "Minority Interests": -3084000.0,
        "Net Income Including Noncontrolling Interests": 171783000.0,
        "Net Income Continuous Operations": 171783000.0,
        "Earnings From Equity Interest Net Of Tax": 3197000.0,
        "Tax Provision": 49188000.0,
        "Pretax Income": 217774000.0,
        "Other Income Expense": 2709000.0,
        "Other Non Operating Income Expenses": -122000.0,
        "Special Income Charges": 2667000.0,
        "Gain On Sale Of Ppe": 2667000.0,
        "Gain On Sale Of Business": 0.0,
        "Other Special Charges": NaN,
        "Write Off": 0.0,
        "Gain On Sale Of Security": 164000.0,
        "Net Non Operating Interest Income Expense": 11032000.0,
        "Interest Expense Non Operating": 113000.0,
        "Interest Income Non Operating": 11145000.0,
        "Operating Income": 204033000.0,
        "Operating Expense": 71329000.0,
        "Depreciation Amortization Depletion Income Statement": 11710000.0,
        "Depreciation And Amortization In Income Statement": 11710000.0,
        "Selling General And Administration": 59619000.0,
        "General And Administrative Expense": 59619000.0,
        "Other Gand A": 59619000.0,
        "Gross Profit": 275362000.0,
        "Cost Of Revenue": 722469000.0,
        "Total Revenue": 997831000.0,
        "Operating Revenue": 997831000.0
    }
}