{
    "2023-05-31": {
        "Tax Effect Of Unusual Items": NaN,
        "Tax Rate For Calcs": NaN,
        "Normalized EBITDA": NaN,
        "Total Unusual Items": NaN,
        "Total Unusual Items Excluding Goodwill": NaN,
        "Net Income From Continuing Operation Net Minority Interest": NaN,
        "Reconciled Depreciation": NaN,
        "Reconciled Cost Of Revenue": NaN,
        "EBITDA": NaN,
        "EBIT": NaN,
        "Net Interest Income": NaN,
        "Interest Expense": NaN,
        "Interest Income": NaN,
        "Normalized Income": NaN,
        "Net Income From Continuing And Discontinued Operation": NaN,
        "Total Expenses": NaN,
        "Total Operating Income As Reported": NaN,
        "Diluted Average Shares": NaN,
        "Basic Average Shares": NaN,
        "Diluted EPS": NaN,
        "Basic EPS": NaN,
        "Diluted NI Availto Com Stockholders": NaN,
        "Net Income Common Stockholders": NaN,
        "Net Income": NaN,
        "Minority Interests": NaN,
        "Net Income Including Noncontrolling Interests": NaN,
        "Net Income Continuous Operations": NaN,
        "Earnings From Equity Interest Net Of Tax": NaN,
        "Tax Provision": NaN,
        "Pretax Income": NaN,
        "Other Income Expense": NaN,
        "Other Non Operating Income Expenses": NaN,
        "Special Income Charges": NaN,
        "Impairment Of Capital Assets": 19700000.0,
        "Restructuring And Mergern Acquisition": NaN,
        "Net Non Operating Interest Income Expense": NaN,
        "Interest Expense Non Operating": NaN,
        "Interest Income Non Operating": NaN,
        "Operating Income": NaN,
        "Operating Expense": NaN,
        "Research And Development": NaN,
        "Selling General And Administration": NaN,
        "Gross Profit": NaN,
        "Cost Of Revenue": NaN,
        "Total Revenue": NaN,
        "Operating Revenue": NaN
    },
    "2023-02-28": {
        "Tax Effect Of Unusual Items": NaN,
        "Tax Rate For Calcs": NaN,
        "Normalized EBITDA": NaN,
        "Total Unusual Items": NaN,
        "Total Unusual Items Excluding Goodwill": NaN,
        "Net Income From Continuing Operation Net Minority Interest": NaN,
        "Reconciled Depreciation": NaN,
        "Reconciled Cost Of Revenue": NaN,
        "EBITDA": NaN,
        "EBIT": NaN,
        "Net Interest Income": NaN,
        "Interest Expense": NaN,
        "Interest Income": NaN,
        "Normalized Income": NaN,
        "Net Income From Continuing And Discontinued Operation": NaN,
        "Total Expenses": NaN,
        "Total Operating Income As Reported": NaN,
        "Diluted Average Shares": NaN,
        "Basic Average Shares": NaN,
        "Diluted EPS": NaN,
        "Basic EPS": NaN,
        "Diluted NI Availto Com Stockholders": NaN,
        "Net Income Common Stockholders": NaN,
        "Net Income": NaN,
        "Minority Interests": NaN,
        "Net Income Including Noncontrolling Interests": NaN,
        "Net Income Continuous Operations": NaN,
        "Earnings From Equity Interest Net Of Tax": NaN,
        "Tax Provision": NaN,
        "Pretax Income": NaN,
        "Other Income Expense": NaN,
        "Other Non Operating Income Expenses": NaN,
        "Special Income Charges": NaN,
        "Impairment Of Capital Assets": 21500000.0,
        "Restructuring And Mergern Acquisition": NaN,
        "Net Non Operating Interest Income Expense": NaN,
        "Interest Expense Non Operating": NaN,
        "Interest Income Non Operating": NaN,
        "Operating Income": NaN,
        "Operating Expense": NaN,
        "Research And Development": NaN,
        "Selling General And Administration": NaN,
        "Gross Profit": NaN,
        "Cost Of Revenue": NaN,
        "Total Revenue": NaN,
        "Operating Revenue": NaN
    },
    "2022-11-30": {
        "Tax Effect Of Unusual Items": -2910600.0,
        "Tax Rate For Calcs": 0.198,
        "Normalized EBITDA": 92700000.0,
        "Total Unusual Items": -14700000.0,
        "Total Unusual Items Excluding Goodwill": -14700000.0,
        "Net Income From Continuing Operation Net Minority Interest": 16000000.0,
        "Reconciled Depreciation": 38100000.0,
        "Reconciled Cost Of Revenue": 699300000.0,
        "EBITDA": 78000000.0,
        "EBIT": 39900000.0,
        "Net Interest Income": -17600000.0,
        "Interest Expense": 18300000.0,
        "Interest Income": 700000.0,
        "Normalized Income": 27789400.0,
        "Net Income From Continuing And Discontinued Operation": 16000000.0,
        "Total Expenses": 1013500000.0,
        "Total Operating Income As Reported": 38700000.0,
        "Diluted Average Shares": 75878078.0,
        "Basic Average Shares": 75370514.0,
        "Diluted EPS": 0.21,
        "Basic EPS": 0.21,
        "Diluted NI Availto Com Stockholders": 16000000.0,
        "Net Income Common Stockholders": 16000000.0,
        "Net Income": 16000000.0,
        "Minority Interests": -1500000.0,
        "Net Income Including Noncontrolling Interests": 17500000.0,
        "Net Income Continuous Operations": 17500000.0,
        "Earnings From Equity Interest Net Of Tax": 200000.0,
        "Tax Provision": 4300000.0,
        "Pretax Income": 21600000.0,
        "Other Income Expense": -14200000.0,
        "Other Non Operating Income Expenses": 500000.0,
        "Special Income Charges": -14700000.0,
        "Impairment Of Capital Assets": NaN,
        "Restructuring And Mergern Acquisition": 14700000.0,
        "Net Non Operating Interest Income Expense": -17600000.0,
        "Interest Expense Non Operating": 18300000.0,
        "Interest Income Non Operating": 700000.0,
        "Operating Income": 53400000.0,
        "Operating Expense": 314200000.0,
        "Research And Development": 23400000.0,
        "Selling General And Administration": 290800000.0,
        "Gross Profit": 367600000.0,
        "Cost Of Revenue": 699300000.0,
        "Total Revenue": 1066900000.0,
        "Operating Revenue": 1063500000.0
    },
    "2022-08-31": {
        "Tax Effect Of Unusual Items": -2168545.994065,
        "Tax Rate For Calcs": 0.186944,
        "Normalized EBITDA": 74000000.0,
        "Total Unusual Items": -11600000.0,
        "Total Unusual Items Excluding Goodwill": -11600000.0,
        "Net Income From Continuing Operation Net Minority Interest": 25800000.0,
        "Reconciled Depreciation": 39600000.0,
        "Reconciled Cost Of Revenue": 706700000.0,
        "EBITDA": 62400000.0,
        "EBIT": 62400000.0,
        "Net Interest Income": -16300000.0,
        "Interest Expense": 16700000.0,
        "Interest Income": 400000.0,
        "Normalized Income": 35231454.005935,
        "Net Income From Continuing And Discontinued Operation": 25800000.0,
        "Total Expenses": 1016400000.0,
        "Total Operating Income As Reported": 50800000.0,
        "Diluted Average Shares": 76266966.0,
        "Basic Average Shares": 75482572.0,
        "Diluted EPS": 0.34,
        "Basic EPS": 0.34,
        "Diluted NI Availto Com Stockholders": 25800000.0,
        "Net Income Common Stockholders": 25800000.0,
        "Net Income": 25800000.0,
        "Minority Interests": -1600000.0,
        "Net Income Including Noncontrolling Interests": 27400000.0,
        "Net Income Continuous Operations": 27400000.0,
        "Earnings From Equity Interest Net Of Tax": 0.0,
        "Tax Provision": 6300000.0,
        "Pretax Income": 33700000.0,
        "Other Income Expense": -28700000.0,
        "Other Non Operating Income Expenses": -17100000.0,
        "Special Income Charges": -11600000.0,
        "Impairment Of Capital Assets": NaN,
        "Restructuring And Mergern Acquisition": 11600000.0,
        "Net Non Operating Interest Income Expense": -16300000.0,
        "Interest Expense Non Operating": 16700000.0,
        "Interest Income Non Operating": 400000.0,
        "Operating Income": 62400000.0,
        "Operating Expense": 309700000.0,
        "Other Operating Expenses": 309700000.0,
        "Research And Development": 23900000.0,
        "Selling General And Administration": 296900000.0,
        "Gross Profit": 372100000.0,
        "Cost Of Revenue": 706700000.0,
        "Total Revenue": 1078800000.0,
        "Operating Revenue": 1078800000.0
    },
    "2022-05-31": {
        "Tax Effect Of Unusual Items": -5640000.0,
        "Tax Rate For Calcs": 0.4,
        "Normalized EBITDA": 85200000.0,
        "Total Unusual Items": -14100000.0,
        "Total Unusual Items Excluding Goodwill": -14100000.0,
        "Net Income From Continuing Operation Net Minority Interest": 21500000.0,
        "Reconciled Depreciation": 40300000.0,
        "Reconciled Cost Of Revenue": 718000000.0,
        "EBIT": 71100000.0,
        "Net Interest Income": -12500000.0,
        "Interest Expense": 12900000.0,
        "Interest Income": 400000.0,
        "Normalized Income": 29960000.0,
        "Net Income From Continuing And Discontinued Operation": 21500000.0,
        "Total Expenses": 1029400000.0,
        "Total Operating Income As Reported": 57000000.0,
        "Diluted Average Shares": 76364706.0,
        "Basic Average Shares": 75572421.0,
        "Diluted EPS": 0.28,
        "Basic EPS": 0.28,
        "Diluted NI Availto Com Stockholders": 21500000.0,
        "Net Income Common Stockholders": 21500000.0,
        "Net Income": 21500000.0,
        "Minority Interests": -1700000.0,
        "Net Income Including Noncontrolling Interests": 23200000.0,
        "Net Income Continuous Operations": 23200000.0,
        "Earnings From Equity Interest Net Of Tax": 0.0,
        "Tax Provision": 21100000.0,
        "Pretax Income": 44300000.0,
        "Other Income Expense": -26800000.0,
        "Other Non Operating Income Expenses": -12700000.0,
        "Special Income Charges": -14100000.0,
        "Impairment Of Capital Assets": NaN,
        "Restructuring And Mergern Acquisition": 14100000.0,
        "Net Non Operating Interest Income Expense": -12500000.0,
        "Interest Expense Non Operating": 12900000.0,
        "Interest Income Non Operating": 400000.0,
        "Operating Income": 71100000.0,
        "Operating Expense": 311400000.0,
        "Other Operating Expenses": 311400000.0,
        "Research And Development": 29100000.0,
        "Selling General And Administration": 296400000.0,
        "Gross Profit": 382500000.0,
        "Cost Of Revenue": 718000000.0,
        "Total Revenue": 1100500000.0,
        "Operating Revenue": 1100500000.0
    },
    "2022-02-28": {
        "Diluted EPS": 0.19,
        "Total Revenue": NaN,
        "Gross Profit": 340,
        "Operating Income": 29,
        "EBIT": 71,
        "Net Income": 14
    },
    "2021-11-30": {
        "Diluted EPS": -0.02,
        "Total Revenue": NaN,
        "Gross Profit": 353,
        "Operating Income": 6,
        "EBIT": 57,
        "Net Income": -2
    },
    "2021-08-31": {
        "Diluted EPS": -0.92,
        "Total Revenue": 790,
        "Gross Profit": 278,
        "Operating Income": -53,
        "EBIT": 8,
        "Net Income": -61
    },
    "2021-05-31": {
        "Diluted EPS": 0.13,
        "Total Revenue": 622,
        "Gross Profit": 226,
        "Operating Income": 11,
        "EBIT": 34,
        "Net Income": 9
    },
    "2021-02-28": {
        "Diluted EPS": 0.7,
        "Total Revenue": 591,
        "Gross Profit": 231,
        "Operating Income": 55,
        "EBIT": 77,
        "Net Income": 42
    },
    "2020-11-30": {
        "Diluted EPS": 0.87,
        "Total Revenue": 626,
        "Gross Profit": 244,
        "Operating Income": 71,
        "EBIT": 93,
        "Net Income": 51
    },
    "2020-08-31": {
        "Diluted EPS": 1.24,
        "Total Revenue": 627,
        "Gross Profit": 250,
        "Operating Income": 95,
        "EBIT": 117,
        "Net Income": 73
    },
    "2020-05-31": {
        "Diluted EPS": -2.92,
        "Total Revenue": 476,
        "Gross Profit": 166,
        "Operating Income": -211,
        "EBIT": -191,
        "Net Income": -173
    },
    "2020-02-29": {
        "Diluted EPS": 0.64,
        "Total Revenue": 666,
        "Gross Profit": 243,
        "Operating Income": 50,
        "EBIT": 72,
        "Net Income": 38
    },
    "2019-11-30": {
        "Diluted EPS": 1.32,
        "Total Revenue": 674,
        "Gross Profit": 256,
        "Operating Income": 62,
        "EBIT": 81,
        "Net Income": 79
    },
    "2019-08-31": {
        "Diluted EPS": 0.81,
        "Total Revenue": 671,
        "Gross Profit": 246,
        "Operating Income": 60,
        "EBIT": 79,
        "Net Income": 48
    },
    "2019-05-31": {
        "Diluted EPS": 0.78,
        "Total Revenue": 671,
        "Gross Profit": 248,
        "Operating Income": 57,
        "EBIT": 73,
        "Net Income": 46
    },
    "2019-02-28": {
        "Diluted EPS": 0.66,
        "Total Revenue": 619,
        "Gross Profit": 221,
        "Operating Income": 48,
        "EBIT": 66,
        "Net Income": 39
    },
    "2018-11-30": {
        "Diluted EPS": 0.66,
        "Total Revenue": 653,
        "Gross Profit": 236,
        "Operating Income": 53,
        "EBIT": 72,
        "Net Income": 39
    },
    "2018-08-31": {
        "Diluted EPS": 0.6,
        "Total Revenue": 625,
        "Gross Profit": 225,
        "Operating Income": 46,
        "EBIT": 65,
        "Net Income": 36
    },
    "2018-05-31": {
        "Diluted EPS": 0.53,
        "Total Revenue": 618,
        "Gross Profit": 228,
        "Operating Income": 40,
        "EBIT": 58,
        "Net Income": 32
    },
    "2018-02-28": {
        "Diluted EPS": 0.49,
        "Total Revenue": 578,
        "Gross Profit": 206,
        "Operating Income": 39,
        "EBIT": 56,
        "Net Income": 30
    },
    "2017-11-30": {
        "Diluted EPS": 0.55,
        "Total Revenue": 605,
        "Gross Profit": 222,
        "Operating Income": 50,
        "EBIT": 67,
        "Net Income": 34
    },
    "2017-08-31": {
        "Diluted EPS": 0.55,
        "Total Revenue": 580,
        "Gross Profit": 217,
        "Operating Income": 50,
        "EBIT": 65,
        "Net Income": 33
    },
    "2017-05-31": {
        "Diluted EPS": 0.55,
        "Total Revenue": 577,
        "Gross Profit": 221,
        "Operating Income": 50,
        "EBIT": 66,
        "Net Income": 33
    },
    "2017-02-28": {
        "Diluted EPS": 0.37,
        "Total Revenue": 525,
        "Gross Profit": 196,
        "Operating Income": 35,
        "EBIT": 50,
        "Net Income": 23
    },
    "2016-11-30": {
        "Diluted EPS": 0.53,
        "Total Revenue": 578,
        "Gross Profit": 218,
        "Operating Income": 50,
        "EBIT": 64,
        "Net Income": 32
    },
    "2016-08-31": {
        "Diluted EPS": 0.6,
        "Total Revenue": 599,
        "Gross Profit": 230,
        "Operating Income": 56,
        "EBIT": 70,
        "Net Income": 36
    },
    "2016-05-31": {
        "Diluted EPS": 0.67,
        "Total Revenue": 583,
        "Gross Profit": 225,
        "Operating Income": 57,
        "EBIT": 70,
        "Net Income": 41
    },
    "2016-02-29": {
        "Diluted EPS": 0.46,
        "Total Revenue": 537,
        "Gross Profit": 208,
        "Operating Income": 44,
        "EBIT": 57,
        "Net Income": 28
    },
    "2015-11-30": {
        "Diluted EPS": 0.57,
        "Total Revenue": 580,
        "Gross Profit": 224,
        "Operating Income": 56,
        "EBIT": 69,
        "Net Income": 35
    },
    "2015-08-31": {
        "Diluted EPS": 0.56,
        "Total Revenue": 565,
        "Gross Profit": 217,
        "Operating Income": 55,
        "EBIT": 69,
        "Net Income": 34
    },
    "2015-05-31": {
        "Diluted EPS": 0.39,
        "Total Revenue": 551,
        "Gross Profit": 210,
        "Operating Income": 37,
        "EBIT": 48,
        "Net Income": 24
    },
    "2015-02-28": {
        "Diluted EPS": 0.35,
        "Total Revenue": 516,
        "Gross Profit": 191,
        "Operating Income": 37,
        "EBIT": 51,
        "Net Income": 21
    },
    "2014-11-30": {
        "Diluted EPS": 0.46,
        "Total Revenue": 565,
        "Gross Profit": 206,
        "Operating Income": 47,
        "EBIT": 60,
        "Net Income": 28
    },
    "2014-08-31": {
        "Diluted EPS": 0.42,
        "Total Revenue": 510,
        "Gross Profit": 186,
        "Operating Income": 42,
        "EBIT": 54,
        "Net Income": 25
    },
    "2014-05-31": {
        "Diluted EPS": 0.29,
        "Total Revenue": 488,
        "Gross Profit": 179,
        "Operating Income": 26,
        "EBIT": 36,
        "Net Income": 17
    },
    "2014-02-28": {
        "Diluted EPS": 0.33,
        "Total Revenue": 456,
        "Gross Profit": 163,
        "Operating Income": 34,
        "EBIT": 45,
        "Net Income": 19
    },
    "2013-11-30": {
        "Diluted EPS": -1.37,
        "Total Revenue": 471,
        "Gross Profit": 119,
        "Operating Income": -125,
        "EBIT": -115,
        "Net Income": -81
    },
    "2013-08-31": {
        "Diluted EPS": 0.38,
        "Total Revenue": 468,
        "Gross Profit": 170,
        "Operating Income": 39,
        "EBIT": 50,
        "Net Income": 23
    },
    "2013-05-31": {
        "Diluted EPS": 0.4,
        "Total Revenue": 460,
        "Gross Profit": 163,
        "Operating Income": 36,
        "EBIT": 45,
        "Net Income": 23
    },
    "2013-02-28": {
        "Diluted EPS": 0.28,
        "Total Revenue": 424,
        "Gross Profit": 144,
        "Operating Income": 27,
        "EBIT": 37,
        "Net Income": 17
    },
    "2012-11-30": {
        "Diluted EPS": 0.14,
        "Total Revenue": 442,
        "Gross Profit": 149,
        "Operating Income": 18,
        "EBIT": 27,
        "Net Income": 8
    },
    "2012-08-31": {
        "Diluted EPS": 0.34,
        "Total Revenue": 450,
        "Gross Profit": 150,
        "Operating Income": 34,
        "EBIT": 44,
        "Net Income": 20
    },
    "2012-05-31": {
        "Diluted EPS": 0.2,
        "Total Revenue": 421,
        "Gross Profit": 150,
        "Operating Income": 30,
        "EBIT": 39,
        "Net Income": 12
    },
    "2012-02-29": {
        "Diluted EPS": 0.26,
        "Total Revenue": 400,
        "Gross Profit": 134,
        "Operating Income": 25,
        "EBIT": 34,
        "Net Income": 15
    },
    "2011-11-30": {
        "Diluted EPS": 0.41,
        "Total Revenue": 446,
        "Gross Profit": 152,
        "Operating Income": 41,
        "EBIT": 50,
        "Net Income": 24
    },
    "2011-08-31": {
        "Diluted EPS": 0.42,
        "Total Revenue": 458,
        "Gross Profit": 154,
        "Operating Income": 42,
        "EBIT": 51,
        "Net Income": 25
    },
    "2011-05-31": {
        "Diluted EPS": 0.29,
        "Total Revenue": 442,
        "Gross Profit": 146,
        "Operating Income": 32,
        "EBIT": 42,
        "Net Income": 17
    },
    "2011-02-28": {
        "Diluted EPS": 0.29,
        "Total Revenue": 415,
        "Gross Profit": 133,
        "Operating Income": 31,
        "EBIT": 41,
        "Net Income": 20
    },
    "2010-11-30": {
        "Diluted EPS": 0.26,
        "Total Revenue": 412,
        "Gross Profit": 136,
        "Operating Income": 32,
        "EBIT": 41,
        "Net Income": 18
    },
    "2010-08-31": {
        "Diluted EPS": 0.22,
        "Total Revenue": 381,
        "Gross Profit": 124,
        "Operating Income": 29,
        "EBIT": 39,
        "Net Income": 16
    },
    "2010-05-31": {
        "Diluted EPS": 0.0,
        "Total Revenue": 322,
        "Gross Profit": 105,
        "Operating Income": 4,
        "EBIT": 14,
        "Net Income": 2
    },
    "2010-02-28": {
        "Diluted EPS": 0.12,
        "Total Revenue": 330,
        "Gross Profit": 105,
        "Operating Income": 17,
        "EBIT": 27,
        "Net Income": 8
    },
    "2009-11-30": {
        "Diluted EPS": 0.17,
        "Total Revenue": 344,
        "Gross Profit": 111,
        "Operating Income": 19,
        "EBIT": 30,
        "Net Income": 10
    },
    "2009-08-31": {
        "Diluted EPS": 0.14,
        "Total Revenue": 324,
        "Gross Profit": 108,
        "Operating Income": 14,
        "EBIT": 25,
        "Net Income": 8
    },
    "2009-05-31": {
        "Diluted EPS": 0.15,
        "Total Revenue": 320,
        "Gross Profit": 104,
        "Operating Income": 14,
        "EBIT": 24,
        "Net Income": 7
    },
    "2009-02-28": {
        "Diluted EPS": -0.1,
        "Total Revenue": 354,
        "Gross Profit": 106,
        "Operating Income": -3,
        "EBIT": 8,
        "Net Income": -5
    },
    "2023-08-31": {
        "Tax Effect Of Unusual Items": NaN,
        "Tax Rate For Calcs": NaN,
        "Normalized EBITDA": NaN,
        "Total Unusual Items": NaN,
        "Total Unusual Items Excluding Goodwill": NaN,
        "Net Income From Continuing Operation Net Minority Interest": NaN,
        "Reconciled Depreciation": NaN,
        "Reconciled Cost Of Revenue": NaN,
        "EBITDA": NaN,
        "EBIT": NaN,
        "Net Interest Income": NaN,
        "Interest Expense": NaN,
        "Interest Income": NaN,
        "Normalized Income": NaN,
        "Net Income From Continuing And Discontinued Operation": NaN,
        "Total Expenses": NaN,
        "Total Operating Income As Reported": NaN,
        "Diluted Average Shares": 75707536.0,
        "Basic Average Shares": 75327544.0,
        "Diluted EPS": 0.22,
        "Basic EPS": 0.22,
        "Diluted NI Availto Com Stockholders": NaN,
        "Net Income Common Stockholders": NaN,
        "Net Income": NaN,
        "Minority Interests": NaN,
        "Net Income Including Noncontrolling Interests": NaN,
        "Net Income Continuous Operations": NaN,
        "Earnings From Equity Interest Net Of Tax": NaN,
        "Tax Provision": NaN,
        "Pretax Income": NaN,
        "Other Income Expense": NaN,
        "Other Non Operating Income Expenses": NaN,
        "Special Income Charges": NaN,
        "Impairment Of Capital Assets": NaN,
        "Restructuring And Mergern Acquisition": NaN,
        "Net Non Operating Interest Income Expense": NaN,
        "Interest Expense Non Operating": NaN,
        "Interest Income Non Operating": NaN,
        "Operating Income": NaN,
        "Operating Expense": NaN,
        "Research And Development": NaN,
        "Selling General And Administration": NaN,
        "Gross Profit": NaN,
        "Cost Of Revenue": NaN,
        "Total Revenue": NaN,
        "Operating Revenue": NaN
    },
    "2023-11-30": {
        "Tax Effect Of Unusual Items": -385200.0,
        "Tax Rate For Calcs": 0.214,
        "Normalized EBITDA": 103300000.0,
        "Total Unusual Items": -1800000.0,
        "Total Unusual Items Excluding Goodwill": -1800000.0,
        "Net Income From Continuing Operation Net Minority Interest": 33500000.0,
        "Reconciled Depreciation": 37400000.0,
        "Reconciled Cost Of Revenue": 577500000.0,
        "EBITDA": 101500000.0,
        "EBIT": 64100000.0,
        "Net Interest Income": -18500000.0,
        "Interest Expense": 19800000.0,
        "Interest Income": 1300000.0,
        "Normalized Income": 34914800.0,
        "Net Income From Continuing And Discontinued Operation": 33500000.0,
        "Total Expenses": 887300000.0,
        "Total Operating Income As Reported": 60400000.0,
        "Diluted Average Shares": 74240293.0,
        "Basic Average Shares": 73655409.0,
        "Diluted EPS": 0.45,
        "Basic EPS": 0.45,
        "Diluted NI Availto Com Stockholders": 33500000.0,
        "Net Income Common Stockholders": 33500000.0,
        "Net Income": 33500000.0,
        "Minority Interests": -900000.0,
        "Net Income Including Noncontrolling Interests": 34400000.0,
        "Net Income Continuous Operations": 34400000.0,
        "Earnings From Equity Interest Net Of Tax": -400000.0,
        "Tax Provision": 9500000.0,
        "Pretax Income": 44300000.0,
        "Other Income Expense": 600000.0,
        "Other Non Operating Income Expenses": 2400000.0,
        "Special Income Charges": -1800000.0,
        "Impairment Of Capital Assets": NaN,
        "Restructuring And Mergern Acquisition": 1800000.0,
        "Net Non Operating Interest Income Expense": -18500000.0,
        "Interest Expense Non Operating": 19800000.0,
        "Interest Income Non Operating": 1300000.0,
        "Operating Income": 62200000.0,
        "Operating Expense": 309800000.0,
        "Research And Development": 22200000.0,
        "Selling General And Administration": 287600000.0,
        "Gross Profit": 372000000.0,
        "Cost Of Revenue": 577500000.0,
        "Total Revenue": 949500000.0,
        "Operating Revenue": 947200000.0
    },
    "2024-02-29": {
        "Tax Effect Of Unusual Items": -272000.0,
        "Tax Rate For Calcs": 0.16,
        "Normalized EBITDA": 84600000.0,
        "Total Unusual Items": -1700000.0,
        "Total Unusual Items Excluding Goodwill": -1700000.0,
        "Net Income From Continuing Operation Net Minority Interest": 22200000.0,
        "Reconciled Depreciation": 37000000.0,
        "Reconciled Cost Of Revenue": 535300000.0,
        "EBITDA": 82900000.0,
        "EBIT": 45900000.0,
        "Net Interest Income": -17100000.0,
        "Interest Expense": 18400000.0,
        "Interest Income": 1300000.0,
        "Normalized Income": 23628000.0,
        "Net Income From Continuing And Discontinued Operation": 22200000.0,
        "Total Expenses": 827800000.0,
        "Total Operating Income As Reported": 42800000.0,
        "Diluted Average Shares": 74146826.0,
        "Basic Average Shares": 72720734.0,
        "Diluted EPS": 0.3,
        "Basic EPS": 0.31,
        "Diluted NI Availto Com Stockholders": 22200000.0,
        "Net Income Common Stockholders": 22200000.0,
        "Net Income": 22200000.0,
        "Minority Interests": -900000.0,
        "Net Income Including Noncontrolling Interests": 23100000.0,
        "Net Income Continuous Operations": 23100000.0,
        "Earnings From Equity Interest Net Of Tax": 0.0,
        "Tax Provision": 4400000.0,
        "Pretax Income": 27500000.0,
        "Other Income Expense": 100000.0,
        "Other Non Operating Income Expenses": 1800000.0,
        "Special Income Charges": -1700000.0,
        "Impairment Of Capital Assets": 0.0,
        "Restructuring And Mergern Acquisition": 1700000.0,
        "Net Non Operating Interest Income Expense": -17100000.0,
        "Interest Expense Non Operating": 18400000.0,
        "Interest Income Non Operating": 1300000.0,
        "Operating Income": 44500000.0,
        "Operating Expense": 292500000.0,
        "Research And Development": 21400000.0,
        "Selling General And Administration": 271100000.0,
        "Gross Profit": 337000000.0,
        "Cost Of Revenue": 535300000.0,
        "Total Revenue": 872300000.0,
        "Operating Revenue": 869600000.0
    },
    "2024-05-31": {
        "Tax Effect Of Unusual Items": -8169000.0,
        "Tax Rate For Calcs": 0.21,
        "Normalized EBITDA": 108000000.0,
        "Total Unusual Items": -38900000.0,
        "Total Unusual Items Excluding Goodwill": -38900000.0,
        "Net Income From Continuing Operation Net Minority Interest": 9900000.0,
        "Reconciled Depreciation": 43500000.0,
        "Reconciled Cost Of Revenue": 536500000.0,
        "EBITDA": 69100000.0,
        "EBIT": 25600000.0,
        "Net Interest Income": -17500000.0,
        "Interest Expense": 18800000.0,
        "Interest Income": 1300000.0,
        "Normalized Income": 40631000.0,
        "Net Income From Continuing And Discontinued Operation": 9900000.0,
        "Total Expenses": 826300000.0,
        "Total Operating Income As Reported": 23700000.0,
        "Diluted Average Shares": NaN,
        "Basic Average Shares": NaN,
        "Diluted EPS": NaN,
        "Basic EPS": NaN,
        "Diluted NI Availto Com Stockholders": 9900000.0,
        "Net Income Common Stockholders": 9900000.0,
        "Net Income": 9900000.0,
        "Minority Interests": -1100000.0,
        "Net Income Including Noncontrolling Interests": 11000000.0,
        "Net Income Continuous Operations": 11000000.0,
        "Earnings From Equity Interest Net Of Tax": -100000.0,
        "Tax Provision": -4300000.0,
        "Pretax Income": 6800000.0,
        "Other Income Expense": -38300000.0,
        "Other Non Operating Income Expenses": 600000.0,
        "Special Income Charges": -38900000.0,
        "Impairment Of Capital Assets": 16800000.0,
        "Restructuring And Mergern Acquisition": 22100000.0,
        "Net Non Operating Interest Income Expense": -17500000.0,
        "Interest Expense Non Operating": 18800000.0,
        "Interest Income Non Operating": 1300000.0,
        "Operating Income": 62600000.0,
        "Operating Expense": 289800000.0,
        "Research And Development": 26900000.0,
        "Selling General And Administration": 262900000.0,
        "Gross Profit": 352400000.0,
        "Cost Of Revenue": 536500000.0,
        "Total Revenue": 888900000.0,
        "Operating Revenue": 896400000.0
    },
    "2024-08-31": {
        "Tax Effect Of Unusual Items": 0.0,
        "Tax Rate For Calcs": 0.21,
        "Normalized EBITDA": 52800000.0,
        "Total Unusual Items": 0.0,
        "Total Unusual Items Excluding Goodwill": 0.0,
        "Net Income From Continuing Operation Net Minority Interest": -1200000.0,
        "Reconciled Depreciation": 34600000.0,
        "Reconciled Cost Of Revenue": 525200000.0,
        "EBITDA": 52800000.0,
        "EBIT": 18200000.0,
        "Net Interest Income": -18300000.0,
        "Interest Expense": 19900000.0,
        "Interest Income": 1600000.0,
        "Normalized Income": -1200000.0,
        "Net Income From Continuing And Discontinued Operation": -1200000.0,
        "Total Expenses": 846300000.0,
        "Total Operating Income As Reported": 15200000.0,
        "Diluted Average Shares": 70206373.0,
        "Basic Average Shares": 70206373.0,
        "Diluted EPS": -0.02,
        "Basic EPS": -0.02,
        "Diluted NI Availto Com Stockholders": -1200000.0,
        "Net Income Common Stockholders": -1200000.0,
        "Net Income": -1200000.0,
        "Minority Interests": -700000.0,
        "Net Income Including Noncontrolling Interests": -500000.0,
        "Net Income Continuous Operations": -500000.0,
        "Earnings From Equity Interest Net Of Tax": 100000.0,
        "Tax Provision": -1100000.0,
        "Pretax Income": -1700000.0,
        "Other Income Expense": 1400000.0,
        "Other Non Operating Income Expenses": 1400000.0,
        "Special Income Charges": 0.0,
        "Impairment Of Capital Assets": NaN,
        "Restructuring And Mergern Acquisition": 0.0,
        "Net Non Operating Interest Income Expense": -18300000.0,
        "Interest Expense Non Operating": 19900000.0,
        "Interest Income Non Operating": 1600000.0,
        "Operating Income": 15200000.0,
        "Operating Expense": 321100000.0,
        "Research And Development": 22700000.0,
        "Selling General And Administration": 298400000.0,
        "Gross Profit": 336300000.0,
        "Cost Of Revenue": 525200000.0,
        "Total Revenue": 861500000.0,
        "Operating Revenue": 858900000.0
    },
    "2024-11-30": {
        "Tax Effect Of Unusual Items": 0.0,
        "Tax Rate For Calcs": 0.218,
        "Normalized EBITDA": 101000000.0,
        "Total Unusual Items": 0.0,
        "Total Unusual Items Excluding Goodwill": 0.0,
        "Net Income From Continuing Operation Net Minority Interest": 34100000.0,
        "Reconciled Depreciation": 35700000.0,
        "Reconciled Cost Of Revenue": 593400000.0,
        "EBITDA": 101000000.0,
        "EBIT": 65300000.0,
        "Net Interest Income": -18900000.0,
        "Interest Expense": 20400000.0,
        "Interest Income": 1500000.0,
        "Normalized Income": 34100000.0,
        "Net Income From Continuing And Discontinued Operation": 34100000.0,
        "Total Expenses": 907900000.0,
        "Total Operating Income As Reported": 62500000.0,
        "Diluted Average Shares": 70032959.0,
        "Basic Average Shares": 69298740.0,
        "Diluted EPS": 0.49,
        "Basic EPS": 0.49,
        "Diluted NI Availto Com Stockholders": 34100000.0,
        "Net Income Common Stockholders": 34100000.0,
        "Net Income": 34100000.0,
        "Minority Interests": -1100000.0,
        "Net Income Including Noncontrolling Interests": 35200000.0,
        "Net Income Continuous Operations": 35200000.0,
        "Earnings From Equity Interest Net Of Tax": 100000.0,
        "Tax Provision": 9800000.0,
        "Pretax Income": 44900000.0,
        "Other Income Expense": 1300000.0,
        "Other Non Operating Income Expenses": 1300000.0,
        "Special Income Charges": 0.0,
        "Impairment Of Capital Assets": NaN,
        "Restructuring And Mergern Acquisition": 0.0,
        "Net Non Operating Interest Income Expense": -18900000.0,
        "Interest Expense Non Operating": 20400000.0,
        "Interest Income Non Operating": 1500000.0,
        "Operating Income": 62500000.0,
        "Operating Expense": 314500000.0,
        "Research And Development": 24600000.0,
        "Selling General And Administration": 289900000.0,
        "Gross Profit": 377000000.0,
        "Cost Of Revenue": 593400000.0,
        "Total Revenue": 970400000.0,
        "Operating Revenue": 969000000.0
    }
}