{
    "2023-03-31": {
        "Tax Effect Of Unusual Items": NaN,
        "Tax Rate For Calcs": NaN,
        "Normalized EBITDA": NaN,
        "Total Unusual Items": NaN,
        "Total Unusual Items Excluding Goodwill": NaN,
        "Net Income From Continuing Operation Net Minority Interest": NaN,
        "Reconciled Depreciation": NaN,
        "Reconciled Cost Of Revenue": NaN,
        "EBITDA": NaN,
        "EBIT": NaN,
        "Net Interest Income": NaN,
        "Interest Expense": NaN,
        "Interest Income": NaN,
        "Normalized Income": NaN,
        "Net Income From Continuing And Discontinued Operation": NaN,
        "Total Expenses": NaN,
        "Total Operating Income As Reported": NaN,
        "Diluted Average Shares": NaN,
        "Basic Average Shares": NaN,
        "Diluted EPS": NaN,
        "Basic EPS": NaN,
        "Diluted NI Availto Com Stockholders": NaN,
        "Net Income Common Stockholders": NaN,
        "Net Income": NaN,
        "Net Income Including Noncontrolling Interests": NaN,
        "Net Income Continuous Operations": NaN,
        "Tax Provision": NaN,
        "Pretax Income": NaN,
        "Other Income Expense": -2904000.0,
        "Other Non Operating Income Expenses": 470000.0,
        "Special Income Charges": NaN,
        "Restructuring And Mergern Acquisition": NaN,
        "Net Non Operating Interest Income Expense": NaN,
        "Interest Expense Non Operating": NaN,
        "Interest Income Non Operating": NaN,
        "Operating Income": NaN,
        "Operating Expense": NaN,
        "Research And Development": NaN,
        "Selling General And Administration": NaN,
        "Selling And Marketing Expense": NaN,
        "General And Administrative Expense": NaN,
        "Other Gand A": NaN,
        "Gross Profit": NaN,
        "Cost Of Revenue": NaN,
        "Total Revenue": NaN,
        "Operating Revenue": NaN
    },
    "2022-12-31": {
        "Tax Effect Of Unusual Items": NaN,
        "Tax Rate For Calcs": NaN,
        "Normalized EBITDA": NaN,
        "Total Unusual Items": NaN,
        "Total Unusual Items Excluding Goodwill": NaN,
        "Net Income From Continuing Operation Net Minority Interest": NaN,
        "Reconciled Depreciation": NaN,
        "Reconciled Cost Of Revenue": NaN,
        "EBITDA": NaN,
        "EBIT": NaN,
        "Net Interest Income": NaN,
        "Interest Expense": NaN,
        "Interest Income": NaN,
        "Normalized Income": NaN,
        "Net Income From Continuing And Discontinued Operation": NaN,
        "Total Expenses": NaN,
        "Total Operating Income As Reported": NaN,
        "Diluted Average Shares": NaN,
        "Basic Average Shares": NaN,
        "Diluted EPS": NaN,
        "Basic EPS": NaN,
        "Diluted NI Availto Com Stockholders": NaN,
        "Net Income Common Stockholders": NaN,
        "Net Income": NaN,
        "Net Income Including Noncontrolling Interests": NaN,
        "Net Income Continuous Operations": NaN,
        "Tax Provision": NaN,
        "Pretax Income": NaN,
        "Other Income Expense": NaN,
        "Other Non Operating Income Expenses": 357000.0,
        "Special Income Charges": NaN,
        "Restructuring And Mergern Acquisition": NaN,
        "Net Non Operating Interest Income Expense": NaN,
        "Interest Expense Non Operating": NaN,
        "Interest Income Non Operating": NaN,
        "Operating Income": NaN,
        "Operating Expense": NaN,
        "Research And Development": NaN,
        "Selling General And Administration": NaN,
        "Selling And Marketing Expense": NaN,
        "General And Administrative Expense": NaN,
        "Other Gand A": NaN,
        "Gross Profit": NaN,
        "Cost Of Revenue": NaN,
        "Total Revenue": NaN,
        "Operating Revenue": NaN
    },
    "2022-09-30": {
        "Tax Effect Of Unusual Items": NaN,
        "Tax Rate For Calcs": NaN,
        "Normalized EBITDA": NaN,
        "Total Unusual Items": NaN,
        "Total Unusual Items Excluding Goodwill": NaN,
        "Net Income From Continuing Operation Net Minority Interest": NaN,
        "Reconciled Depreciation": NaN,
        "Reconciled Cost Of Revenue": NaN,
        "EBITDA": NaN,
        "EBIT": NaN,
        "Net Interest Income": NaN,
        "Interest Expense": NaN,
        "Interest Income": 327000.0,
        "Normalized Income": NaN,
        "Net Income From Continuing And Discontinued Operation": NaN,
        "Total Expenses": NaN,
        "Total Operating Income As Reported": NaN,
        "Diluted Average Shares": NaN,
        "Basic Average Shares": NaN,
        "Diluted EPS": NaN,
        "Basic EPS": NaN,
        "Diluted NI Availto Com Stockholders": NaN,
        "Net Income Common Stockholders": NaN,
        "Net Income": NaN,
        "Net Income Including Noncontrolling Interests": NaN,
        "Net Income Continuous Operations": NaN,
        "Tax Provision": NaN,
        "Pretax Income": NaN,
        "Other Income Expense": NaN,
        "Other Non Operating Income Expenses": 327000.0,
        "Special Income Charges": NaN,
        "Restructuring And Mergern Acquisition": NaN,
        "Net Non Operating Interest Income Expense": NaN,
        "Interest Expense Non Operating": NaN,
        "Interest Income Non Operating": 327000.0,
        "Operating Income": NaN,
        "Operating Expense": NaN,
        "Research And Development": NaN,
        "Selling General And Administration": NaN,
        "Selling And Marketing Expense": NaN,
        "General And Administrative Expense": NaN,
        "Other Gand A": NaN,
        "Gross Profit": NaN,
        "Cost Of Revenue": NaN,
        "Total Revenue": NaN,
        "Operating Revenue": NaN
    },
    "2022-06-30": {
        "Tax Effect Of Unusual Items": -41200.0,
        "Tax Rate For Calcs": 0.4,
        "Normalized EBITDA": 22690000.0,
        "Total Unusual Items": -103000.0,
        "Total Unusual Items Excluding Goodwill": -103000.0,
        "Net Income From Continuing Operation Net Minority Interest": 2172000.0,
        "Reconciled Depreciation": 13471000.0,
        "Reconciled Cost Of Revenue": 27226000.0,
        "EBITDA": 22587000.0,
        "EBIT": 9116000.0,
        "Net Interest Income": -5436000.0,
        "Interest Expense": 5436000.0,
        "Normalized Income": 2233800.0,
        "Net Income From Continuing And Discontinued Operation": 2172000.0,
        "Total Expenses": 63984000.0,
        "Total Operating Income As Reported": 8900000.0,
        "Diluted Average Shares": 82223181.0,
        "Basic Average Shares": 80418520.0,
        "Diluted EPS": 0.03,
        "Basic EPS": 0.03,
        "Diluted NI Availto Com Stockholders": 2172000.0,
        "Net Income Common Stockholders": 2172000.0,
        "Net Income": 2172000.0,
        "Net Income Including Noncontrolling Interests": 2172000.0,
        "Net Income Continuous Operations": 2172000.0,
        "Tax Provision": 1508000.0,
        "Pretax Income": 3680000.0,
        "Other Income Expense": 113000.0,
        "Other Non Operating Income Expenses": 216000.0,
        "Special Income Charges": -103000.0,
        "Restructuring And Mergern Acquisition": 103000.0,
        "Net Non Operating Interest Income Expense": -5436000.0,
        "Interest Expense Non Operating": 5436000.0,
        "Operating Income": 9003000.0,
        "Operating Expense": 36758000.0,
        "Research And Development": 10487000.0,
        "Selling General And Administration": 26271000.0,
        "Selling And Marketing Expense": 5465000.0,
        "General And Administrative Expense": 20806000.0,
        "Other Gand A": 20806000.0,
        "Gross Profit": 45761000.0,
        "Cost Of Revenue": 27226000.0,
        "Total Revenue": 72987000.0,
        "Operating Revenue": 72987000.0
    },
    "2023-06-30": {
        "Tax Effect Of Unusual Items": NaN,
        "Tax Rate For Calcs": NaN,
        "Normalized EBITDA": NaN,
        "Total Unusual Items": NaN,
        "Total Unusual Items Excluding Goodwill": NaN,
        "Net Income From Continuing Operation Net Minority Interest": NaN,
        "Reconciled Depreciation": NaN,
        "Reconciled Cost Of Revenue": NaN,
        "EBITDA": NaN,
        "EBIT": NaN,
        "Net Interest Income": NaN,
        "Interest Expense": NaN,
        "Interest Income": NaN,
        "Normalized Income": NaN,
        "Net Income From Continuing And Discontinued Operation": NaN,
        "Total Expenses": NaN,
        "Total Operating Income As Reported": NaN,
        "Diluted Average Shares": NaN,
        "Basic Average Shares": NaN,
        "Diluted EPS": NaN,
        "Basic EPS": NaN,
        "Diluted NI Availto Com Stockholders": NaN,
        "Net Income Common Stockholders": NaN,
        "Net Income": NaN,
        "Net Income Including Noncontrolling Interests": NaN,
        "Net Income Continuous Operations": NaN,
        "Tax Provision": NaN,
        "Pretax Income": NaN,
        "Other Income Expense": -717000.0,
        "Other Non Operating Income Expenses": 784000.0,
        "Special Income Charges": NaN,
        "Restructuring And Mergern Acquisition": NaN,
        "Net Non Operating Interest Income Expense": NaN,
        "Interest Expense Non Operating": NaN,
        "Interest Income Non Operating": NaN,
        "Operating Income": NaN,
        "Operating Expense": NaN,
        "Research And Development": NaN,
        "Selling General And Administration": NaN,
        "Selling And Marketing Expense": NaN,
        "General And Administrative Expense": NaN,
        "Other Gand A": NaN,
        "Gross Profit": NaN,
        "Cost Of Revenue": NaN,
        "Total Revenue": NaN,
        "Operating Revenue": NaN
    },
    "2022-03-31": {
        "Diluted EPS": 0.09,
        "Total Revenue": 73,
        "Gross Profit": 48,
        "Operating Income": 15,
        "EBIT": 28,
        "Net Income": 7
    },
    "2021-12-31": {
        "Diluted EPS": -0.08,
        "Total Revenue": 64,
        "Gross Profit": 42,
        "Operating Income": 8,
        "EBIT": 21,
        "Net Income": -3
    },
    "2021-09-30": {
        "Diluted EPS": -0.34,
        "Total Revenue": 67,
        "Gross Profit": 41,
        "Operating Income": -9,
        "EBIT": 5,
        "Net Income": -24
    },
    "2021-06-30": {
        "Diluted EPS": -0.03,
        "Total Revenue": 68,
        "Gross Profit": 47,
        "Operating Income": 19,
        "EBIT": 33,
        "Net Income": -2
    },
    "2021-03-31": {
        "Diluted EPS": -0.03,
        "Total Revenue": 68,
        "Gross Profit": 48,
        "Operating Income": 19,
        "EBIT": 33,
        "Net Income": -2
    },
    "2020-12-31": {
        "Diluted EPS": -0.25,
        "Total Revenue": 54,
        "Gross Profit": 38,
        "Operating Income": 3,
        "EBIT": 14,
        "Net Income": -4
    },
    "2020-09-30": {
        "Diluted EPS": -0.03,
        "Total Revenue": 52,
        "Gross Profit": 37,
        "Operating Income": 18,
        "EBIT": 28,
        "Net Income": -2
    },
    "2020-06-30": {
        "Diluted EPS": -0.07,
        "Total Revenue": 50,
        "Gross Profit": 35,
        "Operating Income": 15,
        "EBIT": 25,
        "Net Income": -4
    },
    "2020-03-31": {
        "Diluted EPS": -0.14,
        "Total Revenue": 44,
        "Gross Profit": 30,
        "Operating Income": 10,
        "EBIT": 20,
        "Net Income": -7
    },
    "2019-12-31": {
        "Diluted EPS": 0.0,
        "Total Revenue": NaN,
        "Gross Profit": NaN,
        "Operating Income": NaN,
        "EBIT": NaN,
        "Net Income": NaN
    },
    "2023-09-30": {
        "Tax Effect Of Unusual Items": 0.0,
        "Tax Rate For Calcs": 0.278843,
        "Normalized EBITDA": 21344000.0,
        "Total Unusual Items": 0.0,
        "Total Unusual Items Excluding Goodwill": 0.0,
        "Net Income From Continuing Operation Net Minority Interest": -2069000.0,
        "Reconciled Depreciation": 14433000.0,
        "Reconciled Cost Of Revenue": 27012000.0,
        "EBITDA": 21344000.0,
        "EBIT": 6911000.0,
        "Net Interest Income": -8438000.0,
        "Interest Expense": 9780000.0,
        "Interest Income": 1342000.0,
        "Normalized Income": -2069000.0,
        "Net Income From Continuing And Discontinued Operation": -2069000.0,
        "Total Expenses": 70919000.0,
        "Total Operating Income As Reported": 5569000.0,
        "Diluted Average Shares": 81073915.0,
        "Basic Average Shares": 81073915.0,
        "Diluted EPS": -0.03,
        "Basic EPS": -0.03,
        "Diluted NI Availto Com Stockholders": -2069000.0,
        "Net Income Common Stockholders": -2069000.0,
        "Net Income": -2069000.0,
        "Net Income Including Noncontrolling Interests": -2069000.0,
        "Net Income Continuous Operations": -2069000.0,
        "Tax Provision": -800000.0,
        "Pretax Income": -2869000.0,
        "Other Income Expense": NaN,
        "Other Non Operating Income Expenses": NaN,
        "Special Income Charges": 0.0,
        "Restructuring And Mergern Acquisition": 0.0,
        "Net Non Operating Interest Income Expense": -8438000.0,
        "Interest Expense Non Operating": 9780000.0,
        "Interest Income Non Operating": 1342000.0,
        "Operating Income": 5569000.0,
        "Operating Expense": 43907000.0,
        "Research And Development": 11248000.0,
        "Selling General And Administration": 32659000.0,
        "Selling And Marketing Expense": 9441000.0,
        "General And Administrative Expense": 23218000.0,
        "Other Gand A": 23218000.0,
        "Gross Profit": 49476000.0,
        "Cost Of Revenue": 27012000.0,
        "Total Revenue": 76488000.0,
        "Operating Revenue": 73319000.0
    },
    "2023-12-31": {
        "Tax Effect Of Unusual Items": 0.0,
        "Tax Rate For Calcs": 0.21,
        "Normalized EBITDA": 22659000.0,
        "Total Unusual Items": 0.0,
        "Total Unusual Items Excluding Goodwill": 0.0,
        "Net Income From Continuing Operation Net Minority Interest": -29574000.0,
        "Reconciled Depreciation": 14441000.0,
        "Reconciled Cost Of Revenue": 25030000.0,
        "EBITDA": 22659000.0,
        "EBIT": 8218000.0,
        "Net Interest Income": -8598000.0,
        "Interest Expense": 10031000.0,
        "Interest Income": 1433000.0,
        "Normalized Income": -29574000.0,
        "Net Income From Continuing And Discontinued Operation": -29574000.0,
        "Total Expenses": 67794000.0,
        "Total Operating Income As Reported": 6785000.0,
        "Diluted Average Shares": 78767040.0,
        "Basic Average Shares": 78767040.0,
        "Diluted EPS": -0.38,
        "Basic EPS": -0.38,
        "Diluted NI Availto Com Stockholders": -29574000.0,
        "Net Income Common Stockholders": -29574000.0,
        "Net Income": -29574000.0,
        "Net Income Including Noncontrolling Interests": -29574000.0,
        "Net Income Continuous Operations": -29574000.0,
        "Tax Provision": 27761000.0,
        "Pretax Income": -1813000.0,
        "Other Income Expense": 0.0,
        "Other Non Operating Income Expenses": NaN,
        "Special Income Charges": 0.0,
        "Restructuring And Mergern Acquisition": 0.0,
        "Net Non Operating Interest Income Expense": -8598000.0,
        "Interest Expense Non Operating": 10031000.0,
        "Interest Income Non Operating": 1433000.0,
        "Operating Income": 6785000.0,
        "Operating Expense": 42764000.0,
        "Research And Development": 10703000.0,
        "Selling General And Administration": 32061000.0,
        "Selling And Marketing Expense": 9580000.0,
        "General And Administrative Expense": 22481000.0,
        "Other Gand A": 22481000.0,
        "Gross Profit": 49549000.0,
        "Cost Of Revenue": 25030000.0,
        "Total Revenue": 74579000.0,
        "Operating Revenue": 72106000.0
    },
    "2024-03-31": {
        "Tax Effect Of Unusual Items": -670110.0,
        "Tax Rate For Calcs": 0.21,
        "Normalized EBITDA": 22023000.0,
        "Total Unusual Items": -3191000.0,
        "Total Unusual Items Excluding Goodwill": -3191000.0,
        "Net Income From Continuing Operation Net Minority Interest": -5306000.0,
        "Reconciled Depreciation": 14524000.0,
        "Reconciled Cost Of Revenue": 26073000.0,
        "EBITDA": 18832000.0,
        "EBIT": 4308000.0,
        "Net Interest Income": -8626000.0,
        "Interest Expense": 9582000.0,
        "Interest Income": 956000.0,
        "Normalized Income": -2785110.0,
        "Net Income From Continuing And Discontinued Operation": -5306000.0,
        "Total Expenses": 71273000.0,
        "Total Operating Income As Reported": 3352000.0,
        "Diluted Average Shares": 77335072.0,
        "Basic Average Shares": 77335072.0,
        "Diluted EPS": -0.07,
        "Basic EPS": -0.07,
        "Diluted NI Availto Com Stockholders": -5306000.0,
        "Net Income Common Stockholders": -5306000.0,
        "Net Income": -5306000.0,
        "Net Income Including Noncontrolling Interests": -5306000.0,
        "Net Income Continuous Operations": -5306000.0,
        "Tax Provision": 32000.0,
        "Pretax Income": -5274000.0,
        "Other Income Expense": -3191000.0,
        "Other Non Operating Income Expenses": NaN,
        "Special Income Charges": -3191000.0,
        "Restructuring And Mergern Acquisition": 3191000.0,
        "Net Non Operating Interest Income Expense": -8626000.0,
        "Interest Expense Non Operating": 9582000.0,
        "Interest Income Non Operating": 956000.0,
        "Operating Income": 6543000.0,
        "Operating Expense": 45200000.0,
        "Research And Development": 9485000.0,
        "Selling General And Administration": 35715000.0,
        "Selling And Marketing Expense": 10536000.0,
        "General And Administrative Expense": 25179000.0,
        "Other Gand A": 25179000.0,
        "Gross Profit": 51743000.0,
        "Cost Of Revenue": 26073000.0,
        "Total Revenue": 77816000.0,
        "Operating Revenue": 74922000.0
    },
    "2024-06-30": {
        "Tax Effect Of Unusual Items": -207480.0,
        "Tax Rate For Calcs": 0.21,
        "Normalized EBITDA": 16099000.0,
        "Total Unusual Items": -988000.0,
        "Total Unusual Items Excluding Goodwill": -988000.0,
        "Net Income From Continuing Operation Net Minority Interest": -9670000.0,
        "Reconciled Depreciation": 14572000.0,
        "Reconciled Cost Of Revenue": 28176000.0,
        "EBITDA": 15111000.0,
        "EBIT": 539000.0,
        "Net Interest Income": -8161000.0,
        "Interest Expense": 9797000.0,
        "Interest Income": 1636000.0,
        "Normalized Income": -8889480.0,
        "Net Income From Continuing And Discontinued Operation": -9670000.0,
        "Total Expenses": 78785000.0,
        "Total Operating Income As Reported": -1097000.0,
        "Diluted Average Shares": 76527803.0,
        "Basic Average Shares": 76527803.0,
        "Diluted EPS": -0.13,
        "Basic EPS": -0.13,
        "Diluted NI Availto Com Stockholders": -9670000.0,
        "Net Income Common Stockholders": -9670000.0,
        "Net Income": -9670000.0,
        "Net Income Including Noncontrolling Interests": -9670000.0,
        "Net Income Continuous Operations": -9670000.0,
        "Tax Provision": 412000.0,
        "Pretax Income": -9258000.0,
        "Other Income Expense": -988000.0,
        "Other Non Operating Income Expenses": NaN,
        "Special Income Charges": -988000.0,
        "Restructuring And Mergern Acquisition": 988000.0,
        "Net Non Operating Interest Income Expense": -8161000.0,
        "Interest Expense Non Operating": 9797000.0,
        "Interest Income Non Operating": 1636000.0,
        "Operating Income": -109000.0,
        "Operating Expense": 50609000.0,
        "Research And Development": 9905000.0,
        "Selling General And Administration": 40704000.0,
        "Selling And Marketing Expense": 11467000.0,
        "General And Administrative Expense": 29237000.0,
        "Other Gand A": 29237000.0,
        "Gross Profit": 50500000.0,
        "Cost Of Revenue": 28176000.0,
        "Total Revenue": 78676000.0,
        "Operating Revenue": 75505000.0
    },
    "2024-09-30": {
        "Tax Effect Of Unusual Items": 0.0,
        "Tax Rate For Calcs": 0.21,
        "Normalized EBITDA": 18523000.0,
        "Total Unusual Items": 0.0,
        "Total Unusual Items Excluding Goodwill": 0.0,
        "Net Income From Continuing Operation Net Minority Interest": -7051000.0,
        "Reconciled Depreciation": 14593000.0,
        "Reconciled Cost Of Revenue": 27650000.0,
        "EBITDA": 18523000.0,
        "EBIT": 3930000.0,
        "Net Interest Income": -8794000.0,
        "Interest Expense": 10165000.0,
        "Interest Income": 1371000.0,
        "Normalized Income": -7051000.0,
        "Net Income From Continuing And Discontinued Operation": -7051000.0,
        "Total Expenses": 77810000.0,
        "Total Operating Income As Reported": 2559000.0,
        "Diluted Average Shares": 75631670.0,
        "Basic Average Shares": 75631670.0,
        "Diluted EPS": -0.09,
        "Basic EPS": -0.09,
        "Diluted NI Availto Com Stockholders": -7051000.0,
        "Net Income Common Stockholders": -7051000.0,
        "Net Income": -7051000.0,
        "Net Income Including Noncontrolling Interests": -7051000.0,
        "Net Income Continuous Operations": -7051000.0,
        "Tax Provision": 816000.0,
        "Pretax Income": -6235000.0,
        "Other Income Expense": NaN,
        "Other Non Operating Income Expenses": NaN,
        "Special Income Charges": 0.0,
        "Restructuring And Mergern Acquisition": 0.0,
        "Net Non Operating Interest Income Expense": -8794000.0,
        "Interest Expense Non Operating": 10165000.0,
        "Interest Income Non Operating": 1371000.0,
        "Operating Income": 2559000.0,
        "Operating Expense": 50160000.0,
        "Research And Development": 10019000.0,
        "Selling General And Administration": 40141000.0,
        "Selling And Marketing Expense": 10492000.0,
        "General And Administrative Expense": 29649000.0,
        "Other Gand A": 29649000.0,
        "Gross Profit": 52719000.0,
        "Cost Of Revenue": 27650000.0,
        "Total Revenue": 80369000.0,
        "Operating Revenue": 77490000.0
    }
}