{
    "2023-03-31": {
        "Tax Effect Of Unusual Items": 0.0,
        "Tax Rate For Calcs": 0.219,
        "Normalized EBITDA": 15959000.0,
        "Net Income From Continuing Operation Net Minority Interest": 9220000.0,
        "Reconciled Depreciation": 3148000.0,
        "Reconciled Cost Of Revenue": 251858000.0,
        "EBITDA": 15959000.0,
        "EBIT": 12811000.0,
        "Net Interest Income": -1012000.0,
        "Interest Expense": 1012000.0,
        "Normalized Income": 9220000.0,
        "Net Income From Continuing And Discontinued Operation": 9220000.0,
        "Total Expenses": 269782000.0,
        "Diluted Average Shares": 11431000.0,
        "Basic Average Shares": 11425000.0,
        "Diluted EPS": 0.81,
        "Basic EPS": 0.81,
        "Diluted NI Availto Com Stockholders": 9220000.0,
        "Net Income Common Stockholders": 9220000.0,
        "Net Income": 9220000.0,
        "Net Income Including Noncontrolling Interests": 9220000.0,
        "Net Income Continuous Operations": 9220000.0,
        "Tax Provision": 2579000.0,
        "Pretax Income": 11799000.0,
        "Other Income Expense": 318000.0,
        "Other Non Operating Income Expenses": 318000.0,
        "Net Non Operating Interest Income Expense": -1012000.0,
        "Interest Expense Non Operating": 1012000.0,
        "Operating Income": 12493000.0,
        "Operating Expense": 17924000.0,
        "Selling General And Administration": 17924000.0,
        "Gross Profit": 30417000.0,
        "Cost Of Revenue": 251858000.0,
        "Total Revenue": 282275000.0,
        "Operating Revenue": 282275000.0
    },
    "2022-12-31": {
        "Tax Effect Of Unusual Items": 0.0,
        "Tax Rate For Calcs": 0.200963,
        "Normalized EBITDA": 16054000.0,
        "Net Income From Continuing Operation Net Minority Interest": 9292000.0,
        "Reconciled Depreciation": 3134000.0,
        "Reconciled Cost Of Revenue": 200329000.0,
        "EBITDA": 16054000.0,
        "EBIT": 12920000.0,
        "Net Interest Income": -1291000.0,
        "Interest Expense": 1291000.0,
        "Normalized Income": 9292000.0,
        "Net Income From Continuing And Discontinued Operation": 9292000.0,
        "Total Expenses": 213446000.0,
        "Diluted Average Shares": 11417000.0,
        "Basic Average Shares": 11417000.0,
        "Diluted EPS": 0.81,
        "Basic EPS": 0.81,
        "Diluted NI Availto Com Stockholders": 9292000.0,
        "Net Income Common Stockholders": 9292000.0,
        "Net Income": 9292000.0,
        "Net Income Including Noncontrolling Interests": 9292000.0,
        "Net Income Continuous Operations": 9292000.0,
        "Tax Provision": 2337000.0,
        "Pretax Income": 11629000.0,
        "Other Income Expense": 512000.0,
        "Other Non Operating Income Expenses": 512000.0,
        "Net Non Operating Interest Income Expense": -1291000.0,
        "Interest Expense Non Operating": 1291000.0,
        "Operating Income": 12408000.0,
        "Operating Expense": 13117000.0,
        "Selling General And Administration": 13117000.0,
        "Gross Profit": 25525000.0,
        "Cost Of Revenue": 200329000.0,
        "Total Revenue": 225854000.0,
        "Operating Revenue": 225854000.0
    },
    "2022-09-30": {
        "Tax Effect Of Unusual Items": 0.0,
        "Tax Rate For Calcs": 0.230475,
        "Normalized EBITDA": 10846000.0,
        "Net Income From Continuing Operation Net Minority Interest": 5232000.0,
        "Reconciled Depreciation": 3005000.0,
        "Reconciled Cost Of Revenue": 182377000.0,
        "EBITDA": 10846000.0,
        "EBIT": 7841000.0,
        "Net Interest Income": -1042000.0,
        "Interest Expense": 1042000.0,
        "Normalized Income": 5232000.0,
        "Net Income From Continuing And Discontinued Operation": 5232000.0,
        "Total Expenses": 197050000.0,
        "Diluted Average Shares": 11417000.0,
        "Basic Average Shares": 11417000.0,
        "Diluted EPS": 0.46,
        "Basic EPS": 0.46,
        "Diluted NI Availto Com Stockholders": 5232000.0,
        "Net Income Common Stockholders": 5232000.0,
        "Net Income": 5232000.0,
        "Net Income Including Noncontrolling Interests": 5232000.0,
        "Net Income Continuous Operations": 5232000.0,
        "Tax Provision": 1567000.0,
        "Pretax Income": 6799000.0,
        "Other Income Expense": -666000.0,
        "Other Non Operating Income Expenses": -666000.0,
        "Net Non Operating Interest Income Expense": -1042000.0,
        "Interest Expense Non Operating": 1042000.0,
        "Operating Income": 8507000.0,
        "Operating Expense": 14673000.0,
        "Selling General And Administration": 14673000.0,
        "Gross Profit": 23180000.0,
        "Cost Of Revenue": 182377000.0,
        "Total Revenue": 205557000.0,
        "Operating Revenue": 205557000.0
    },
    "2022-06-30": {
        "Tax Effect Of Unusual Items": 0.0,
        "Tax Rate For Calcs": 0.221,
        "Normalized EBITDA": 8278000.0,
        "Net Income From Continuing Operation Net Minority Interest": 3757000.0,
        "Reconciled Depreciation": 2830000.0,
        "Reconciled Cost Of Revenue": 183126000.0,
        "EBITDA": 8278000.0,
        "EBIT": 5448000.0,
        "Net Interest Income": -628000.0,
        "Interest Expense": 628000.0,
        "Normalized Income": 3757000.0,
        "Net Income From Continuing And Discontinued Operation": 3757000.0,
        "Total Expenses": 195777000.0,
        "Diluted Average Shares": 11417000.0,
        "Basic Average Shares": 11417000.0,
        "Diluted EPS": 0.33,
        "Basic EPS": 0.33,
        "Diluted NI Availto Com Stockholders": 3757000.0,
        "Net Income Common Stockholders": 3757000.0,
        "Net Income": 3757000.0,
        "Net Income Including Noncontrolling Interests": 3757000.0,
        "Net Income Continuous Operations": 3757000.0,
        "Tax Provision": 1063000.0,
        "Pretax Income": 4820000.0,
        "Other Income Expense": -275000.0,
        "Other Non Operating Income Expenses": -275000.0,
        "Net Non Operating Interest Income Expense": -628000.0,
        "Interest Expense Non Operating": 628000.0,
        "Operating Income": 5723000.0,
        "Operating Expense": 12651000.0,
        "Selling General And Administration": 12651000.0,
        "Gross Profit": 18374000.0,
        "Cost Of Revenue": 183126000.0,
        "Total Revenue": 201500000.0,
        "Operating Revenue": 201500000.0
    },
    "2022-03-31": {
        "Diluted EPS": 0.18,
        "Total Revenue": 216,
        "Gross Profit": 15,
        "Operating Income": 3,
        "EBIT": 6,
        "Net Income": 2
    },
    "2021-12-31": {
        "Diluted EPS": 0.23,
        "Total Revenue": 202,
        "Gross Profit": 16,
        "Operating Income": 3,
        "EBIT": 7,
        "Net Income": 3
    },
    "2021-09-30": {
        "Diluted EPS": 0.34,
        "Total Revenue": 165,
        "Gross Profit": 18,
        "Operating Income": 5,
        "EBIT": 8,
        "Net Income": 4
    },
    "2021-06-30": {
        "Diluted EPS": 0.57,
        "Total Revenue": 181,
        "Gross Profit": 21,
        "Operating Income": 9,
        "EBIT": 12,
        "Net Income": 7
    },
    "2021-03-31": {
        "Diluted EPS": 0.28,
        "Total Revenue": 170,
        "Gross Profit": 16,
        "Operating Income": 5,
        "EBIT": 7,
        "Net Income": 3
    },
    "2020-12-31": {
        "Diluted EPS": 1.06,
        "Total Revenue": 178,
        "Gross Profit": 24,
        "Operating Income": 15,
        "EBIT": 18,
        "Net Income": 12
    },
    "2020-09-30": {
        "Diluted EPS": 0.57,
        "Total Revenue": 168,
        "Gross Profit": 18,
        "Operating Income": 9,
        "EBIT": 11,
        "Net Income": 7
    },
    "2020-06-30": {
        "Diluted EPS": 0.51,
        "Total Revenue": 129,
        "Gross Profit": 18,
        "Operating Income": 8,
        "EBIT": 10,
        "Net Income": 6
    },
    "2020-03-31": {
        "Diluted EPS": 0.48,
        "Total Revenue": 176,
        "Gross Profit": 19,
        "Operating Income": 7,
        "EBIT": 10,
        "Net Income": 5
    },
    "2019-12-31": {
        "Diluted EPS": 1.02,
        "Total Revenue": 203,
        "Gross Profit": 27,
        "Operating Income": 15,
        "EBIT": 18,
        "Net Income": 12
    },
    "2019-09-30": {
        "Diluted EPS": 0.71,
        "Total Revenue": 195,
        "Gross Profit": 22,
        "Operating Income": 11,
        "EBIT": 13,
        "Net Income": 8
    },
    "2019-06-30": {
        "Diluted EPS": 0.94,
        "Total Revenue": 222,
        "Gross Profit": 25,
        "Operating Income": 13,
        "EBIT": 16,
        "Net Income": 11
    },
    "2019-03-31": {
        "Diluted EPS": 0.76,
        "Total Revenue": 197,
        "Gross Profit": 23,
        "Operating Income": 11,
        "EBIT": 14,
        "Net Income": 9
    },
    "2018-12-31": {
        "Diluted EPS": 0.94,
        "Total Revenue": 180,
        "Gross Profit": 22,
        "Operating Income": 13,
        "EBIT": 15,
        "Net Income": 11
    },
    "2018-09-30": {
        "Diluted EPS": 0.76,
        "Total Revenue": 196,
        "Gross Profit": 21,
        "Operating Income": 11,
        "EBIT": 14,
        "Net Income": 9
    },
    "2018-06-30": {
        "Diluted EPS": 0.67,
        "Total Revenue": 177,
        "Gross Profit": 21,
        "Operating Income": 10,
        "EBIT": 13,
        "Net Income": 8
    },
    "2018-03-31": {
        "Diluted EPS": 0.59,
        "Total Revenue": 159,
        "Gross Profit": 18,
        "Operating Income": 9,
        "EBIT": 11,
        "Net Income": 7
    },
    "2017-12-31": {
        "Diluted EPS": 0.81,
        "Total Revenue": 160,
        "Gross Profit": 18,
        "Operating Income": 9,
        "EBIT": 11,
        "Net Income": 9
    },
    "2017-09-30": {
        "Diluted EPS": 0.39,
        "Total Revenue": 153,
        "Gross Profit": 16,
        "Operating Income": 7,
        "EBIT": 9,
        "Net Income": 4
    },
    "2017-06-30": {
        "Diluted EPS": 0.48,
        "Total Revenue": 153,
        "Gross Profit": 18,
        "Operating Income": 9,
        "EBIT": 10,
        "Net Income": 5
    },
    "2017-03-31": {
        "Diluted EPS": 0.34,
        "Total Revenue": 149,
        "Gross Profit": 15,
        "Operating Income": 6,
        "EBIT": 8,
        "Net Income": 4
    },
    "2016-12-31": {
        "Diluted EPS": 0.38,
        "Total Revenue": 149,
        "Gross Profit": 15,
        "Operating Income": 7,
        "EBIT": 9,
        "Net Income": 4
    },
    "2016-09-30": {
        "Diluted EPS": 0.49,
        "Total Revenue": 148,
        "Gross Profit": 17,
        "Operating Income": 9,
        "EBIT": 10,
        "Net Income": 6
    },
    "2016-06-30": {
        "Diluted EPS": 0.58,
        "Total Revenue": 156,
        "Gross Profit": 19,
        "Operating Income": 10,
        "EBIT": 12,
        "Net Income": 7
    },
    "2016-03-31": {
        "Diluted EPS": 0.3,
        "Total Revenue": 149,
        "Gross Profit": 13,
        "Operating Income": 5,
        "EBIT": 6,
        "Net Income": 3
    },
    "2015-12-31": {
        "Diluted EPS": 0.34,
        "Total Revenue": 136,
        "Gross Profit": 15,
        "Operating Income": 7,
        "EBIT": 9,
        "Net Income": 4
    },
    "2015-09-30": {
        "Diluted EPS": 0.28,
        "Total Revenue": 126,
        "Gross Profit": 13,
        "Operating Income": 5,
        "EBIT": 6,
        "Net Income": 3
    },
    "2015-06-30": {
        "Diluted EPS": 0.52,
        "Total Revenue": 152,
        "Gross Profit": 18,
        "Operating Income": 9,
        "EBIT": 11,
        "Net Income": 6
    },
    "2015-03-31": {
        "Diluted EPS": 0.27,
        "Total Revenue": 127,
        "Gross Profit": 12,
        "Operating Income": 4,
        "EBIT": 5,
        "Net Income": 3
    },
    "2014-12-31": {
        "Diluted EPS": 0.49,
        "Total Revenue": 148,
        "Gross Profit": 17,
        "Operating Income": 9,
        "EBIT": 10,
        "Net Income": 6
    },
    "2014-09-30": {
        "Diluted EPS": 0.31,
        "Total Revenue": 118,
        "Gross Profit": 13,
        "Operating Income": 6,
        "EBIT": 7,
        "Net Income": 3
    },
    "2014-06-30": {
        "Diluted EPS": 0.3,
        "Total Revenue": 122,
        "Gross Profit": 13,
        "Operating Income": 5,
        "EBIT": 6,
        "Net Income": 3
    },
    "2014-03-31": {
        "Diluted EPS": 0.21,
        "Total Revenue": 104,
        "Gross Profit": 11,
        "Operating Income": 4,
        "EBIT": 5,
        "Net Income": 2
    },
    "2013-12-31": {
        "Diluted EPS": 0.21,
        "Total Revenue": 108,
        "Gross Profit": 11,
        "Operating Income": 4,
        "EBIT": 5,
        "Net Income": 2
    },
    "2013-09-30": {
        "Diluted EPS": 0.23,
        "Total Revenue": 105,
        "Gross Profit": 11,
        "Operating Income": 4,
        "EBIT": 5,
        "Net Income": 3
    },
    "2013-06-30": {
        "Diluted EPS": 0.26,
        "Total Revenue": 106,
        "Gross Profit": 12,
        "Operating Income": 4,
        "EBIT": 5,
        "Net Income": 3
    },
    "2013-03-31": {
        "Diluted EPS": 0.12,
        "Total Revenue": 85,
        "Gross Profit": 9,
        "Operating Income": 2,
        "EBIT": 3,
        "Net Income": 1
    },
    "2012-12-31": {
        "Diluted EPS": 0.15,
        "Total Revenue": 82,
        "Gross Profit": 9,
        "Operating Income": 3,
        "EBIT": 4,
        "Net Income": 2
    },
    "2012-09-30": {
        "Diluted EPS": 0.26,
        "Total Revenue": 78,
        "Gross Profit": 9,
        "Operating Income": 2,
        "EBIT": 4,
        "Net Income": 3
    },
    "2012-06-30": {
        "Diluted EPS": 0.23,
        "Total Revenue": 87,
        "Gross Profit": 11,
        "Operating Income": 4,
        "EBIT": 5,
        "Net Income": 3
    },
    "2012-03-31": {
        "Diluted EPS": 0.18,
        "Total Revenue": 95,
        "Gross Profit": 11,
        "Operating Income": 4,
        "EBIT": 5,
        "Net Income": 2
    },
    "2011-12-31": {
        "Diluted EPS": 0.43,
        "Total Revenue": 109,
        "Gross Profit": 16,
        "Operating Income": 8,
        "EBIT": 9,
        "Net Income": 5
    },
    "2011-09-30": {
        "Diluted EPS": 0.41,
        "Total Revenue": 97,
        "Gross Profit": 16,
        "Operating Income": 8,
        "EBIT": 9,
        "Net Income": 5
    },
    "2011-06-30": {
        "Diluted EPS": 0.47,
        "Total Revenue": 98,
        "Gross Profit": 17,
        "Operating Income": 10,
        "EBIT": 11,
        "Net Income": 6
    },
    "2011-03-31": {
        "Diluted EPS": 0.61,
        "Total Revenue": 109,
        "Gross Profit": 21,
        "Operating Income": 13,
        "EBIT": 13,
        "Net Income": 7
    },
    "2010-12-31": {
        "Diluted EPS": 0.29,
        "Total Revenue": 80,
        "Gross Profit": 13,
        "Operating Income": 6,
        "EBIT": 7,
        "Net Income": 4
    },
    "2010-09-30": {
        "Diluted EPS": 0.24,
        "Total Revenue": 74,
        "Gross Profit": 11,
        "Operating Income": 5,
        "EBIT": 6,
        "Net Income": 3
    },
    "2010-06-30": {
        "Diluted EPS": 0.26,
        "Total Revenue": 81,
        "Gross Profit": 12,
        "Operating Income": 5,
        "EBIT": 6,
        "Net Income": 3
    },
    "2010-03-31": {
        "Diluted EPS": 0.17,
        "Total Revenue": 72,
        "Gross Profit": 10,
        "Operating Income": 3,
        "EBIT": 4,
        "Net Income": 2
    },
    "2009-12-31": {
        "Diluted EPS": 0.17,
        "Total Revenue": 67,
        "Gross Profit": 10,
        "Operating Income": 3,
        "EBIT": 4,
        "Net Income": 2
    },
    "2009-09-30": {
        "Diluted EPS": 0.14,
        "Total Revenue": 58,
        "Gross Profit": 9,
        "Operating Income": 3,
        "EBIT": 4,
        "Net Income": 2
    },
    "2009-06-30": {
        "Diluted EPS": 0.12,
        "Total Revenue": 54,
        "Gross Profit": 8,
        "Operating Income": 2,
        "EBIT": 3,
        "Net Income": 1
    },
    "2009-03-31": {
        "Diluted EPS": 0.08,
        "Total Revenue": 59,
        "Gross Profit": 8,
        "Operating Income": 2,
        "EBIT": 3,
        "Net Income": 1
    },
    "2023-06-30": {
        "Tax Effect Of Unusual Items": 0.0,
        "Tax Rate For Calcs": 0.214,
        "Normalized EBITDA": 23891000.0,
        "Net Income From Continuing Operation Net Minority Interest": 14915000.0,
        "Reconciled Depreciation": 3213000.0,
        "Reconciled Cost Of Revenue": 260335000.0,
        "EBITDA": 23891000.0,
        "EBIT": 20678000.0,
        "Net Interest Income": -1700000.0,
        "Interest Expense": 1700000.0,
        "Normalized Income": 14915000.0,
        "Net Income From Continuing And Discontinued Operation": 14915000.0,
        "Total Expenses": 279815000.0,
        "Diluted Average Shares": 11526000.0,
        "Basic Average Shares": 11466000.0,
        "Diluted EPS": 1.29,
        "Basic EPS": 1.3,
        "Diluted NI Availto Com Stockholders": 14915000.0,
        "Net Income Common Stockholders": 14915000.0,
        "Net Income": 14915000.0,
        "Net Income Including Noncontrolling Interests": 14915000.0,
        "Net Income Continuous Operations": 14915000.0,
        "Tax Provision": 4063000.0,
        "Pretax Income": 18978000.0,
        "Other Income Expense": 229000.0,
        "Other Non Operating Income Expenses": 229000.0,
        "Net Non Operating Interest Income Expense": -1700000.0,
        "Interest Expense Non Operating": 1700000.0,
        "Operating Income": 20449000.0,
        "Operating Expense": 19480000.0,
        "Selling General And Administration": 19480000.0,
        "Gross Profit": 39929000.0,
        "Cost Of Revenue": 260335000.0,
        "Total Revenue": 300264000.0,
        "Operating Revenue": 300264000.0
    },
    "2023-09-30": {
        "Tax Effect Of Unusual Items": 0.0,
        "Tax Rate For Calcs": 0.208,
        "Normalized EBITDA": 27164000.0,
        "Net Income From Continuing Operation Net Minority Interest": 17459000.0,
        "Reconciled Depreciation": 3320000.0,
        "Reconciled Cost Of Revenue": 231700000.0,
        "EBITDA": 27164000.0,
        "EBIT": 23844000.0,
        "Net Interest Income": -1813000.0,
        "Interest Expense": 1813000.0,
        "Normalized Income": 17459000.0,
        "Net Income From Continuing And Discontinued Operation": 17459000.0,
        "Total Expenses": 251018000.0,
        "Diluted Average Shares": 11515000.0,
        "Basic Average Shares": 11446000.0,
        "Diluted EPS": 1.52,
        "Basic EPS": 1.53,
        "Diluted NI Availto Com Stockholders": 17459000.0,
        "Net Income Common Stockholders": 17459000.0,
        "Net Income": 17459000.0,
        "Net Income Including Noncontrolling Interests": 17459000.0,
        "Net Income Continuous Operations": 17459000.0,
        "Tax Provision": 4572000.0,
        "Pretax Income": 22031000.0,
        "Other Income Expense": 294000.0,
        "Other Non Operating Income Expenses": 294000.0,
        "Net Non Operating Interest Income Expense": -1813000.0,
        "Interest Expense Non Operating": 1813000.0,
        "Operating Income": 23550000.0,
        "Operating Expense": 19318000.0,
        "Selling General And Administration": 19318000.0,
        "Gross Profit": 42868000.0,
        "Cost Of Revenue": 231700000.0,
        "Total Revenue": 274568000.0,
        "Operating Revenue": 274568000.0
    },
    "2023-12-31": {
        "Tax Effect Of Unusual Items": 0.0,
        "Tax Rate For Calcs": 0.204014,
        "Normalized EBITDA": 25985000.0,
        "Net Income From Continuing Operation Net Minority Interest": 16695000.0,
        "Reconciled Depreciation": 3562000.0,
        "Reconciled Cost Of Revenue": 257606000.0,
        "EBITDA": 25985000.0,
        "EBIT": 22423000.0,
        "Net Interest Income": -1449000.0,
        "Interest Expense": 1449000.0,
        "Normalized Income": 16695000.0,
        "Net Income From Continuing And Discontinued Operation": 16695000.0,
        "Total Expenses": 273972000.0,
        "Diluted Average Shares": NaN,
        "Basic Average Shares": NaN,
        "Diluted EPS": NaN,
        "Basic EPS": NaN,
        "Diluted NI Availto Com Stockholders": 16695000.0,
        "Net Income Common Stockholders": 16695000.0,
        "Net Income": 16695000.0,
        "Net Income Including Noncontrolling Interests": 16695000.0,
        "Net Income Continuous Operations": 16695000.0,
        "Tax Provision": 4279000.0,
        "Pretax Income": 20974000.0,
        "Other Income Expense": 149000.0,
        "Other Non Operating Income Expenses": 149000.0,
        "Net Non Operating Interest Income Expense": -1449000.0,
        "Interest Expense Non Operating": 1449000.0,
        "Operating Income": 22274000.0,
        "Operating Expense": 16366000.0,
        "Selling General And Administration": 16366000.0,
        "Gross Profit": 38640000.0,
        "Cost Of Revenue": 257606000.0,
        "Total Revenue": 296246000.0,
        "Operating Revenue": 296246000.0
    }
}