{
    "2023-03-31": {
        "Tax Effect Of Unusual Items": NaN,
        "Tax Rate For Calcs": NaN,
        "Normalized EBITDA": NaN,
        "Total Unusual Items": NaN,
        "Total Unusual Items Excluding Goodwill": NaN,
        "Net Income From Continuing Operation Net Minority Interest": NaN,
        "Reconciled Depreciation": NaN,
        "EBITDA": NaN,
        "EBIT": NaN,
        "Normalized Income": NaN,
        "Net Income From Continuing And Discontinued Operation": NaN,
        "Total Expenses": NaN,
        "Total Operating Income As Reported": NaN,
        "Diluted Average Shares": 39061977.0,
        "Basic Average Shares": 39061977.0,
        "Diluted EPS": -0.23,
        "Basic EPS": -0.23,
        "Diluted NI Availto Com Stockholders": NaN,
        "Net Income Common Stockholders": NaN,
        "Net Income": NaN,
        "Minority Interests": NaN,
        "Net Income Including Noncontrolling Interests": NaN,
        "Net Income Continuous Operations": NaN,
        "Tax Provision": NaN,
        "Pretax Income": NaN,
        "Other Income Expense": NaN,
        "Other Non Operating Income Expenses": NaN,
        "Gain On Sale Of Security": NaN,
        "Operating Income": NaN,
        "Operating Expense": NaN,
        "Research And Development": NaN,
        "Selling General And Administration": NaN,
        "General And Administrative Expense": NaN,
        "Other Gand A": NaN,
        "Total Revenue": NaN,
        "Operating Revenue": NaN
    },
    "2022-12-31": {
        "Tax Effect Of Unusual Items": NaN,
        "Tax Rate For Calcs": NaN,
        "Normalized EBITDA": NaN,
        "Net Income From Continuing Operation Net Minority Interest": NaN,
        "Reconciled Depreciation": NaN,
        "EBITDA": NaN,
        "EBIT": NaN,
        "Normalized Income": NaN,
        "Net Income From Continuing And Discontinued Operation": NaN,
        "Total Expenses": NaN,
        "Total Operating Income As Reported": NaN,
        "Diluted Average Shares": 38843776.0,
        "Basic Average Shares": 38843776.0,
        "Diluted EPS": -0.31,
        "Basic EPS": -0.31,
        "Diluted NI Availto Com Stockholders": NaN,
        "Net Income Common Stockholders": NaN,
        "Net Income": NaN,
        "Minority Interests": NaN,
        "Net Income Including Noncontrolling Interests": NaN,
        "Net Income Continuous Operations": NaN,
        "Tax Provision": NaN,
        "Pretax Income": NaN,
        "Other Income Expense": NaN,
        "Other Non Operating Income Expenses": NaN,
        "Operating Income": NaN,
        "Operating Expense": NaN,
        "Research And Development": NaN,
        "Selling General And Administration": NaN,
        "General And Administrative Expense": NaN,
        "Other Gand A": NaN,
        "Total Revenue": NaN,
        "Operating Revenue": NaN
    },
    "2022-09-30": {
        "Tax Effect Of Unusual Items": 0.0,
        "Tax Rate For Calcs": 0.4,
        "Normalized EBITDA": -14767208.0,
        "Net Income From Continuing Operation Net Minority Interest": -14741648.0,
        "Reconciled Depreciation": 3293.0,
        "EBITDA": -14767208.0,
        "EBIT": -14770501.0,
        "Normalized Income": -14741648.0,
        "Net Income From Continuing And Discontinued Operation": -14741648.0,
        "Total Expenses": 14770501.0,
        "Total Operating Income As Reported": -14770501.0,
        "Diluted Average Shares": 36925639.0,
        "Basic Average Shares": 36925639.0,
        "Diluted EPS": -0.27,
        "Basic EPS": -0.27,
        "Diluted NI Availto Com Stockholders": -14741648.0,
        "Net Income Common Stockholders": -14741648.0,
        "Net Income": -14741648.0,
        "Minority Interests": NaN,
        "Net Income Including Noncontrolling Interests": -14741648.0,
        "Net Income Continuous Operations": -14741648.0,
        "Tax Provision": 8740.0,
        "Pretax Income": -14732908.0,
        "Other Income Expense": 37593.0,
        "Other Non Operating Income Expenses": 37593.0,
        "Operating Income": -14770501.0,
        "Operating Expense": 14770501.0,
        "Research And Development": 9024437.0,
        "Selling General And Administration": 5746064.0,
        "General And Administrative Expense": 5746064.0,
        "Other Gand A": 5746064.0,
        "Total Revenue": 0.0,
        "Operating Revenue": 0.0
    },
    "2022-06-30": {
        "Tax Effect Of Unusual Items": 0.0,
        "Tax Rate For Calcs": 0.4,
        "Normalized EBITDA": -17652177.0,
        "Net Income From Continuing Operation Net Minority Interest": -17416329.0,
        "Reconciled Depreciation": 3288.0,
        "EBITDA": -17652177.0,
        "EBIT": -17652177.0,
        "Normalized Income": -17416329.0,
        "Net Income From Continuing And Discontinued Operation": -17416329.0,
        "Total Expenses": 17652177.0,
        "Total Operating Income As Reported": -17652177.0,
        "Diluted Average Shares": 35201713.0,
        "Basic Average Shares": 35201713.0,
        "Diluted EPS": -0.34,
        "Basic EPS": -0.34,
        "Diluted NI Availto Com Stockholders": -17416329.0,
        "Net Income Common Stockholders": -17416329.0,
        "Net Income": -17416329.0,
        "Minority Interests": NaN,
        "Net Income Including Noncontrolling Interests": -17416329.0,
        "Net Income Continuous Operations": -17416329.0,
        "Tax Provision": 9282.0,
        "Pretax Income": -17407047.0,
        "Other Income Expense": 245130.0,
        "Other Non Operating Income Expenses": 245130.0,
        "Operating Income": -17652177.0,
        "Operating Expense": 17652177.0,
        "Research And Development": 11400541.0,
        "Selling General And Administration": 6251636.0,
        "General And Administrative Expense": 6251636.0,
        "Other Gand A": 6251636.0,
        "Total Revenue": 0.0,
        "Operating Revenue": 0.0
    },
    "2022-03-31": {
        "Diluted EPS": -3.17,
        "Total Revenue": NaN,
        "Gross Profit": NaN,
        "Operating Income": -16,
        "EBIT": -16,
        "Net Income": -16
    },
    "2021-12-31": {
        "Diluted EPS": 5.25,
        "Total Revenue": NaN,
        "Gross Profit": NaN,
        "Operating Income": 34,
        "EBIT": 34,
        "Net Income": 35
    },
    "2021-09-30": {
        "Diluted EPS": -2.63,
        "Total Revenue": NaN,
        "Gross Profit": NaN,
        "Operating Income": -6,
        "EBIT": -6,
        "Net Income": -6
    },
    "2021-06-30": {
        "Diluted EPS": -2.9,
        "Total Revenue": NaN,
        "Gross Profit": NaN,
        "Operating Income": -33,
        "EBIT": -33,
        "Net Income": -33
    },
    "2021-03-31": {
        "Diluted EPS": -0.03,
        "Total Revenue": NaN,
        "Gross Profit": NaN,
        "Operating Income": 0,
        "EBIT": 0,
        "Net Income": 0
    },
    "2020-12-31": {
        "Diluted EPS": 0.0,
        "Total Revenue": NaN,
        "Gross Profit": NaN,
        "Operating Income": NaN,
        "EBIT": NaN,
        "Net Income": NaN
    },
    "2020-09-30": {
        "Diluted EPS": 0.0,
        "Total Revenue": NaN,
        "Gross Profit": NaN,
        "Operating Income": NaN,
        "EBIT": NaN,
        "Net Income": NaN
    },
    "2023-06-30": {
        "Tax Effect Of Unusual Items": 108.844,
        "Tax Rate For Calcs": 0.001,
        "Normalized EBITDA": -13291445.0,
        "Total Unusual Items": 108844.0,
        "Total Unusual Items Excluding Goodwill": 108844.0,
        "Net Income From Continuing Operation Net Minority Interest": -10139279.0,
        "Reconciled Depreciation": 3289.0,
        "EBITDA": -13182601.0,
        "EBIT": -13185890.0,
        "Normalized Income": -10248014.156,
        "Net Income From Continuing And Discontinued Operation": -10139279.0,
        "Total Expenses": 13185890.0,
        "Total Operating Income As Reported": -13185890.0,
        "Diluted Average Shares": 43718464.0,
        "Basic Average Shares": 43718464.0,
        "Diluted EPS": -0.23,
        "Basic EPS": -0.23,
        "Diluted NI Availto Com Stockholders": -10139279.0,
        "Net Income Common Stockholders": -10139279.0,
        "Net Income": -10139279.0,
        "Minority Interests": 2214108.0,
        "Net Income Including Noncontrolling Interests": -12353387.0,
        "Net Income Continuous Operations": -12353387.0,
        "Tax Provision": 10149.0,
        "Pretax Income": -12343238.0,
        "Other Income Expense": 842652.0,
        "Other Non Operating Income Expenses": 733808.0,
        "Gain On Sale Of Security": 108844.0,
        "Operating Income": -13185890.0,
        "Operating Expense": 13185890.0,
        "Research And Development": 8703849.0,
        "Selling General And Administration": 4482041.0,
        "General And Administrative Expense": 4482041.0,
        "Other Gand A": 4482041.0,
        "Total Revenue": 0.0,
        "Operating Revenue": 0.0
    },
    "2023-09-30": {
        "Tax Effect Of Unusual Items": 0.0,
        "Tax Rate For Calcs": 0.002,
        "Normalized EBITDA": -12973453.0,
        "Total Unusual Items": NaN,
        "Total Unusual Items Excluding Goodwill": NaN,
        "Net Income From Continuing Operation Net Minority Interest": -9426049.0,
        "Reconciled Depreciation": 3290.0,
        "EBITDA": -12973453.0,
        "EBIT": -12976743.0,
        "Normalized Income": -9426049.0,
        "Net Income From Continuing And Discontinued Operation": -9426049.0,
        "Total Expenses": 12976743.0,
        "Total Operating Income As Reported": -12976743.0,
        "Diluted Average Shares": 53517655.0,
        "Basic Average Shares": 53517655.0,
        "Diluted EPS": -0.18,
        "Basic EPS": -0.18,
        "Diluted NI Availto Com Stockholders": -9426049.0,
        "Net Income Common Stockholders": -9426049.0,
        "Net Income": -9426049.0,
        "Minority Interests": 2193304.0,
        "Net Income Including Noncontrolling Interests": -11619353.0,
        "Net Income Continuous Operations": -11619353.0,
        "Tax Provision": 28923.0,
        "Pretax Income": -11590430.0,
        "Other Income Expense": 1386313.0,
        "Other Non Operating Income Expenses": 1386313.0,
        "Gain On Sale Of Security": NaN,
        "Operating Income": -12976743.0,
        "Operating Expense": 12976743.0,
        "Research And Development": 7585136.0,
        "Selling General And Administration": 5391607.0,
        "General And Administrative Expense": 5391607.0,
        "Other Gand A": 5391607.0,
        "Total Revenue": 0.0,
        "Operating Revenue": 0.0
    },
    "2023-12-31": {
        "Tax Effect Of Unusual Items": 0.0,
        "Tax Rate For Calcs": 0.085,
        "Normalized EBITDA": -15025603.0,
        "Total Unusual Items": NaN,
        "Total Unusual Items Excluding Goodwill": NaN,
        "Net Income From Continuing Operation Net Minority Interest": -7437076.0,
        "Reconciled Depreciation": 3289.0,
        "EBITDA": -15025603.0,
        "EBIT": -15028892.0,
        "Normalized Income": -7437076.0,
        "Net Income From Continuing And Discontinued Operation": -7437076.0,
        "Total Expenses": 15028892.0,
        "Total Operating Income As Reported": -15028892.0,
        "Diluted Average Shares": NaN,
        "Basic Average Shares": NaN,
        "Diluted EPS": NaN,
        "Basic EPS": NaN,
        "Diluted NI Availto Com Stockholders": -7437076.0,
        "Net Income Common Stockholders": -7437076.0,
        "Net Income": -7437076.0,
        "Minority Interests": 450314.0,
        "Net Income Including Noncontrolling Interests": -7887390.0,
        "Net Income Continuous Operations": -7887390.0,
        "Tax Provision": 44308.0,
        "Pretax Income": -7843082.0,
        "Other Income Expense": 7185810.0,
        "Other Non Operating Income Expenses": 7185810.0,
        "Gain On Sale Of Security": NaN,
        "Operating Income": -15028892.0,
        "Operating Expense": 15028892.0,
        "Research And Development": 8097793.0,
        "Selling General And Administration": 6931099.0,
        "General And Administrative Expense": 6931099.0,
        "Other Gand A": 6931099.0,
        "Total Revenue": 0.0,
        "Operating Revenue": 0.0
    },
    "2024-03-31": {
        "Tax Effect Of Unusual Items": 0.0,
        "Tax Rate For Calcs": 0.005,
        "Normalized EBITDA": -19797676.0,
        "Total Unusual Items": NaN,
        "Total Unusual Items Excluding Goodwill": NaN,
        "Net Income From Continuing Operation Net Minority Interest": -13673656.0,
        "Reconciled Depreciation": 22813.0,
        "EBITDA": -19797676.0,
        "EBIT": -19820489.0,
        "Normalized Income": -13673656.0,
        "Net Income From Continuing And Discontinued Operation": -13673656.0,
        "Total Expenses": 19820489.0,
        "Total Operating Income As Reported": -19820489.0,
        "Diluted Average Shares": 62637212.0,
        "Basic Average Shares": 62637212.0,
        "Diluted EPS": -0.22,
        "Basic EPS": -0.22,
        "Diluted NI Availto Com Stockholders": -13673656.0,
        "Net Income Common Stockholders": -13673656.0,
        "Net Income": -13673656.0,
        "Minority Interests": 301865.0,
        "Net Income Including Noncontrolling Interests": -13975521.0,
        "Net Income Continuous Operations": -13975521.0,
        "Tax Provision": 70252.0,
        "Pretax Income": -13905269.0,
        "Other Income Expense": 5915220.0,
        "Other Non Operating Income Expenses": 5915220.0,
        "Gain On Sale Of Security": NaN,
        "Operating Income": -19820489.0,
        "Operating Expense": 19820489.0,
        "Research And Development": 13014049.0,
        "Selling General And Administration": 6806440.0,
        "General And Administrative Expense": 6806440.0,
        "Other Gand A": 6806440.0,
        "Total Revenue": 0.0,
        "Operating Revenue": 0.0
    },
    "2024-06-30": {
        "Tax Effect Of Unusual Items": -117.879,
        "Tax Rate For Calcs": 0.003,
        "Normalized EBITDA": -30510796.0,
        "Total Unusual Items": -39293.0,
        "Total Unusual Items Excluding Goodwill": -39293.0,
        "Net Income From Continuing Operation Net Minority Interest": -24267012.0,
        "Reconciled Depreciation": 28112.0,
        "EBITDA": -30550089.0,
        "EBIT": -30578201.0,
        "Normalized Income": -24227836.879,
        "Net Income From Continuing And Discontinued Operation": -24267012.0,
        "Total Expenses": 30578201.0,
        "Total Operating Income As Reported": -30578201.0,
        "Diluted Average Shares": 62874637.0,
        "Basic Average Shares": 62874637.0,
        "Diluted EPS": -0.39,
        "Basic EPS": -0.39,
        "Diluted NI Availto Com Stockholders": -24267012.0,
        "Net Income Common Stockholders": -24267012.0,
        "Net Income": -24267012.0,
        "Minority Interests": 491742.0,
        "Net Income Including Noncontrolling Interests": -24758754.0,
        "Net Income Continuous Operations": -24758754.0,
        "Tax Provision": 78701.0,
        "Pretax Income": -24680053.0,
        "Other Income Expense": 5898148.0,
        "Other Non Operating Income Expenses": 5937441.0,
        "Gain On Sale Of Security": -39293.0,
        "Operating Income": -30578201.0,
        "Operating Expense": 30578201.0,
        "Research And Development": 23662147.0,
        "Selling General And Administration": 6916054.0,
        "General And Administrative Expense": 6916054.0,
        "Other Gand A": 6916054.0,
        "Total Revenue": 0.0,
        "Operating Revenue": 0.0
    }
}