{
    "2023-03-31": {
        "Tax Effect Of Unusual Items": 0.0,
        "Tax Rate For Calcs": 0.249,
        "Normalized EBITDA": 101014000.0,
        "Net Income From Continuing Operation Net Minority Interest": 31788000.0,
        "Reconciled Depreciation": 37691000.0,
        "Reconciled Cost Of Revenue": 964208000.0,
        "EBITDA": 101014000.0,
        "EBIT": 63323000.0,
        "Net Interest Income": -20999000.0,
        "Interest Expense": 20999000.0,
        "Normalized Income": 31788000.0,
        "Net Income From Continuing And Discontinued Operation": 31788000.0,
        "Total Expenses": 1144347000.0,
        "Total Operating Income As Reported": 62505000.0,
        "Diluted NI Availto Com Stockholders": 31788000.0,
        "Net Income Common Stockholders": 31788000.0,
        "Net Income": 31788000.0,
        "Net Income Including Noncontrolling Interests": 31788000.0,
        "Net Income Continuous Operations": 31788000.0,
        "Tax Provision": 10536000.0,
        "Pretax Income": 42324000.0,
        "Other Income Expense": 818000.0,
        "Other Non Operating Income Expenses": 818000.0,
        "Net Non Operating Interest Income Expense": -20999000.0,
        "Interest Expense Non Operating": 20999000.0,
        "Operating Income": 62505000.0,
        "Operating Expense": 166098000.0,
        "Depreciation Amortization Depletion Income Statement": 23650000.0,
        "Depreciation And Amortization In Income Statement": 23650000.0,
        "Amortization": 23650000.0,
        "Amortization Of Intangibles Income Statement": 23650000.0,
        "Selling General And Administration": 142448000.0,
        "Gross Profit": 228603000.0,
        "Cost Of Revenue": 978249000.0,
        "Total Revenue": 1206852000.0,
        "Operating Revenue": 1206852000.0
    },
    "2022-12-31": {
        "Tax Effect Of Unusual Items": 0.0,
        "Tax Rate For Calcs": 0.251549,
        "Normalized EBITDA": 110841000.0,
        "Net Income From Continuing Operation Net Minority Interest": 39995000.0,
        "Reconciled Depreciation": 35798000.0,
        "Reconciled Cost Of Revenue": 992219000.0,
        "EBITDA": 110841000.0,
        "EBIT": 75043000.0,
        "Net Interest Income": -21606000.0,
        "Interest Expense": 21606000.0,
        "Normalized Income": 39995000.0,
        "Net Income From Continuing And Discontinued Operation": 39995000.0,
        "Total Expenses": 1174469000.0,
        "Total Operating Income As Reported": 74777000.0,
        "Diluted NI Availto Com Stockholders": 39995000.0,
        "Net Income Common Stockholders": 39995000.0,
        "Net Income": 39995000.0,
        "Net Income Including Noncontrolling Interests": 39995000.0,
        "Net Income Continuous Operations": 39995000.0,
        "Tax Provision": 13442000.0,
        "Pretax Income": 53437000.0,
        "Other Income Expense": 266000.0,
        "Other Non Operating Income Expenses": 266000.0,
        "Net Non Operating Interest Income Expense": -21606000.0,
        "Interest Expense Non Operating": 21606000.0,
        "Operating Income": 74777000.0,
        "Operating Expense": 169970000.0,
        "Depreciation Amortization Depletion Income Statement": 23518000.0,
        "Depreciation And Amortization In Income Statement": 23518000.0,
        "Amortization": 23518000.0,
        "Amortization Of Intangibles Income Statement": 23518000.0,
        "Selling General And Administration": 146452000.0,
        "Gross Profit": 244747000.0,
        "Cost Of Revenue": 1004499000.0,
        "Total Revenue": 1249246000.0,
        "Operating Revenue": 1249246000.0
    },
    "2022-09-30": {
        "Tax Effect Of Unusual Items": 3235979.09586,
        "Tax Rate For Calcs": 0.292955,
        "Normalized EBITDA": 137705000.0,
        "Total Unusual Items": 11046000.0,
        "Total Unusual Items Excluding Goodwill": 11046000.0,
        "Net Income From Continuing Operation Net Minority Interest": 69067000.0,
        "Reconciled Depreciation": 34969000.0,
        "Reconciled Cost Of Revenue": 891593000.0,
        "EBITDA": 148751000.0,
        "EBIT": 113782000.0,
        "Net Interest Income": -16098000.0,
        "Interest Expense": 16098000.0,
        "Normalized Income": 61256979.09586,
        "Net Income From Continuing And Discontinued Operation": 69067000.0,
        "Total Expenses": 1073553000.0,
        "Total Operating Income As Reported": 114524000.0,
        "Diluted Average Shares": 61292000.0,
        "Basic Average Shares": 61010000.0,
        "Diluted EPS": 1.13,
        "Basic EPS": 1.13,
        "Diluted NI Availto Com Stockholders": 69067000.0,
        "Net Income Common Stockholders": 69067000.0,
        "Net Income": 69067000.0,
        "Net Income Including Noncontrolling Interests": 69067000.0,
        "Net Income Continuous Operations": 69067000.0,
        "Tax Provision": 28617000.0,
        "Pretax Income": 97684000.0,
        "Other Income Expense": 10304000.0,
        "Other Non Operating Income Expenses": -742000.0,
        "Special Income Charges": 11046000.0,
        "Gain On Sale Of Ppe": 11046000.0,
        "Net Non Operating Interest Income Expense": -16098000.0,
        "Interest Expense Non Operating": 16098000.0,
        "Operating Income": 103478000.0,
        "Operating Expense": 169505000.0,
        "Depreciation Amortization Depletion Income Statement": 22514000.0,
        "Depreciation And Amortization In Income Statement": 22514000.0,
        "Amortization": 22514000.0,
        "Amortization Of Intangibles Income Statement": 22514000.0,
        "Selling General And Administration": 146991000.0,
        "Gross Profit": 272983000.0,
        "Cost Of Revenue": 904048000.0,
        "Total Revenue": 1177031000.0,
        "Operating Revenue": 1177031000.0
    },
    "2022-06-30": {
        "Tax Effect Of Unusual Items": 0.0,
        "Tax Rate For Calcs": 0.241,
        "Normalized EBITDA": 83426000.0,
        "Total Unusual Items": NaN,
        "Total Unusual Items Excluding Goodwill": NaN,
        "Net Income From Continuing Operation Net Minority Interest": 31335000.0,
        "Reconciled Depreciation": 31366000.0,
        "Reconciled Cost Of Revenue": 906888000.0,
        "EBITDA": 83426000.0,
        "EBIT": 52060000.0,
        "Net Interest Income": -10791000.0,
        "Interest Expense": 10791000.0,
        "Normalized Income": 31335000.0,
        "Net Income From Continuing And Discontinued Operation": 31335000.0,
        "Total Expenses": 1071228000.0,
        "Total Operating Income As Reported": 54557000.0,
        "Diluted Average Shares": 61756000.0,
        "Basic Average Shares": 61607000.0,
        "Diluted EPS": 0.51,
        "Basic EPS": 0.51,
        "Diluted NI Availto Com Stockholders": 31335000.0,
        "Net Income Common Stockholders": 31335000.0,
        "Net Income": 31335000.0,
        "Net Income Including Noncontrolling Interests": 31335000.0,
        "Net Income Continuous Operations": 31335000.0,
        "Tax Provision": 9934000.0,
        "Pretax Income": 41269000.0,
        "Other Income Expense": -2497000.0,
        "Other Non Operating Income Expenses": -2497000.0,
        "Special Income Charges": NaN,
        "Gain On Sale Of Ppe": NaN,
        "Net Non Operating Interest Income Expense": -10791000.0,
        "Interest Expense Non Operating": 10791000.0,
        "Operating Income": 54557000.0,
        "Operating Expense": 155664000.0,
        "Depreciation Amortization Depletion Income Statement": 22690000.0,
        "Depreciation And Amortization In Income Statement": 22690000.0,
        "Amortization": 22690000.0,
        "Amortization Of Intangibles Income Statement": 22690000.0,
        "Selling General And Administration": 132974000.0,
        "Gross Profit": 210221000.0,
        "Cost Of Revenue": 915564000.0,
        "Total Revenue": 1125785000.0,
        "Operating Revenue": 1125785000.0
    },
    "2023-06-30": {
        "Tax Effect Of Unusual Items": 0.0,
        "Tax Rate For Calcs": 0.151,
        "Normalized EBITDA": 91585000.0,
        "Net Income From Continuing Operation Net Minority Interest": 30863000.0,
        "Reconciled Depreciation": 34202000.0,
        "Reconciled Cost Of Revenue": 913542000.0,
        "EBITDA": 91585000.0,
        "EBIT": 57383000.0,
        "Net Interest Income": -21026000.0,
        "Interest Expense": 21026000.0,
        "Normalized Income": 30863000.0,
        "Net Income From Continuing And Discontinued Operation": 30863000.0,
        "Total Expenses": 1130289000.0,
        "Total Operating Income As Reported": 58388000.0,
        "Diluted NI Availto Com Stockholders": 30863000.0,
        "Net Income Common Stockholders": 30863000.0,
        "Net Income": 30863000.0,
        "Net Income Including Noncontrolling Interests": 30863000.0,
        "Net Income Continuous Operations": 30863000.0,
        "Tax Provision": 5494000.0,
        "Pretax Income": 36357000.0,
        "Other Income Expense": -1005000.0,
        "Other Non Operating Income Expenses": -1005000.0,
        "Net Non Operating Interest Income Expense": -21026000.0,
        "Interest Expense Non Operating": 21026000.0,
        "Operating Income": 58388000.0,
        "Operating Expense": 205976000.0,
        "Depreciation Amortization Depletion Income Statement": 23431000.0,
        "Depreciation And Amortization In Income Statement": 23431000.0,
        "Amortization": 23431000.0,
        "Amortization Of Intangibles Income Statement": 23431000.0,
        "Selling General And Administration": 182545000.0,
        "Gross Profit": 264364000.0,
        "Cost Of Revenue": 924313000.0,
        "Total Revenue": 1188677000.0,
        "Operating Revenue": 1188677000.0
    },
    "2022-03-31": {
        "Diluted EPS": 0.8,
        "Total Revenue": NaN,
        "Gross Profit": 228,
        "Operating Income": 75,
        "EBIT": 109,
        "Net Income": 50
    },
    "2021-12-31": {
        "Diluted EPS": 0.85,
        "Total Revenue": NaN,
        "Gross Profit": 228,
        "Operating Income": 82,
        "EBIT": 116,
        "Net Income": 53
    },
    "2021-09-30": {
        "Diluted EPS": 0.84,
        "Total Revenue": NaN,
        "Gross Profit": 218,
        "Operating Income": 68,
        "EBIT": 102,
        "Net Income": 52
    },
    "2021-06-30": {
        "Diluted EPS": 1.51,
        "Total Revenue": NaN,
        "Gross Profit": 292,
        "Operating Income": 140,
        "EBIT": 163,
        "Net Income": 94
    },
    "2021-03-31": {
        "Diluted EPS": 1.29,
        "Total Revenue": 959,
        "Gross Profit": 231,
        "Operating Income": 113,
        "EBIT": 129,
        "Net Income": 81
    },
    "2020-12-31": {
        "Diluted EPS": 1.03,
        "Total Revenue": 946,
        "Gross Profit": 206,
        "Operating Income": 88,
        "EBIT": 106,
        "Net Income": 64
    },
    "2020-09-30": {
        "Diluted EPS": 1.01,
        "Total Revenue": 924,
        "Gross Profit": 197,
        "Operating Income": 85,
        "EBIT": 110,
        "Net Income": 64
    },
    "2020-06-30": {
        "Diluted EPS": 1.04,
        "Total Revenue": 901,
        "Gross Profit": 186,
        "Operating Income": 87,
        "EBIT": 112,
        "Net Income": 64
    },
    "2020-03-31": {
        "Diluted EPS": 0.43,
        "Total Revenue": 818,
        "Gross Profit": 153,
        "Operating Income": 37,
        "EBIT": 62,
        "Net Income": 28
    },
    "2019-12-31": {
        "Diluted EPS": 0.91,
        "Total Revenue": 818,
        "Gross Profit": 175,
        "Operating Income": 79,
        "EBIT": 104,
        "Net Income": 59
    },
    "2019-09-30": {
        "Diluted EPS": 0.93,
        "Total Revenue": 755,
        "Gross Profit": 168,
        "Operating Income": 78,
        "EBIT": 104,
        "Net Income": 60
    },
    "2019-06-30": {
        "Diluted EPS": 0.97,
        "Total Revenue": 731,
        "Gross Profit": 174,
        "Operating Income": 84,
        "EBIT": 105,
        "Net Income": 63
    },
    "2019-03-31": {
        "Diluted EPS": 0.96,
        "Total Revenue": 737,
        "Gross Profit": 169,
        "Operating Income": 82,
        "EBIT": 102,
        "Net Income": 62
    },
    "2018-12-31": {
        "Diluted EPS": 0.86,
        "Total Revenue": 665,
        "Gross Profit": 159,
        "Operating Income": 74,
        "EBIT": 91,
        "Net Income": 56
    },
    "2018-09-30": {
        "Diluted EPS": 0.71,
        "Total Revenue": 558,
        "Gross Profit": 139,
        "Operating Income": 62,
        "EBIT": 76,
        "Net Income": 46
    },
    "2018-06-30": {
        "Diluted EPS": 0.91,
        "Total Revenue": 598,
        "Gross Profit": 155,
        "Operating Income": 83,
        "EBIT": 98,
        "Net Income": 60
    },
    "2018-03-31": {
        "Diluted EPS": 0.84,
        "Total Revenue": 613,
        "Gross Profit": 149,
        "Operating Income": 71,
        "EBIT": 87,
        "Net Income": 55
    },
    "2017-12-31": {
        "Diluted EPS": 0.89,
        "Total Revenue": 623,
        "Gross Profit": 152,
        "Operating Income": 80,
        "EBIT": 96,
        "Net Income": 59
    },
    "2017-09-30": {
        "Diluted EPS": 0.8,
        "Total Revenue": 621,
        "Gross Profit": 163,
        "Operating Income": 78,
        "EBIT": 93,
        "Net Income": 53
    },
    "2017-06-30": {
        "Diluted EPS": 0.86,
        "Total Revenue": 600,
        "Gross Profit": 152,
        "Operating Income": 82,
        "EBIT": 98,
        "Net Income": 57
    },
    "2017-03-31": {
        "Diluted EPS": 0.8,
        "Total Revenue": 622,
        "Gross Profit": 152,
        "Operating Income": 80,
        "EBIT": 99,
        "Net Income": 53
    },
    "2016-12-31": {
        "Diluted EPS": 0.71,
        "Total Revenue": 608,
        "Gross Profit": 145,
        "Operating Income": 74,
        "EBIT": 92,
        "Net Income": 47
    },
    "2016-09-30": {
        "Diluted EPS": 0.76,
        "Total Revenue": 623,
        "Gross Profit": 153,
        "Operating Income": 81,
        "EBIT": 104,
        "Net Income": 51
    },
    "2016-06-30": {
        "Diluted EPS": 0.79,
        "Total Revenue": 617,
        "Gross Profit": 151,
        "Operating Income": 85,
        "EBIT": 102,
        "Net Income": 52
    },
    "2016-03-31": {
        "Diluted EPS": 0.74,
        "Total Revenue": 606,
        "Gross Profit": 148,
        "Operating Income": 78,
        "EBIT": 94,
        "Net Income": 49
    },
    "2015-12-31": {
        "Diluted EPS": 0.4,
        "Total Revenue": 557,
        "Gross Profit": 110,
        "Operating Income": 43,
        "EBIT": 59,
        "Net Income": 27
    },
    "2015-09-30": {
        "Diluted EPS": 0.52,
        "Total Revenue": 579,
        "Gross Profit": 125,
        "Operating Income": 62,
        "EBIT": 74,
        "Net Income": 35
    },
    "2015-06-30": {
        "Diluted EPS": 0.62,
        "Total Revenue": 572,
        "Gross Profit": 144,
        "Operating Income": 71,
        "EBIT": 88,
        "Net Income": 42
    },
    "2015-03-31": {
        "Diluted EPS": 0.58,
        "Total Revenue": 482,
        "Gross Profit": 124,
        "Operating Income": 62,
        "EBIT": 76,
        "Net Income": 39
    },
    "2014-12-31": {
        "Diluted EPS": 0.63,
        "Total Revenue": 467,
        "Gross Profit": 119,
        "Operating Income": 65,
        "EBIT": 78,
        "Net Income": 42
    },
    "2014-09-30": {
        "Diluted EPS": 0.54,
        "Total Revenue": 435,
        "Gross Profit": 113,
        "Operating Income": 52,
        "EBIT": 64,
        "Net Income": 36
    },
    "2014-06-30": {
        "Diluted EPS": 0.49,
        "Total Revenue": 420,
        "Gross Profit": 113,
        "Operating Income": 55,
        "EBIT": 68,
        "Net Income": 34
    },
    "2014-03-31": {
        "Diluted EPS": 0.59,
        "Total Revenue": 439,
        "Gross Profit": 121,
        "Operating Income": 65,
        "EBIT": 77,
        "Net Income": 41
    },
    "2013-12-31": {
        "Diluted EPS": 0.49,
        "Total Revenue": 407,
        "Gross Profit": 106,
        "Operating Income": 53,
        "EBIT": 65,
        "Net Income": 34
    },
    "2013-09-30": {
        "Diluted EPS": 0.51,
        "Total Revenue": 384,
        "Gross Profit": 117,
        "Operating Income": 56,
        "EBIT": 66,
        "Net Income": 36
    },
    "2013-06-30": {
        "Diluted EPS": 0.4,
        "Total Revenue": 334,
        "Gross Profit": 95,
        "Operating Income": 44,
        "EBIT": 52,
        "Net Income": 28
    },
    "2013-03-31": {
        "Diluted EPS": 0.45,
        "Total Revenue": 326,
        "Gross Profit": 97,
        "Operating Income": 51,
        "EBIT": 59,
        "Net Income": 32
    },
    "2012-12-31": {
        "Diluted EPS": 0.31,
        "Total Revenue": 286,
        "Gross Profit": 77,
        "Operating Income": 34,
        "EBIT": 44,
        "Net Income": 21
    },
    "2012-09-30": {
        "Diluted EPS": 0.34,
        "Total Revenue": 301,
        "Gross Profit": 85,
        "Operating Income": 40,
        "EBIT": 48,
        "Net Income": 24
    },
    "2012-06-30": {
        "Diluted EPS": 0.29,
        "Total Revenue": 266,
        "Gross Profit": 79,
        "Operating Income": 33,
        "EBIT": 40,
        "Net Income": 20
    },
    "2012-03-31": {
        "Diluted EPS": 0.21,
        "Total Revenue": 243,
        "Gross Profit": 65,
        "Operating Income": 27,
        "EBIT": 33,
        "Net Income": 14
    },
    "2011-12-31": {
        "Diluted EPS": 0.26,
        "Total Revenue": 240,
        "Gross Profit": 60,
        "Operating Income": 27,
        "EBIT": 33,
        "Net Income": 18
    },
    "2011-09-30": {
        "Diluted EPS": 0.36,
        "Total Revenue": 250,
        "Gross Profit": 68,
        "Operating Income": 35,
        "EBIT": 41,
        "Net Income": 26
    },
    "2011-06-30": {
        "Diluted EPS": 0.28,
        "Total Revenue": 238,
        "Gross Profit": 66,
        "Operating Income": 31,
        "EBIT": 36,
        "Net Income": 20
    },
    "2011-03-31": {
        "Diluted EPS": 0.26,
        "Total Revenue": 227,
        "Gross Profit": 63,
        "Operating Income": 29,
        "EBIT": 35,
        "Net Income": 18
    },
    "2010-12-31": {
        "Diluted EPS": 0.25,
        "Total Revenue": 214,
        "Gross Profit": 56,
        "Operating Income": 27,
        "EBIT": 33,
        "Net Income": 17
    },
    "2010-09-30": {
        "Diluted EPS": 0.31,
        "Total Revenue": 213,
        "Gross Profit": 61,
        "Operating Income": 30,
        "EBIT": 35,
        "Net Income": 22
    },
    "2010-06-30": {
        "Diluted EPS": 0.24,
        "Total Revenue": 212,
        "Gross Profit": 57,
        "Operating Income": 25,
        "EBIT": 30,
        "Net Income": 17
    },
    "2010-03-31": {
        "Diluted EPS": 0.26,
        "Total Revenue": 204,
        "Gross Profit": 51,
        "Operating Income": 28,
        "EBIT": 32,
        "Net Income": 19
    },
    "2009-12-31": {
        "Diluted EPS": 0.18,
        "Total Revenue": 203,
        "Gross Profit": 52,
        "Operating Income": 24,
        "EBIT": 29,
        "Net Income": 13
    },
    "2009-09-30": {
        "Diluted EPS": 0.12,
        "Total Revenue": 197,
        "Gross Profit": 50,
        "Operating Income": 22,
        "EBIT": 26,
        "Net Income": 9
    },
    "2009-06-30": {
        "Diluted EPS": 0.21,
        "Total Revenue": 176,
        "Gross Profit": 48,
        "Operating Income": 26,
        "EBIT": 29,
        "Net Income": 15
    },
    "2009-03-31": {
        "Diluted EPS": 0.16,
        "Total Revenue": 177,
        "Gross Profit": 47,
        "Operating Income": 19,
        "EBIT": 22,
        "Net Income": 11
    },
    "2023-09-30": {
        "Tax Effect Of Unusual Items": 0.0,
        "Tax Rate For Calcs": 0.243415,
        "Normalized EBITDA": 140307000.0,
        "Net Income From Continuing Operation Net Minority Interest": 59146000.0,
        "Reconciled Depreciation": 41625000.0,
        "Reconciled Cost Of Revenue": 951426000.0,
        "EBITDA": 140307000.0,
        "EBIT": 98682000.0,
        "Net Interest Income": -20507000.0,
        "Interest Expense": 20507000.0,
        "Normalized Income": 59146000.0,
        "Net Income From Continuing And Discontinued Operation": 59146000.0,
        "Total Expenses": 1160829000.0,
        "Total Operating Income As Reported": 99124000.0,
        "Diluted NI Availto Com Stockholders": 59146000.0,
        "Net Income Common Stockholders": 59146000.0,
        "Net Income": 59146000.0,
        "Net Income Including Noncontrolling Interests": 59146000.0,
        "Net Income Continuous Operations": 59146000.0,
        "Tax Provision": 19029000.0,
        "Pretax Income": 78175000.0,
        "Other Income Expense": -442000.0,
        "Other Non Operating Income Expenses": -442000.0,
        "Net Non Operating Interest Income Expense": -20507000.0,
        "Interest Expense Non Operating": 20507000.0,
        "Operating Income": 99124000.0,
        "Operating Expense": 191770000.0,
        "Depreciation Amortization Depletion Income Statement": 23992000.0,
        "Depreciation And Amortization In Income Statement": 23992000.0,
        "Amortization": 23992000.0,
        "Amortization Of Intangibles Income Statement": 23992000.0,
        "Selling General And Administration": 167778000.0,
        "Gross Profit": 290894000.0,
        "Cost Of Revenue": 969059000.0,
        "Total Revenue": 1259953000.0,
        "Operating Revenue": 1259953000.0
    }
}