{
    "2023-06-30": {
        "Tax Effect Of Unusual Items": -254996.787149,
        "Tax Rate For Calcs": 0.186948,
        "Normalized EBITDA": 54998000.0,
        "Total Unusual Items": -1364000.0,
        "Total Unusual Items Excluding Goodwill": -1364000.0,
        "Net Income From Continuing Operation Net Minority Interest": 20245000.0,
        "Reconciled Depreciation": 25052000.0,
        "Reconciled Cost Of Revenue": 167274000.0,
        "EBITDA": 53634000.0,
        "EBIT": 28582000.0,
        "Net Interest Income": -3461000.0,
        "Interest Expense": 3682000.0,
        "Interest Income": 221000.0,
        "Normalized Income": 21354003.212851,
        "Net Income From Continuing And Discontinued Operation": 20245000.0,
        "Total Expenses": 289880000.0,
        "Total Operating Income As Reported": 28812000.0,
        "Diluted Average Shares": 58473000.0,
        "Basic Average Shares": 57537000.0,
        "Diluted EPS": 0.35,
        "Basic EPS": 0.35,
        "Diluted NI Availto Com Stockholders": 20245000.0,
        "Net Income Common Stockholders": 20245000.0,
        "Net Income": 20245000.0,
        "Net Income Including Noncontrolling Interests": 20245000.0,
        "Net Income Continuous Operations": 20245000.0,
        "Tax Provision": 4655000.0,
        "Pretax Income": 24900000.0,
        "Other Income Expense": -1815000.0,
        "Other Non Operating Income Expenses": -451000.0,
        "Special Income Charges": -1364000.0,
        "Other Special Charges": 1550000.0,
        "Write Off": NaN,
        "Impairment Of Capital Assets": 270000.0,
        "Restructuring And Mergern Acquisition": 1094000.0,
        "Net Non Operating Interest Income Expense": -3461000.0,
        "Interest Expense Non Operating": 3682000.0,
        "Interest Income Non Operating": 221000.0,
        "Operating Income": 30176000.0,
        "Operating Expense": 122606000.0,
        "Research And Development": 21679000.0,
        "Selling General And Administration": 100927000.0,
        "Gross Profit": 152782000.0,
        "Cost Of Revenue": 167274000.0,
        "Total Revenue": 320056000.0,
        "Operating Revenue": 320056000.0
    },
    "2023-03-31": {
        "Tax Effect Of Unusual Items": -98009.294118,
        "Tax Rate For Calcs": 0.188118,
        "Normalized EBITDA": 51231000.0,
        "Total Unusual Items": -521000.0,
        "Total Unusual Items Excluding Goodwill": -521000.0,
        "Net Income From Continuing Operation Net Minority Interest": 20703000.0,
        "Reconciled Depreciation": 23199000.0,
        "Reconciled Cost Of Revenue": 159203000.0,
        "EBITDA": 50710000.0,
        "EBIT": 27511000.0,
        "Net Interest Income": -1880000.0,
        "Interest Expense": 2011000.0,
        "Interest Income": 131000.0,
        "Normalized Income": 21125990.705882,
        "Net Income From Continuing And Discontinued Operation": 20703000.0,
        "Total Expenses": 270661000.0,
        "Total Operating Income As Reported": 26383000.0,
        "Diluted Average Shares": 58183000.0,
        "Basic Average Shares": 57352000.0,
        "Diluted EPS": 0.36,
        "Basic EPS": 0.36,
        "Diluted NI Availto Com Stockholders": 20703000.0,
        "Net Income Common Stockholders": 20703000.0,
        "Net Income": 20703000.0,
        "Net Income Including Noncontrolling Interests": 20703000.0,
        "Net Income Continuous Operations": 20703000.0,
        "Tax Provision": 4797000.0,
        "Pretax Income": 25500000.0,
        "Other Income Expense": 476000.0,
        "Other Non Operating Income Expenses": 997000.0,
        "Special Income Charges": -521000.0,
        "Other Special Charges": NaN,
        "Write Off": NaN,
        "Impairment Of Capital Assets": 0.0,
        "Restructuring And Mergern Acquisition": 521000.0,
        "Net Non Operating Interest Income Expense": -1880000.0,
        "Interest Expense Non Operating": 2011000.0,
        "Interest Income Non Operating": 131000.0,
        "Operating Income": 26904000.0,
        "Operating Expense": 111458000.0,
        "Research And Development": 21314000.0,
        "Selling General And Administration": 90144000.0,
        "Gross Profit": 138362000.0,
        "Cost Of Revenue": 159203000.0,
        "Total Revenue": 297565000.0,
        "Operating Revenue": 297565000.0
    },
    "2022-12-31": {
        "Tax Effect Of Unusual Items": -95760.0,
        "Tax Rate For Calcs": 0.21,
        "Normalized EBITDA": 55836000.0,
        "Total Unusual Items": -456000.0,
        "Total Unusual Items Excluding Goodwill": -456000.0,
        "Net Income From Continuing Operation Net Minority Interest": 33401000.0,
        "Reconciled Depreciation": 23067000.0,
        "Reconciled Cost Of Revenue": 158863000.0,
        "EBITDA": 55380000.0,
        "EBIT": 32313000.0,
        "Net Interest Income": -2035000.0,
        "Interest Expense": 2158000.0,
        "Interest Income": 123000.0,
        "Normalized Income": 33761240.0,
        "Net Income From Continuing And Discontinued Operation": 33401000.0,
        "Total Expenses": 262542000.0,
        "Total Operating Income As Reported": 30417000.0,
        "Diluted Average Shares": 57963000.0,
        "Basic Average Shares": 57098000.0,
        "Diluted EPS": 0.58,
        "Basic EPS": 0.58,
        "Diluted NI Availto Com Stockholders": 33401000.0,
        "Net Income Common Stockholders": 33401000.0,
        "Net Income": 33401000.0,
        "Net Income Including Noncontrolling Interests": 33401000.0,
        "Net Income Continuous Operations": 33401000.0,
        "Tax Provision": -3246000.0,
        "Pretax Income": 30155000.0,
        "Other Income Expense": 1317000.0,
        "Other Non Operating Income Expenses": 1773000.0,
        "Special Income Charges": -456000.0,
        "Other Special Charges": 0.0,
        "Write Off": NaN,
        "Impairment Of Capital Assets": 547000.0,
        "Restructuring And Mergern Acquisition": -91000.0,
        "Net Non Operating Interest Income Expense": -2035000.0,
        "Interest Expense Non Operating": 2158000.0,
        "Interest Income Non Operating": 123000.0,
        "Operating Income": 30873000.0,
        "Operating Expense": 103679000.0,
        "Research And Development": 20436000.0,
        "Selling General And Administration": 83243000.0,
        "Gross Profit": 134552000.0,
        "Cost Of Revenue": 158863000.0,
        "Total Revenue": 293415000.0,
        "Operating Revenue": 293415000.0
    },
    "2022-09-30": {
        "Tax Effect Of Unusual Items": -121119.759118,
        "Tax Rate For Calcs": 0.132371,
        "Normalized EBITDA": 43456000.0,
        "Total Unusual Items": -915000.0,
        "Total Unusual Items Excluding Goodwill": -915000.0,
        "Net Income From Continuing Operation Net Minority Interest": 15272000.0,
        "Reconciled Depreciation": 23108000.0,
        "Reconciled Cost Of Revenue": 158602000.0,
        "EBITDA": 42541000.0,
        "EBIT": 19433000.0,
        "Net Interest Income": -1715000.0,
        "Interest Expense": 1831000.0,
        "Interest Income": 116000.0,
        "Normalized Income": 16065880.240882,
        "Net Income From Continuing And Discontinued Operation": 15272000.0,
        "Total Expenses": 267603000.0,
        "Total Operating Income As Reported": 18657000.0,
        "Diluted Average Shares": 57586000.0,
        "Basic Average Shares": 56835000.0,
        "Diluted EPS": 0.27,
        "Basic EPS": 0.27,
        "Diluted NI Availto Com Stockholders": 15272000.0,
        "Net Income Common Stockholders": 15272000.0,
        "Net Income": 15272000.0,
        "Net Income Including Noncontrolling Interests": 15272000.0,
        "Net Income Continuous Operations": 15272000.0,
        "Tax Provision": 2330000.0,
        "Pretax Income": 17602000.0,
        "Other Income Expense": -255000.0,
        "Other Non Operating Income Expenses": 660000.0,
        "Special Income Charges": -915000.0,
        "Other Special Charges": NaN,
        "Write Off": NaN,
        "Impairment Of Capital Assets": 0.0,
        "Restructuring And Mergern Acquisition": 915000.0,
        "Net Non Operating Interest Income Expense": -1715000.0,
        "Interest Expense Non Operating": 1831000.0,
        "Interest Income Non Operating": 116000.0,
        "Operating Income": 19572000.0,
        "Operating Expense": 109001000.0,
        "Research And Development": 19221000.0,
        "Selling General And Administration": 89780000.0,
        "Gross Profit": 128573000.0,
        "Cost Of Revenue": 158602000.0,
        "Total Revenue": 287175000.0,
        "Operating Revenue": 287175000.0
    },
    "2022-06-30": {
        "Tax Effect Of Unusual Items": -309809.236269,
        "Tax Rate For Calcs": 0.261002,
        "Normalized EBITDA": 46209000.0,
        "Total Unusual Items": -1187000.0,
        "Total Unusual Items Excluding Goodwill": -1187000.0,
        "Net Income From Continuing Operation Net Minority Interest": 15298000.0,
        "Reconciled Depreciation": 22973000.0,
        "Reconciled Cost Of Revenue": 159909000.0,
        "EBITDA": 45022000.0,
        "EBIT": 22049000.0,
        "Net Interest Income": -1252000.0,
        "Interest Expense": 1348000.0,
        "Interest Income": 96000.0,
        "Normalized Income": 16175190.763731,
        "Net Income From Continuing And Discontinued Operation": 15298000.0,
        "Total Expenses": 270533000.0,
        "Total Operating Income As Reported": 23256000.0,
        "Diluted Average Shares": 57600000.0,
        "Basic Average Shares": 56691000.0,
        "Diluted EPS": 0.27,
        "Basic EPS": 0.27,
        "Diluted NI Availto Com Stockholders": 15298000.0,
        "Net Income Common Stockholders": 15298000.0,
        "Net Income": 15298000.0,
        "Net Income Including Noncontrolling Interests": 15298000.0,
        "Net Income Continuous Operations": 15298000.0,
        "Tax Provision": 5403000.0,
        "Pretax Income": 20701000.0,
        "Other Income Expense": -2490000.0,
        "Other Non Operating Income Expenses": -1303000.0,
        "Special Income Charges": -1187000.0,
        "Other Special Charges": 6671000.0,
        "Impairment Of Capital Assets": 0.0,
        "Restructuring And Mergern Acquisition": 1187000.0,
        "Net Non Operating Interest Income Expense": -1252000.0,
        "Interest Expense Non Operating": 1348000.0,
        "Interest Income Non Operating": 96000.0,
        "Operating Income": 24443000.0,
        "Operating Expense": 110624000.0,
        "Research And Development": 25137000.0,
        "Selling General And Administration": 85487000.0,
        "Gross Profit": 135067000.0,
        "Cost Of Revenue": 159909000.0,
        "Total Revenue": 294976000.0,
        "Operating Revenue": 294976000.0
    },
    "2022-03-31": {
        "Diluted EPS": 0.18,
        "Total Revenue": 275,
        "Gross Profit": 121,
        "Operating Income": 15,
        "EBIT": 38,
        "Net Income": 11
    },
    "2021-12-31": {
        "Diluted EPS": 0.35,
        "Total Revenue": 278,
        "Gross Profit": 129,
        "Operating Income": 22,
        "EBIT": 46,
        "Net Income": 21
    },
    "2021-09-30": {
        "Diluted EPS": 0.21,
        "Total Revenue": 267,
        "Gross Profit": 120,
        "Operating Income": 16,
        "EBIT": 40,
        "Net Income": 12
    },
    "2021-06-30": {
        "Diluted EPS": 0.09,
        "Total Revenue": 280,
        "Gross Profit": 124,
        "Operating Income": 9,
        "EBIT": 33,
        "Net Income": 5
    },
    "2021-03-31": {
        "Diluted EPS": 0.19,
        "Total Revenue": 249,
        "Gross Profit": 112,
        "Operating Income": 14,
        "EBIT": 39,
        "Net Income": 11
    },
    "2020-12-31": {
        "Diluted EPS": 0.27,
        "Total Revenue": 258,
        "Gross Profit": 111,
        "Operating Income": 16,
        "EBIT": 43,
        "Net Income": 15
    },
    "2020-09-30": {
        "Diluted EPS": -0.05,
        "Total Revenue": 244,
        "Gross Profit": 102,
        "Operating Income": 0,
        "EBIT": 27,
        "Net Income": -3
    },
    "2020-06-30": {
        "Diluted EPS": -0.34,
        "Total Revenue": 218,
        "Gross Profit": 84,
        "Operating Income": -19,
        "EBIT": 8,
        "Net Income": -19
    },
    "2020-03-31": {
        "Diluted EPS": -0.06,
        "Total Revenue": 244,
        "Gross Profit": 104,
        "Operating Income": 1,
        "EBIT": 28,
        "Net Income": -3
    },
    "2019-12-31": {
        "Diluted EPS": -0.07,
        "Total Revenue": 258,
        "Gross Profit": 112,
        "Operating Income": -3,
        "EBIT": 23,
        "Net Income": -4
    },
    "2019-09-30": {
        "Diluted EPS": -0.06,
        "Total Revenue": 243,
        "Gross Profit": 104,
        "Operating Income": -3,
        "EBIT": 24,
        "Net Income": -3
    },
    "2019-06-30": {
        "Diluted EPS": 0.12,
        "Total Revenue": 256,
        "Gross Profit": 112,
        "Operating Income": 12,
        "EBIT": 38,
        "Net Income": 7
    },
    "2019-03-31": {
        "Diluted EPS": 0.11,
        "Total Revenue": 238,
        "Gross Profit": 105,
        "Operating Income": 10,
        "EBIT": 35,
        "Net Income": 6
    },
    "2018-12-31": {
        "Diluted EPS": 0.17,
        "Total Revenue": 233,
        "Gross Profit": 105,
        "Operating Income": 14,
        "EBIT": 33,
        "Net Income": 9
    },
    "2018-09-30": {
        "Diluted EPS": 0.3,
        "Total Revenue": 222,
        "Gross Profit": 102,
        "Operating Income": 21,
        "EBIT": 39,
        "Net Income": 17
    },
    "2018-06-30": {
        "Diluted EPS": 0.21,
        "Total Revenue": 225,
        "Gross Profit": 100,
        "Operating Income": 15,
        "EBIT": 33,
        "Net Income": 11
    },
    "2018-03-31": {
        "Diluted EPS": 0.1,
        "Total Revenue": 203,
        "Gross Profit": 88,
        "Operating Income": 9,
        "EBIT": 24,
        "Net Income": 5
    },
    "2017-12-31": {
        "Diluted EPS": 0.11,
        "Total Revenue": 191,
        "Gross Profit": 86,
        "Operating Income": 13,
        "EBIT": 28,
        "Net Income": 7
    },
    "2017-09-30": {
        "Diluted EPS": -0.07,
        "Total Revenue": 179,
        "Gross Profit": 81,
        "Operating Income": 1,
        "EBIT": 15,
        "Net Income": -4
    },
    "2017-06-30": {
        "Diluted EPS": 0.19,
        "Total Revenue": 187,
        "Gross Profit": 84,
        "Operating Income": 13,
        "EBIT": 26,
        "Net Income": 9
    },
    "2017-03-31": {
        "Diluted EPS": 0.32,
        "Total Revenue": 171,
        "Gross Profit": 76,
        "Operating Income": 6,
        "EBIT": 18,
        "Net Income": 15
    },
    "2016-12-31": {
        "Diluted EPS": 0.17,
        "Total Revenue": 158,
        "Gross Profit": 70,
        "Operating Income": 13,
        "EBIT": 25,
        "Net Income": 8
    },
    "2016-09-30": {
        "Diluted EPS": 0.02,
        "Total Revenue": 157,
        "Gross Profit": 68,
        "Operating Income": 3,
        "EBIT": 15,
        "Net Income": 1
    },
    "2016-06-30": {
        "Diluted EPS": 0.16,
        "Total Revenue": 151,
        "Gross Profit": 67,
        "Operating Income": 12,
        "EBIT": 22,
        "Net Income": 7
    },
    "2016-03-31": {
        "Diluted EPS": 0.1,
        "Total Revenue": 138,
        "Gross Profit": 60,
        "Operating Income": 8,
        "EBIT": 18,
        "Net Income": 4
    },
    "2015-12-31": {
        "Diluted EPS": 0.13,
        "Total Revenue": 138,
        "Gross Profit": 60,
        "Operating Income": 8,
        "EBIT": 18,
        "Net Income": 6
    },
    "2015-09-30": {
        "Diluted EPS": 0.11,
        "Total Revenue": 136,
        "Gross Profit": 59,
        "Operating Income": 9,
        "EBIT": 18,
        "Net Income": 5
    },
    "2015-06-30": {
        "Diluted EPS": 0.17,
        "Total Revenue": 138,
        "Gross Profit": 61,
        "Operating Income": 12,
        "EBIT": 22,
        "Net Income": 7
    },
    "2015-03-31": {
        "Diluted EPS": 0.12,
        "Total Revenue": 130,
        "Gross Profit": 55,
        "Operating Income": 9,
        "EBIT": 18,
        "Net Income": 5
    },
    "2014-12-31": {
        "Diluted EPS": 0.19,
        "Total Revenue": 133,
        "Gross Profit": 60,
        "Operating Income": 14,
        "EBIT": 24,
        "Net Income": 9
    },
    "2014-09-30": {
        "Diluted EPS": 0.18,
        "Total Revenue": 129,
        "Gross Profit": 57,
        "Operating Income": 12,
        "EBIT": 21,
        "Net Income": 8
    },
    "2014-06-30": {
        "Diluted EPS": 0.09,
        "Total Revenue": 129,
        "Gross Profit": 56,
        "Operating Income": 7,
        "EBIT": 16,
        "Net Income": 4
    },
    "2014-03-31": {
        "Diluted EPS": 0.07,
        "Total Revenue": 119,
        "Gross Profit": 52,
        "Operating Income": 6,
        "EBIT": 15,
        "Net Income": 3
    },
    "2013-12-31": {
        "Diluted EPS": 0.15,
        "Total Revenue": 120,
        "Gross Profit": 53,
        "Operating Income": 11,
        "EBIT": 20,
        "Net Income": 7
    },
    "2013-09-30": {
        "Diluted EPS": 0.13,
        "Total Revenue": 115,
        "Gross Profit": 51,
        "Operating Income": 8,
        "EBIT": 17,
        "Net Income": 6
    },
    "2013-06-30": {
        "Diluted EPS": 0.09,
        "Total Revenue": 110,
        "Gross Profit": 47,
        "Operating Income": 7,
        "EBIT": 15,
        "Net Income": 4
    },
    "2013-03-31": {
        "Diluted EPS": 0.02,
        "Total Revenue": 104,
        "Gross Profit": 43,
        "Operating Income": 2,
        "EBIT": 10,
        "Net Income": 1
    },
    "2012-12-31": {
        "Diluted EPS": 0.01,
        "Total Revenue": 102,
        "Gross Profit": 45,
        "Operating Income": 4,
        "EBIT": 10,
        "Net Income": 1
    },
    "2012-09-30": {
        "Diluted EPS": 0.17,
        "Total Revenue": 96,
        "Gross Profit": 45,
        "Operating Income": 9,
        "EBIT": 15,
        "Net Income": 7
    },
    "2012-06-30": {
        "Diluted EPS": 0.14,
        "Total Revenue": 101,
        "Gross Profit": 47,
        "Operating Income": 8,
        "EBIT": 14,
        "Net Income": 6
    },
    "2012-03-31": {
        "Diluted EPS": 0.14,
        "Total Revenue": 96,
        "Gross Profit": 44,
        "Operating Income": 8,
        "EBIT": 13,
        "Net Income": 6
    },
    "2011-12-31": {
        "Diluted EPS": 0.11,
        "Total Revenue": 91,
        "Gross Profit": 42,
        "Operating Income": 6,
        "EBIT": 11,
        "Net Income": 5
    },
    "2011-09-30": {
        "Diluted EPS": 0.11,
        "Total Revenue": 90,
        "Gross Profit": 41,
        "Operating Income": 7,
        "EBIT": 11,
        "Net Income": 5
    },
    "2011-06-30": {
        "Diluted EPS": 0.18,
        "Total Revenue": 91,
        "Gross Profit": 42,
        "Operating Income": 11,
        "EBIT": 15,
        "Net Income": 7
    },
    "2011-03-31": {
        "Diluted EPS": 0.18,
        "Total Revenue": 87,
        "Gross Profit": 40,
        "Operating Income": 10,
        "EBIT": 15,
        "Net Income": 7
    },
    "2010-12-31": {
        "Diluted EPS": 0.12,
        "Total Revenue": 81,
        "Gross Profit": 36,
        "Operating Income": 6,
        "EBIT": 10,
        "Net Income": 4
    },
    "2010-09-30": {
        "Diluted EPS": -0.06,
        "Total Revenue": 73,
        "Gross Profit": 31,
        "Operating Income": -3,
        "EBIT": 0,
        "Net Income": -2
    },
    "2010-06-30": {
        "Diluted EPS": 0.16,
        "Total Revenue": 75,
        "Gross Profit": 32,
        "Operating Income": 9,
        "EBIT": 12,
        "Net Income": 6
    },
    "2010-03-31": {
        "Diluted EPS": 0.13,
        "Total Revenue": 67,
        "Gross Profit": 28,
        "Operating Income": 6,
        "EBIT": 10,
        "Net Income": 5
    },
    "2009-12-31": {
        "Diluted EPS": 0.14,
        "Total Revenue": 67,
        "Gross Profit": 27,
        "Operating Income": 8,
        "EBIT": 11,
        "Net Income": 5
    },
    "2009-09-30": {
        "Diluted EPS": 0.17,
        "Total Revenue": 67,
        "Gross Profit": 29,
        "Operating Income": 8,
        "EBIT": 12,
        "Net Income": 6
    },
    "2009-06-30": {
        "Diluted EPS": 0.17,
        "Total Revenue": 65,
        "Gross Profit": 28,
        "Operating Income": 9,
        "EBIT": 12,
        "Net Income": 6
    },
    "2009-03-31": {
        "Diluted EPS": 0.15,
        "Total Revenue": 58,
        "Gross Profit": 25,
        "Operating Income": 8,
        "EBIT": 11,
        "Net Income": 6
    },
    "2023-09-30": {
        "Tax Effect Of Unusual Items": -81598.041162,
        "Tax Rate For Calcs": 0.145192,
        "Normalized EBITDA": 62354000.0,
        "Total Unusual Items": -562000.0,
        "Total Unusual Items Excluding Goodwill": -562000.0,
        "Net Income From Continuing Operation Net Minority Interest": 25834000.0,
        "Reconciled Depreciation": 26729000.0,
        "Reconciled Cost Of Revenue": 173031000.0,
        "EBITDA": 61792000.0,
        "EBIT": 35063000.0,
        "Net Interest Income": -4660000.0,
        "Interest Expense": 4841000.0,
        "Interest Income": 181000.0,
        "Normalized Income": 26314401.958838,
        "Net Income From Continuing And Discontinued Operation": 25834000.0,
        "Total Expenses": 279531000.0,
        "Total Operating Income As Reported": 35137000.0,
        "Diluted Average Shares": 58375000.0,
        "Basic Average Shares": 57682000.0,
        "Diluted EPS": 0.44,
        "Basic EPS": 0.45,
        "Diluted NI Availto Com Stockholders": 25834000.0,
        "Net Income Common Stockholders": 25834000.0,
        "Net Income": 25834000.0,
        "Net Income Including Noncontrolling Interests": 25834000.0,
        "Net Income Continuous Operations": 25834000.0,
        "Tax Provision": 4388000.0,
        "Pretax Income": 30222000.0,
        "Other Income Expense": -817000.0,
        "Other Non Operating Income Expenses": -255000.0,
        "Special Income Charges": -562000.0,
        "Other Special Charges": NaN,
        "Write Off": 0.0,
        "Impairment Of Capital Assets": 0.0,
        "Restructuring And Mergern Acquisition": 562000.0,
        "Net Non Operating Interest Income Expense": -4660000.0,
        "Interest Expense Non Operating": 4841000.0,
        "Interest Income Non Operating": 181000.0,
        "Operating Income": 35699000.0,
        "Operating Expense": 106500000.0,
        "Research And Development": 19646000.0,
        "Selling General And Administration": 86854000.0,
        "Gross Profit": 142199000.0,
        "Cost Of Revenue": 173031000.0,
        "Total Revenue": 315230000.0,
        "Operating Revenue": 315230000.0
    }
}