{
    "2023-03-31": {
        "Tax Effect Of Unusual Items": NaN,
        "Tax Rate For Calcs": NaN,
        "Normalized EBITDA": NaN,
        "Net Income From Continuing Operation Net Minority Interest": NaN,
        "Reconciled Depreciation": NaN,
        "Reconciled Cost Of Revenue": NaN,
        "EBITDA": NaN,
        "EBIT": NaN,
        "Net Interest Income": NaN,
        "Interest Expense": NaN,
        "Interest Income": NaN,
        "Normalized Income": NaN,
        "Net Income From Continuing And Discontinued Operation": NaN,
        "Total Expenses": NaN,
        "Total Operating Income As Reported": NaN,
        "Diluted Average Shares": 111101236.0,
        "Basic Average Shares": 109962769.0,
        "Diluted EPS": 0.05,
        "Basic EPS": 0.05,
        "Diluted NI Availto Com Stockholders": NaN,
        "Net Income Common Stockholders": NaN,
        "Net Income": NaN,
        "Minority Interests": NaN,
        "Net Income Including Noncontrolling Interests": NaN,
        "Net Income Continuous Operations": NaN,
        "Tax Provision": NaN,
        "Pretax Income": NaN,
        "Other Income Expense": NaN,
        "Earnings From Equity Interest": NaN,
        "Net Non Operating Interest Income Expense": NaN,
        "Interest Expense Non Operating": NaN,
        "Interest Income Non Operating": NaN,
        "Operating Income": NaN,
        "Operating Expense": NaN,
        "Other Operating Expenses": NaN,
        "Depreciation Amortization Depletion Income Statement": NaN,
        "Depreciation And Amortization In Income Statement": NaN,
        "Selling General And Administration": NaN,
        "Selling And Marketing Expense": NaN,
        "General And Administrative Expense": NaN,
        "Salaries And Wages": NaN,
        "Gross Profit": NaN,
        "Cost Of Revenue": NaN,
        "Total Revenue": NaN,
        "Operating Revenue": NaN
    },
    "2022-12-31": {
        "Tax Effect Of Unusual Items": NaN,
        "Tax Rate For Calcs": NaN,
        "Normalized EBITDA": NaN,
        "Net Income From Continuing Operation Net Minority Interest": NaN,
        "Reconciled Depreciation": NaN,
        "Reconciled Cost Of Revenue": NaN,
        "EBITDA": NaN,
        "EBIT": NaN,
        "Net Interest Income": NaN,
        "Interest Expense": NaN,
        "Interest Income": NaN,
        "Normalized Income": NaN,
        "Net Income From Continuing And Discontinued Operation": NaN,
        "Total Expenses": NaN,
        "Total Operating Income As Reported": NaN,
        "Diluted Average Shares": 111315305.0,
        "Basic Average Shares": 109866226.0,
        "Diluted EPS": 0.001,
        "Basic EPS": 0.001,
        "Diluted NI Availto Com Stockholders": NaN,
        "Net Income Common Stockholders": NaN,
        "Net Income": NaN,
        "Minority Interests": NaN,
        "Net Income Including Noncontrolling Interests": NaN,
        "Net Income Continuous Operations": NaN,
        "Tax Provision": NaN,
        "Pretax Income": NaN,
        "Other Income Expense": NaN,
        "Earnings From Equity Interest": NaN,
        "Net Non Operating Interest Income Expense": NaN,
        "Interest Expense Non Operating": NaN,
        "Interest Income Non Operating": NaN,
        "Operating Income": NaN,
        "Operating Expense": NaN,
        "Other Operating Expenses": NaN,
        "Depreciation Amortization Depletion Income Statement": NaN,
        "Depreciation And Amortization In Income Statement": NaN,
        "Selling General And Administration": NaN,
        "Selling And Marketing Expense": NaN,
        "General And Administrative Expense": NaN,
        "Salaries And Wages": NaN,
        "Gross Profit": NaN,
        "Cost Of Revenue": NaN,
        "Total Revenue": NaN,
        "Operating Revenue": NaN
    },
    "2022-09-30": {
        "Tax Effect Of Unusual Items": 0.0,
        "Tax Rate For Calcs": 0.054951,
        "Normalized EBITDA": 13732000.0,
        "Net Income From Continuing Operation Net Minority Interest": -6980000.0,
        "Reconciled Depreciation": 6773000.0,
        "Reconciled Cost Of Revenue": 32273000.0,
        "EBITDA": 13732000.0,
        "EBIT": 6959000.0,
        "Net Interest Income": -11109000.0,
        "Interest Expense": 14129000.0,
        "Interest Income": 3020000.0,
        "Normalized Income": -6980000.0,
        "Net Income From Continuing And Discontinued Operation": -6980000.0,
        "Total Expenses": 127355000.0,
        "Total Operating Income As Reported": 3899000.0,
        "Diluted Average Shares": 109689510.0,
        "Basic Average Shares": 109689510.0,
        "Diluted EPS": -0.06,
        "Basic EPS": -0.06,
        "Diluted NI Availto Com Stockholders": -6980000.0,
        "Net Income Common Stockholders": -6980000.0,
        "Net Income": -6980000.0,
        "Minority Interests": -204000.0,
        "Net Income Including Noncontrolling Interests": -6776000.0,
        "Net Income Continuous Operations": -6776000.0,
        "Tax Provision": -394000.0,
        "Pretax Income": -7170000.0,
        "Other Income Expense": 40000.0,
        "Earnings From Equity Interest": 40000.0,
        "Net Non Operating Interest Income Expense": -11109000.0,
        "Interest Expense Non Operating": 14129000.0,
        "Interest Income Non Operating": 3020000.0,
        "Operating Income": 3899000.0,
        "Operating Expense": 95082000.0,
        "Other Operating Expenses": 30103000.0,
        "Depreciation Amortization Depletion Income Statement": 6773000.0,
        "Depreciation And Amortization In Income Statement": 6773000.0,
        "Selling General And Administration": 58206000.0,
        "Selling And Marketing Expense": 24756000.0,
        "General And Administrative Expense": 33450000.0,
        "Salaries And Wages": 33450000.0,
        "Gross Profit": 98981000.0,
        "Cost Of Revenue": 32273000.0,
        "Total Revenue": 131254000.0,
        "Operating Revenue": 123942000.0
    },
    "2022-06-30": {
        "Tax Effect Of Unusual Items": 0.0,
        "Tax Rate For Calcs": 0.011261,
        "Normalized EBITDA": 12878000.0,
        "Net Income From Continuing Operation Net Minority Interest": -10098000.0,
        "Reconciled Depreciation": 6926000.0,
        "Reconciled Cost Of Revenue": 43346000.0,
        "EBITDA": 12878000.0,
        "EBIT": 5952000.0,
        "Net Interest Income": -14414000.0,
        "Interest Expense": 16075000.0,
        "Interest Income": 1661000.0,
        "Normalized Income": -10098000.0,
        "Net Income From Continuing And Discontinued Operation": -10098000.0,
        "Total Expenses": 138467000.0,
        "Total Operating Income As Reported": 4266000.0,
        "Diluted Average Shares": 109108911.0,
        "Basic Average Shares": 109108911.0,
        "Diluted EPS": -0.09,
        "Basic EPS": -0.09,
        "Diluted NI Availto Com Stockholders": -10098000.0,
        "Net Income Common Stockholders": -10098000.0,
        "Net Income": -10098000.0,
        "Minority Interests": -89000.0,
        "Net Income Including Noncontrolling Interests": -10009000.0,
        "Net Income Continuous Operations": -10009000.0,
        "Tax Provision": -114000.0,
        "Pretax Income": -10123000.0,
        "Other Income Expense": 25000.0,
        "Earnings From Equity Interest": 25000.0,
        "Net Non Operating Interest Income Expense": -14414000.0,
        "Interest Expense Non Operating": 16075000.0,
        "Interest Income Non Operating": 1661000.0,
        "Operating Income": 4266000.0,
        "Operating Expense": 95121000.0,
        "Other Operating Expenses": 31436000.0,
        "Depreciation Amortization Depletion Income Statement": 6926000.0,
        "Depreciation And Amortization In Income Statement": 6926000.0,
        "Selling General And Administration": 56759000.0,
        "Selling And Marketing Expense": 24771000.0,
        "General And Administrative Expense": 31988000.0,
        "Salaries And Wages": 31988000.0,
        "Gross Profit": 99387000.0,
        "Cost Of Revenue": 43346000.0,
        "Total Revenue": 142733000.0,
        "Operating Revenue": 135293000.0
    },
    "2023-06-30": {
        "Tax Effect Of Unusual Items": NaN,
        "Tax Rate For Calcs": NaN,
        "Normalized EBITDA": NaN,
        "Net Income From Continuing Operation Net Minority Interest": NaN,
        "Reconciled Depreciation": NaN,
        "Reconciled Cost Of Revenue": NaN,
        "EBITDA": NaN,
        "EBIT": NaN,
        "Net Interest Income": NaN,
        "Interest Expense": NaN,
        "Interest Income": NaN,
        "Normalized Income": NaN,
        "Net Income From Continuing And Discontinued Operation": NaN,
        "Total Expenses": NaN,
        "Total Operating Income As Reported": NaN,
        "Diluted Average Shares": 111695575.0,
        "Basic Average Shares": 110557553.0,
        "Diluted EPS": 0.17,
        "Basic EPS": 0.17,
        "Diluted NI Availto Com Stockholders": NaN,
        "Net Income Common Stockholders": NaN,
        "Net Income": NaN,
        "Minority Interests": NaN,
        "Net Income Including Noncontrolling Interests": NaN,
        "Net Income Continuous Operations": NaN,
        "Tax Provision": NaN,
        "Pretax Income": NaN,
        "Other Income Expense": NaN,
        "Earnings From Equity Interest": NaN,
        "Net Non Operating Interest Income Expense": NaN,
        "Interest Expense Non Operating": NaN,
        "Interest Income Non Operating": NaN,
        "Operating Income": NaN,
        "Operating Expense": NaN,
        "Other Operating Expenses": NaN,
        "Depreciation Amortization Depletion Income Statement": NaN,
        "Depreciation And Amortization In Income Statement": NaN,
        "Selling General And Administration": NaN,
        "Selling And Marketing Expense": NaN,
        "General And Administrative Expense": NaN,
        "Salaries And Wages": NaN,
        "Gross Profit": NaN,
        "Cost Of Revenue": NaN,
        "Total Revenue": NaN,
        "Operating Revenue": NaN
    },
    "2022-03-31": {
        "Diluted EPS": -0.05,
        "Total Revenue": 89,
        "Gross Profit": 71,
        "Operating Income": 3,
        "EBIT": 3,
        "Net Income": -4
    },
    "2021-12-31": {
        "Diluted EPS": -0.08,
        "Total Revenue": 115,
        "Gross Profit": 85,
        "Operating Income": -6,
        "EBIT": -6,
        "Net Income": -9
    },
    "2021-09-30": {
        "Diluted EPS": -0.07,
        "Total Revenue": 67,
        "Gross Profit": 59,
        "Operating Income": -8,
        "EBIT": -8,
        "Net Income": -8
    },
    "2021-06-30": {
        "Diluted EPS": -0.22,
        "Total Revenue": 33,
        "Gross Profit": 30,
        "Operating Income": -20,
        "EBIT": -20,
        "Net Income": -24
    },
    "2021-03-31": {
        "Diluted EPS": 0.03,
        "Total Revenue": 79,
        "Gross Profit": 65,
        "Operating Income": 0,
        "EBIT": 0,
        "Net Income": 3
    },
    "2020-12-31": {
        "Diluted EPS": -0.03,
        "Total Revenue": 57,
        "Gross Profit": 49,
        "Operating Income": -7,
        "EBIT": -7,
        "Net Income": -3
    },
    "2020-09-30": {
        "Diluted EPS": -0.2,
        "Total Revenue": 21,
        "Gross Profit": 20,
        "Operating Income": -26,
        "EBIT": -26,
        "Net Income": -21
    },
    "2020-06-30": {
        "Diluted EPS": -0.32,
        "Total Revenue": 6,
        "Gross Profit": 6,
        "Operating Income": -35,
        "EBIT": -35,
        "Net Income": -34
    },
    "2020-03-31": {
        "Diluted EPS": -3.22,
        "Total Revenue": 105,
        "Gross Profit": 78,
        "Operating Income": -330,
        "EBIT": -322,
        "Net Income": -339
    },
    "2019-12-31": {
        "Diluted EPS": -0.28,
        "Total Revenue": 147,
        "Gross Profit": 100,
        "Operating Income": -24,
        "EBIT": -24,
        "Net Income": -29
    },
    "2019-09-30": {
        "Diluted EPS": -0.35,
        "Total Revenue": 118,
        "Gross Profit": 87,
        "Operating Income": -32,
        "EBIT": -32,
        "Net Income": -37
    },
    "2019-06-30": {
        "Diluted EPS": -0.41,
        "Total Revenue": 142,
        "Gross Profit": 92,
        "Operating Income": -43,
        "EBIT": -43,
        "Net Income": -43
    },
    "2019-03-31": {
        "Diluted EPS": -0.38,
        "Total Revenue": 120,
        "Gross Profit": 81,
        "Operating Income": -31,
        "EBIT": -31,
        "Net Income": -40
    },
    "2018-12-31": {
        "Diluted EPS": -0.28,
        "Total Revenue": 125,
        "Gross Profit": 83,
        "Operating Income": -37,
        "EBIT": -37,
        "Net Income": -29
    },
    "2018-09-30": {
        "Diluted EPS": -0.45,
        "Total Revenue": 104,
        "Gross Profit": 71,
        "Operating Income": -40,
        "EBIT": -40,
        "Net Income": -47
    },
    "2018-06-30": {
        "Diluted EPS": -0.5,
        "Total Revenue": 137,
        "Gross Profit": 77,
        "Operating Income": -46,
        "EBIT": -46,
        "Net Income": -51
    },
    "2018-03-31": {
        "Diluted EPS": -0.42,
        "Total Revenue": 158,
        "Gross Profit": 121,
        "Operating Income": -42,
        "EBIT": -42,
        "Net Income": -43
    },
    "2017-12-31": {
        "Diluted EPS": -0.45,
        "Total Revenue": 172,
        "Gross Profit": 127,
        "Operating Income": -48,
        "EBIT": -48,
        "Net Income": -45
    },
    "2017-09-30": {
        "Diluted EPS": -0.61,
        "Total Revenue": 153,
        "Gross Profit": 119,
        "Operating Income": -62,
        "EBIT": -62,
        "Net Income": -62
    },
    "2017-06-30": {
        "Diluted EPS": -0.7,
        "Total Revenue": 192,
        "Gross Profit": 132,
        "Operating Income": -68,
        "EBIT": -68,
        "Net Income": -68
    },
    "2017-03-31": {
        "Diluted EPS": -1.11,
        "Total Revenue": 120,
        "Gross Profit": 85,
        "Operating Income": -75,
        "EBIT": -75,
        "Net Income": -73
    },
    "2016-12-31": {
        "Diluted EPS": 0.31,
        "Total Revenue": 123,
        "Gross Profit": 77,
        "Operating Income": -3,
        "EBIT": -3,
        "Net Income": 17
    },
    "2016-09-30": {
        "Diluted EPS": -0.95,
        "Total Revenue": 83,
        "Gross Profit": 53,
        "Operating Income": -29,
        "EBIT": -29,
        "Net Income": -39
    },
    "2016-06-30": {
        "Diluted EPS": -0.34,
        "Total Revenue": 121,
        "Gross Profit": 59,
        "Operating Income": -28,
        "EBIT": -28,
        "Net Income": -14
    },
    "2016-03-31": {
        "Diluted EPS": -1.2,
        "Total Revenue": 88,
        "Gross Profit": 51,
        "Operating Income": -34,
        "EBIT": -34,
        "Net Income": -50
    },
    "2015-12-31": {
        "Diluted EPS": -0.47,
        "Total Revenue": 89,
        "Gross Profit": 43,
        "Operating Income": -17,
        "EBIT": -17,
        "Net Income": -19
    },
    "2015-09-30": {
        "Diluted EPS": -0.29,
        "Total Revenue": 65,
        "Gross Profit": 36,
        "Operating Income": -9,
        "EBIT": -9,
        "Net Income": -12
    },
    "2015-06-30": {
        "Diluted EPS": -0.16,
        "Total Revenue": 94,
        "Gross Profit": 38,
        "Operating Income": -6,
        "EBIT": -6,
        "Net Income": -7
    },
    "2015-03-31": {
        "Diluted EPS": -0.14,
        "Total Revenue": 69,
        "Gross Profit": 36,
        "Operating Income": -4,
        "EBIT": -4,
        "Net Income": -4
    },
    "2014-12-31": {
        "Diluted EPS": -0.09,
        "Total Revenue": 76,
        "Gross Profit": 35,
        "Operating Income": -3,
        "EBIT": -3,
        "Net Income": -4
    },
    "2014-09-30": {
        "Diluted EPS": -0.11,
        "Total Revenue": 61,
        "Gross Profit": 32,
        "Operating Income": -4,
        "EBIT": -4,
        "Net Income": -5
    },
    "2014-06-30": {
        "Diluted EPS": -0.09,
        "Total Revenue": 95,
        "Gross Profit": 35,
        "Operating Income": -4,
        "EBIT": -4,
        "Net Income": -4
    },
    "2014-03-31": {
        "Diluted EPS": -0.07,
        "Total Revenue": 61,
        "Gross Profit": 29,
        "Operating Income": -3,
        "EBIT": -3,
        "Net Income": -3
    },
    "2013-12-31": {
        "Diluted EPS": -0.04,
        "Total Revenue": 70,
        "Gross Profit": 29,
        "Operating Income": -1,
        "EBIT": -1,
        "Net Income": -2
    },
    "2013-09-30": {
        "Diluted EPS": -0.2,
        "Total Revenue": 47,
        "Gross Profit": 23,
        "Operating Income": -6,
        "EBIT": -6,
        "Net Income": -7
    },
    "2013-06-30": {
        "Diluted EPS": -0.24,
        "Total Revenue": 77,
        "Gross Profit": 26,
        "Operating Income": -6,
        "EBIT": -6,
        "Net Income": -9
    },
    "2013-03-31": {
        "Diluted EPS": -0.54,
        "Total Revenue": 55,
        "Gross Profit": 22,
        "Operating Income": -9,
        "EBIT": -9,
        "Net Income": -20
    },
    "2012-12-31": {
        "Diluted EPS": -0.14,
        "Total Revenue": 64,
        "Gross Profit": 22,
        "Operating Income": -6,
        "EBIT": -6,
        "Net Income": -5
    },
    "2012-09-30": {
        "Diluted EPS": -0.03,
        "Total Revenue": 46,
        "Gross Profit": 20,
        "Operating Income": -3,
        "EBIT": -3,
        "Net Income": -1
    },
    "2012-06-30": {
        "Diluted EPS": -0.02,
        "Total Revenue": 64,
        "Gross Profit": 24,
        "Operating Income": 0,
        "EBIT": 0,
        "Net Income": -1
    },
    "2012-03-31": {
        "Diluted EPS": 0.16,
        "Total Revenue": 47,
        "Gross Profit": 22,
        "Operating Income": 0,
        "EBIT": 3,
        "Net Income": 6
    },
    "2011-12-31": {
        "Diluted EPS": 0.0,
        "Total Revenue": 54,
        "Gross Profit": 24,
        "Operating Income": 1,
        "EBIT": 1,
        "Net Income": 0
    },
    "2011-09-30": {
        "Diluted EPS": 0.0,
        "Total Revenue": 44,
        "Gross Profit": 21,
        "Operating Income": 1,
        "EBIT": 1,
        "Net Income": 0
    },
    "2011-06-30": {
        "Diluted EPS": 0.02,
        "Total Revenue": 52,
        "Gross Profit": 21,
        "Operating Income": 2,
        "EBIT": 2,
        "Net Income": 1
    },
    "2011-03-31": {
        "Diluted EPS": 0.1,
        "Total Revenue": 31,
        "Gross Profit": 31,
        "Operating Income": 31,
        "EBIT": 33,
        "Net Income": 4
    },
    "2010-12-31": {
        "Diluted EPS": 0.04,
        "Total Revenue": 36,
        "Gross Profit": 17,
        "Operating Income": 1,
        "EBIT": 1,
        "Net Income": 2
    },
    "2010-09-30": {
        "Diluted EPS": -0.07,
        "Total Revenue": 24,
        "Gross Profit": 13,
        "Operating Income": 0,
        "EBIT": 0,
        "Net Income": -2
    },
    "2010-06-30": {
        "Diluted EPS": -0.02,
        "Total Revenue": 41,
        "Gross Profit": 41,
        "Operating Income": 41,
        "EBIT": 41,
        "Net Income": -1
    },
    "2010-03-31": {
        "Diluted EPS": -0.07,
        "Total Revenue": 21,
        "Gross Profit": 21,
        "Operating Income": 21,
        "EBIT": 21,
        "Net Income": -1
    },
    "2009-12-31": {
        "Diluted EPS": 0.02,
        "Total Revenue": 23,
        "Gross Profit": 23,
        "Operating Income": 23,
        "EBIT": 23,
        "Net Income": 1
    },
    "2023-09-30": {
        "Tax Effect Of Unusual Items": 0.0,
        "Tax Rate For Calcs": 0.084249,
        "Normalized EBITDA": 18861000.0,
        "Net Income From Continuing Operation Net Minority Interest": 2071000.0,
        "Reconciled Depreciation": 6737000.0,
        "Reconciled Cost Of Revenue": 40274000.0,
        "EBITDA": 18861000.0,
        "EBIT": 12124000.0,
        "Net Interest Income": -4481000.0,
        "Interest Expense": 9940000.0,
        "Interest Income": 5459000.0,
        "Normalized Income": 2071000.0,
        "Net Income From Continuing And Discontinued Operation": 2071000.0,
        "Total Expenses": 161976000.0,
        "Total Operating Income As Reported": 6714000.0,
        "Diluted Average Shares": 112474404.0,
        "Basic Average Shares": 110959137.0,
        "Diluted EPS": 0.02,
        "Basic EPS": 0.02,
        "Diluted NI Availto Com Stockholders": 2071000.0,
        "Net Income Common Stockholders": 2071000.0,
        "Net Income": 2071000.0,
        "Minority Interests": 71000.0,
        "Net Income Including Noncontrolling Interests": 2000000.0,
        "Net Income Continuous Operations": 2000000.0,
        "Tax Provision": 184000.0,
        "Pretax Income": 2184000.0,
        "Other Income Expense": -49000.0,
        "Earnings From Equity Interest": -49000.0,
        "Net Non Operating Interest Income Expense": -4481000.0,
        "Interest Expense Non Operating": 9940000.0,
        "Interest Income Non Operating": 5459000.0,
        "Operating Income": 6714000.0,
        "Operating Expense": 121702000.0,
        "Other Operating Expenses": 54934000.0,
        "Depreciation Amortization Depletion Income Statement": 6737000.0,
        "Depreciation And Amortization In Income Statement": 6737000.0,
        "Selling General And Administration": 60031000.0,
        "Selling And Marketing Expense": 25035000.0,
        "General And Administrative Expense": 34996000.0,
        "Salaries And Wages": 34996000.0,
        "Gross Profit": 128416000.0,
        "Cost Of Revenue": 40274000.0,
        "Total Revenue": 168690000.0,
        "Operating Revenue": 157752000.0
    },
    "2023-12-31": {
        "Tax Effect Of Unusual Items": 0.0,
        "Tax Rate For Calcs": 0.3,
        "Normalized EBITDA": 37135000.0,
        "Net Income From Continuing Operation Net Minority Interest": 24262000.0,
        "Reconciled Depreciation": 6738000.0,
        "Reconciled Cost Of Revenue": 62367000.0,
        "EBITDA": 37135000.0,
        "EBIT": 30397000.0,
        "Net Interest Income": 1482000.0,
        "Interest Expense": 6228000.0,
        "Interest Income": 7710000.0,
        "Normalized Income": 24262000.0,
        "Net Income From Continuing And Discontinued Operation": 24262000.0,
        "Total Expenses": 191571000.0,
        "Total Operating Income As Reported": 22645000.0,
        "Diluted Average Shares": 112677530.0,
        "Basic Average Shares": 111048490.0,
        "Diluted EPS": 0.22,
        "Basic EPS": 0.22,
        "Diluted NI Availto Com Stockholders": 24262000.0,
        "Net Income Common Stockholders": 24262000.0,
        "Net Income": 24262000.0,
        "Minority Interests": 45000.0,
        "Net Income Including Noncontrolling Interests": 24217000.0,
        "Net Income Continuous Operations": 24217000.0,
        "Tax Provision": -48000.0,
        "Pretax Income": 24169000.0,
        "Other Income Expense": 42000.0,
        "Earnings From Equity Interest": 42000.0,
        "Net Non Operating Interest Income Expense": 1482000.0,
        "Interest Expense Non Operating": 6228000.0,
        "Interest Income Non Operating": 7710000.0,
        "Operating Income": 22645000.0,
        "Operating Expense": 129204000.0,
        "Other Operating Expenses": 50873000.0,
        "Depreciation Amortization Depletion Income Statement": 6738000.0,
        "Depreciation And Amortization In Income Statement": 6738000.0,
        "Selling General And Administration": 71593000.0,
        "Selling And Marketing Expense": 36084000.0,
        "General And Administrative Expense": 35509000.0,
        "Salaries And Wages": 35509000.0,
        "Gross Profit": 151849000.0,
        "Cost Of Revenue": 62367000.0,
        "Total Revenue": 214216000.0,
        "Operating Revenue": 201354000.0
    },
    "2024-03-31": {
        "Tax Effect Of Unusual Items": 0.0,
        "Tax Rate For Calcs": 0.3,
        "Normalized EBITDA": 51491000.0,
        "Net Income From Continuing Operation Net Minority Interest": 172010000.0,
        "Reconciled Depreciation": 6966000.0,
        "Reconciled Cost Of Revenue": 52850000.0,
        "EBITDA": 51491000.0,
        "EBIT": 44525000.0,
        "Net Interest Income": 39644000.0,
        "Interest Expense": -3473000.0,
        "Interest Income": 6678000.0,
        "Normalized Income": 172010000.0,
        "Net Income From Continuing And Discontinued Operation": 172010000.0,
        "Total Expenses": 175257000.0,
        "Total Operating Income As Reported": 16723000.0,
        "Diluted Average Shares": NaN,
        "Basic Average Shares": NaN,
        "Diluted EPS": NaN,
        "Basic EPS": NaN,
        "Diluted NI Availto Com Stockholders": 172010000.0,
        "Net Income Common Stockholders": 172010000.0,
        "Net Income": 172010000.0,
        "Minority Interests": 82000.0,
        "Net Income Including Noncontrolling Interests": 171928000.0,
        "Net Income Continuous Operations": 171928000.0,
        "Tax Provision": -123930000.0,
        "Pretax Income": 47998000.0,
        "Other Income Expense": -19276000.0,
        "Earnings From Equity Interest": 11000.0,
        "Net Non Operating Interest Income Expense": 39644000.0,
        "Interest Expense Non Operating": -3473000.0,
        "Interest Income Non Operating": 6678000.0,
        "Operating Income": 27630000.0,
        "Operating Expense": 122407000.0,
        "Other Operating Expenses": -11172000.0,
        "Depreciation Amortization Depletion Income Statement": 6966000.0,
        "Depreciation And Amortization In Income Statement": 6966000.0,
        "Selling General And Administration": 126613000.0,
        "Selling And Marketing Expense": 71643000.0,
        "General And Administrative Expense": 54970000.0,
        "Salaries And Wages": 43251000.0,
        "Gross Profit": 150037000.0,
        "Cost Of Revenue": 52850000.0,
        "Total Revenue": 202887000.0,
        "Operating Revenue": 184355000.0
    },
    "2024-06-30": {
        "Tax Effect Of Unusual Items": 0.0,
        "Tax Rate For Calcs": 0.287011,
        "Normalized EBITDA": 41717000.0,
        "Net Income From Continuing Operation Net Minority Interest": 21030000.0,
        "Reconciled Depreciation": 6660000.0,
        "Reconciled Cost Of Revenue": 85093000.0,
        "EBITDA": 41717000.0,
        "EBIT": 35057000.0,
        "Net Interest Income": 1675000.0,
        "Interest Expense": 5539000.0,
        "Interest Income": 7214000.0,
        "Normalized Income": 21030000.0,
        "Net Income From Continuing And Discontinued Operation": 21030000.0,
        "Total Expenses": 226661000.0,
        "Total Operating Income As Reported": 27858000.0,
        "Diluted Average Shares": 113483212.0,
        "Basic Average Shares": 112025507.0,
        "Diluted EPS": 0.19,
        "Basic EPS": 0.19,
        "Diluted NI Availto Com Stockholders": 21030000.0,
        "Net Income Common Stockholders": 21030000.0,
        "Net Income": 21030000.0,
        "Minority Interests": -16000.0,
        "Net Income Including Noncontrolling Interests": 21046000.0,
        "Net Income Continuous Operations": 21046000.0,
        "Tax Provision": 8472000.0,
        "Pretax Income": 29518000.0,
        "Other Income Expense": -15000.0,
        "Earnings From Equity Interest": -15000.0,
        "Net Non Operating Interest Income Expense": 1675000.0,
        "Interest Expense Non Operating": 5539000.0,
        "Interest Income Non Operating": 7214000.0,
        "Operating Income": 27858000.0,
        "Operating Expense": 141568000.0,
        "Other Operating Expenses": 56630000.0,
        "Depreciation Amortization Depletion Income Statement": 6660000.0,
        "Depreciation And Amortization In Income Statement": 6660000.0,
        "Selling General And Administration": 78278000.0,
        "Selling And Marketing Expense": 40076000.0,
        "General And Administrative Expense": 38202000.0,
        "Salaries And Wages": 38202000.0,
        "Gross Profit": 169426000.0,
        "Cost Of Revenue": 85093000.0,
        "Total Revenue": 254519000.0,
        "Operating Revenue": 233609000.0
    },
    "2024-09-30": {
        "Tax Effect Of Unusual Items": 0.0,
        "Tax Rate For Calcs": 0.297886,
        "Normalized EBITDA": 40025000.0,
        "Net Income From Continuing Operation Net Minority Interest": 17853000.0,
        "Reconciled Depreciation": 6704000.0,
        "Reconciled Cost Of Revenue": 49769000.0,
        "EBITDA": 40025000.0,
        "EBIT": 33321000.0,
        "Net Interest Income": -488000.0,
        "Interest Expense": 7771000.0,
        "Interest Income": 7283000.0,
        "Normalized Income": 17853000.0,
        "Net Income From Continuing And Discontinued Operation": 17853000.0,
        "Total Expenses": 184881000.0,
        "Total Operating Income As Reported": 26112000.0,
        "Diluted Average Shares": 114725904.0,
        "Basic Average Shares": 112165236.0,
        "Diluted EPS": 0.16,
        "Basic EPS": 0.16,
        "Diluted NI Availto Com Stockholders": 17853000.0,
        "Net Income Common Stockholders": 17853000.0,
        "Net Income": 17853000.0,
        "Minority Interests": -86000.0,
        "Net Income Including Noncontrolling Interests": 17939000.0,
        "Net Income Continuous Operations": 17939000.0,
        "Tax Provision": 7611000.0,
        "Pretax Income": 25550000.0,
        "Other Income Expense": -74000.0,
        "Earnings From Equity Interest": -74000.0,
        "Net Non Operating Interest Income Expense": -488000.0,
        "Interest Expense Non Operating": 7771000.0,
        "Interest Income Non Operating": 7283000.0,
        "Operating Income": 26112000.0,
        "Operating Expense": 135112000.0,
        "Other Operating Expenses": 53232000.0,
        "Depreciation Amortization Depletion Income Statement": 6704000.0,
        "Depreciation And Amortization In Income Statement": 6704000.0,
        "Selling General And Administration": 75176000.0,
        "Selling And Marketing Expense": 35800000.0,
        "General And Administrative Expense": 39376000.0,
        "Salaries And Wages": 39376000.0,
        "Gross Profit": 161224000.0,
        "Cost Of Revenue": 49769000.0,
        "Total Revenue": 210993000.0,
        "Operating Revenue": 189025000.0
    }
}