{
    "2023-03-31": {
        "Tax Effect Of Unusual Items": NaN,
        "Tax Rate For Calcs": NaN,
        "Normalized EBITDA": NaN,
        "Net Income From Continuing Operation Net Minority Interest": NaN,
        "Reconciled Depreciation": NaN,
        "Reconciled Cost Of Revenue": NaN,
        "EBITDA": NaN,
        "EBIT": NaN,
        "Net Interest Income": NaN,
        "Interest Income": 9883000.0,
        "Normalized Income": NaN,
        "Net Income From Continuing And Discontinued Operation": NaN,
        "Total Expenses": NaN,
        "Total Operating Income As Reported": NaN,
        "Diluted Average Shares": NaN,
        "Basic Average Shares": NaN,
        "Diluted EPS": NaN,
        "Basic EPS": NaN,
        "Diluted NI Availto Com Stockholders": NaN,
        "Net Income Common Stockholders": NaN,
        "Net Income": NaN,
        "Net Income Including Noncontrolling Interests": NaN,
        "Net Income Continuous Operations": NaN,
        "Tax Provision": NaN,
        "Pretax Income": NaN,
        "Net Non Operating Interest Income Expense": NaN,
        "Total Other Finance Cost": -9883000.0,
        "Interest Income Non Operating": 9883000.0,
        "Operating Income": NaN,
        "Operating Expense": NaN,
        "Research And Development": NaN,
        "Selling General And Administration": NaN,
        "Selling And Marketing Expense": NaN,
        "General And Administrative Expense": NaN,
        "Other Gand A": NaN,
        "Gross Profit": NaN,
        "Cost Of Revenue": NaN,
        "Total Revenue": NaN,
        "Operating Revenue": NaN
    },
    "2022-12-31": {
        "Tax Effect Of Unusual Items": NaN,
        "Tax Rate For Calcs": NaN,
        "Normalized EBITDA": NaN,
        "Net Income From Continuing Operation Net Minority Interest": NaN,
        "Reconciled Depreciation": NaN,
        "Reconciled Cost Of Revenue": NaN,
        "EBITDA": NaN,
        "EBIT": NaN,
        "Net Interest Income": NaN,
        "Interest Income": NaN,
        "Normalized Income": NaN,
        "Net Income From Continuing And Discontinued Operation": NaN,
        "Total Expenses": NaN,
        "Total Operating Income As Reported": NaN,
        "Diluted Average Shares": NaN,
        "Basic Average Shares": NaN,
        "Diluted EPS": NaN,
        "Basic EPS": NaN,
        "Diluted NI Availto Com Stockholders": NaN,
        "Net Income Common Stockholders": NaN,
        "Net Income": NaN,
        "Net Income Including Noncontrolling Interests": NaN,
        "Net Income Continuous Operations": NaN,
        "Tax Provision": NaN,
        "Pretax Income": NaN,
        "Net Non Operating Interest Income Expense": NaN,
        "Total Other Finance Cost": 12147000.0,
        "Interest Income Non Operating": NaN,
        "Operating Income": NaN,
        "Operating Expense": NaN,
        "Research And Development": NaN,
        "Selling General And Administration": NaN,
        "Selling And Marketing Expense": NaN,
        "General And Administrative Expense": NaN,
        "Other Gand A": NaN,
        "Gross Profit": NaN,
        "Cost Of Revenue": NaN,
        "Total Revenue": NaN,
        "Operating Revenue": NaN
    },
    "2022-09-30": {
        "Tax Effect Of Unusual Items": NaN,
        "Tax Rate For Calcs": NaN,
        "Normalized EBITDA": NaN,
        "Net Income From Continuing Operation Net Minority Interest": NaN,
        "Reconciled Depreciation": NaN,
        "Reconciled Cost Of Revenue": NaN,
        "EBITDA": NaN,
        "EBIT": NaN,
        "Net Interest Income": NaN,
        "Interest Income": 6972000.0,
        "Normalized Income": NaN,
        "Net Income From Continuing And Discontinued Operation": NaN,
        "Total Expenses": NaN,
        "Total Operating Income As Reported": NaN,
        "Diluted Average Shares": NaN,
        "Basic Average Shares": NaN,
        "Diluted EPS": NaN,
        "Basic EPS": NaN,
        "Diluted NI Availto Com Stockholders": NaN,
        "Net Income Common Stockholders": NaN,
        "Net Income": NaN,
        "Net Income Including Noncontrolling Interests": NaN,
        "Net Income Continuous Operations": NaN,
        "Tax Provision": NaN,
        "Pretax Income": NaN,
        "Net Non Operating Interest Income Expense": NaN,
        "Total Other Finance Cost": -6972000.0,
        "Interest Income Non Operating": 6972000.0,
        "Operating Income": NaN,
        "Operating Expense": NaN,
        "Research And Development": NaN,
        "Selling General And Administration": NaN,
        "Selling And Marketing Expense": NaN,
        "General And Administrative Expense": NaN,
        "Other Gand A": NaN,
        "Gross Profit": NaN,
        "Cost Of Revenue": NaN,
        "Total Revenue": NaN,
        "Operating Revenue": NaN
    },
    "2022-06-30": {
        "Tax Effect Of Unusual Items": 0.0,
        "Tax Rate For Calcs": 0.4,
        "Normalized EBITDA": -44783000.0,
        "Net Income From Continuing Operation Net Minority Interest": -45671000.0,
        "Reconciled Depreciation": 1397000.0,
        "Reconciled Cost Of Revenue": 16730000.0,
        "EBITDA": -44783000.0,
        "EBIT": -46180000.0,
        "Net Interest Income": 2452000.0,
        "Normalized Income": -45671000.0,
        "Net Income From Continuing And Discontinued Operation": -45671000.0,
        "Total Expenses": 169898000.0,
        "Total Operating Income As Reported": -46180000.0,
        "Diluted Average Shares": 45074912.0,
        "Basic Average Shares": 45074912.0,
        "Diluted EPS": -1.01,
        "Basic EPS": -1.01,
        "Diluted NI Availto Com Stockholders": -45671000.0,
        "Net Income Common Stockholders": -45671000.0,
        "Net Income": -45671000.0,
        "Net Income Including Noncontrolling Interests": -45671000.0,
        "Net Income Continuous Operations": -45671000.0,
        "Tax Provision": 1943000.0,
        "Pretax Income": -43728000.0,
        "Net Non Operating Interest Income Expense": 2452000.0,
        "Total Other Finance Cost": -2452000.0,
        "Operating Income": -46180000.0,
        "Operating Expense": 153168000.0,
        "Research And Development": 33962000.0,
        "Selling General And Administration": 119206000.0,
        "Selling And Marketing Expense": 96740000.0,
        "General And Administrative Expense": 22466000.0,
        "Other Gand A": 22466000.0,
        "Gross Profit": 106988000.0,
        "Cost Of Revenue": 16730000.0,
        "Total Revenue": 123718000.0,
        "Operating Revenue": 123718000.0
    },
    "2022-03-31": {
        "Diluted EPS": -1.48,
        "Total Revenue": 108,
        "Gross Profit": 94,
        "Operating Income": -67,
        "EBIT": -66,
        "Net Income": -67
    },
    "2021-12-31": {
        "Diluted EPS": 1.31,
        "Total Revenue": 96,
        "Gross Profit": 84,
        "Operating Income": -32,
        "EBIT": -31,
        "Net Income": -33
    },
    "2021-09-30": {
        "Diluted EPS": -0.65,
        "Total Revenue": 83,
        "Gross Profit": 73,
        "Operating Income": -29,
        "EBIT": -29,
        "Net Income": -29
    },
    "2021-06-30": {
        "Diluted EPS": -1.67,
        "Total Revenue": 71,
        "Gross Profit": 62,
        "Operating Income": -27,
        "EBIT": -27,
        "Net Income": -32
    },
    "2021-03-31": {
        "Diluted EPS": -3.52,
        "Total Revenue": 59,
        "Gross Profit": 51,
        "Operating Income": -38,
        "EBIT": -37,
        "Net Income": -44
    },
    "2020-12-31": {
        "Diluted EPS": -5.58,
        "Total Revenue": 50,
        "Gross Profit": 43,
        "Operating Income": -62,
        "EBIT": -61,
        "Net Income": -63
    },
    "2020-09-30": {
        "Diluted EPS": -3.74,
        "Total Revenue": 43,
        "Gross Profit": 36,
        "Operating Income": -41,
        "EBIT": -40,
        "Net Income": -46
    },
    "2020-06-30": {
        "Diluted EPS": -2.79,
        "Total Revenue": 36,
        "Gross Profit": 32,
        "Operating Income": -28,
        "EBIT": -28,
        "Net Income": -33
    },
    "2020-03-31": {
        "Diluted EPS": -2.08,
        "Total Revenue": 32,
        "Gross Profit": 27,
        "Operating Income": -20,
        "EBIT": -20,
        "Net Income": -20
    },
    "2019-12-31": {
        "Diluted EPS": 0.0,
        "Total Revenue": NaN,
        "Gross Profit": NaN,
        "Operating Income": NaN,
        "EBIT": NaN,
        "Net Income": NaN
    },
    "2023-06-30": {
        "Tax Effect Of Unusual Items": NaN,
        "Tax Rate For Calcs": NaN,
        "Normalized EBITDA": NaN,
        "Net Income From Continuing Operation Net Minority Interest": NaN,
        "Reconciled Depreciation": NaN,
        "Reconciled Cost Of Revenue": NaN,
        "EBITDA": NaN,
        "EBIT": NaN,
        "Net Interest Income": NaN,
        "Interest Income": NaN,
        "Normalized Income": NaN,
        "Net Income From Continuing And Discontinued Operation": NaN,
        "Total Expenses": NaN,
        "Total Operating Income As Reported": NaN,
        "Diluted Average Shares": NaN,
        "Basic Average Shares": NaN,
        "Diluted EPS": NaN,
        "Basic EPS": NaN,
        "Diluted NI Availto Com Stockholders": NaN,
        "Net Income Common Stockholders": NaN,
        "Net Income": NaN,
        "Net Income Including Noncontrolling Interests": NaN,
        "Net Income Continuous Operations": NaN,
        "Tax Provision": NaN,
        "Pretax Income": NaN,
        "Net Non Operating Interest Income Expense": NaN,
        "Total Other Finance Cost": -7612000.0,
        "Interest Income Non Operating": NaN,
        "Operating Income": NaN,
        "Operating Expense": NaN,
        "Research And Development": NaN,
        "Selling General And Administration": NaN,
        "Selling And Marketing Expense": NaN,
        "General And Administrative Expense": NaN,
        "Other Gand A": NaN,
        "Gross Profit": NaN,
        "Cost Of Revenue": NaN,
        "Total Revenue": NaN,
        "Operating Revenue": NaN
    },
    "2023-09-30": {
        "Tax Effect Of Unusual Items": 0.0,
        "Tax Rate For Calcs": 0.171131,
        "Normalized EBITDA": -190000.0,
        "Net Income From Continuing Operation Net Minority Interest": 7488000.0,
        "Reconciled Depreciation": 2331000.0,
        "Reconciled Cost Of Revenue": 21707000.0,
        "EBITDA": -190000.0,
        "EBIT": -2521000.0,
        "Net Interest Income": 11555000.0,
        "Interest Income": 11555000.0,
        "Normalized Income": 7488000.0,
        "Net Income From Continuing And Discontinued Operation": 7488000.0,
        "Total Expenses": 191711000.0,
        "Total Operating Income As Reported": -2521000.0,
        "Diluted Average Shares": 51461709.0,
        "Basic Average Shares": 48536315.0,
        "Diluted EPS": 0.15,
        "Basic EPS": 0.15,
        "Diluted NI Availto Com Stockholders": 7488000.0,
        "Net Income Common Stockholders": 7488000.0,
        "Net Income": 7488000.0,
        "Net Income Including Noncontrolling Interests": 7488000.0,
        "Net Income Continuous Operations": 7488000.0,
        "Tax Provision": 1546000.0,
        "Pretax Income": 9034000.0,
        "Net Non Operating Interest Income Expense": 11555000.0,
        "Total Other Finance Cost": NaN,
        "Interest Income Non Operating": 11555000.0,
        "Operating Income": -2521000.0,
        "Operating Expense": 170004000.0,
        "Research And Development": 38433000.0,
        "Selling General And Administration": 131571000.0,
        "Selling And Marketing Expense": 108360000.0,
        "General And Administrative Expense": 23211000.0,
        "Other Gand A": 23211000.0,
        "Gross Profit": 167483000.0,
        "Cost Of Revenue": 21707000.0,
        "Total Revenue": 189190000.0,
        "Operating Revenue": 189190000.0
    },
    "2023-12-31": {
        "Tax Effect Of Unusual Items": 0.0,
        "Tax Rate For Calcs": 0.23,
        "Normalized EBITDA": 43322000.0,
        "Net Income From Continuing Operation Net Minority Interest": 12337000.0,
        "Reconciled Depreciation": 2556000.0,
        "Reconciled Cost Of Revenue": 22408000.0,
        "EBITDA": 43322000.0,
        "EBIT": 40766000.0,
        "Net Interest Income": 12500000.0,
        "Interest Income": 12943000.0,
        "Normalized Income": 12337000.0,
        "Net Income From Continuing And Discontinued Operation": 12337000.0,
        "Total Expenses": 203715000.0,
        "Total Operating Income As Reported": -1145000.0,
        "Diluted Average Shares": 51607542.0,
        "Basic Average Shares": 48796294.0,
        "Diluted EPS": 0.24,
        "Basic EPS": 0.25,
        "Diluted NI Availto Com Stockholders": 12337000.0,
        "Net Income Common Stockholders": 12337000.0,
        "Net Income": 12337000.0,
        "Net Income Including Noncontrolling Interests": 12337000.0,
        "Net Income Continuous Operations": 12337000.0,
        "Tax Provision": -621000.0,
        "Pretax Income": 11716000.0,
        "Net Non Operating Interest Income Expense": 12500000.0,
        "Total Other Finance Cost": NaN,
        "Interest Income Non Operating": 12943000.0,
        "Operating Income": -1145000.0,
        "Operating Expense": 181307000.0,
        "Research And Development": 41898000.0,
        "Selling General And Administration": 139409000.0,
        "Selling And Marketing Expense": 114919000.0,
        "General And Administrative Expense": 24490000.0,
        "Other Gand A": 24490000.0,
        "Gross Profit": 180162000.0,
        "Cost Of Revenue": 22408000.0,
        "Total Revenue": 202570000.0,
        "Operating Revenue": 202570000.0
    },
    "2024-03-31": {
        "Tax Effect Of Unusual Items": 0.0,
        "Tax Rate For Calcs": 0.094538,
        "Normalized EBITDA": -2489000.0,
        "Net Income From Continuing Operation Net Minority Interest": 7078000.0,
        "Reconciled Depreciation": 2533000.0,
        "Reconciled Cost Of Revenue": 23454000.0,
        "EBITDA": -2489000.0,
        "EBIT": -5022000.0,
        "Net Interest Income": 12839000.0,
        "Interest Income": 12839000.0,
        "Normalized Income": 7078000.0,
        "Net Income From Continuing And Discontinued Operation": 7078000.0,
        "Total Expenses": 221935000.0,
        "Total Operating Income As Reported": -5022000.0,
        "Diluted Average Shares": 52020163.0,
        "Basic Average Shares": 49204541.0,
        "Diluted EPS": 0.14,
        "Basic EPS": 0.14,
        "Diluted NI Availto Com Stockholders": 7078000.0,
        "Net Income Common Stockholders": 7078000.0,
        "Net Income": 7078000.0,
        "Net Income Including Noncontrolling Interests": 7078000.0,
        "Net Income Continuous Operations": 7078000.0,
        "Tax Provision": 739000.0,
        "Pretax Income": 7817000.0,
        "Net Non Operating Interest Income Expense": 12839000.0,
        "Total Other Finance Cost": NaN,
        "Interest Income Non Operating": 12839000.0,
        "Operating Income": -5022000.0,
        "Operating Expense": 198481000.0,
        "Research And Development": 44423000.0,
        "Selling General And Administration": 154058000.0,
        "Selling And Marketing Expense": 128141000.0,
        "General And Administrative Expense": 25917000.0,
        "Other Gand A": 25917000.0,
        "Gross Profit": 193459000.0,
        "Cost Of Revenue": 23454000.0,
        "Total Revenue": 216913000.0,
        "Operating Revenue": 216913000.0
    },
    "2024-06-30": {
        "Tax Effect Of Unusual Items": 0.0,
        "Tax Rate For Calcs": 0.13993,
        "Normalized EBITDA": 4714000.0,
        "Net Income From Continuing Operation Net Minority Interest": 14315000.0,
        "Reconciled Depreciation": 2920000.0,
        "Reconciled Cost Of Revenue": 23763000.0,
        "EBITDA": 4714000.0,
        "EBIT": 1794000.0,
        "Net Interest Income": 14850000.0,
        "Interest Income": NaN,
        "Normalized Income": 14315000.0,
        "Net Income From Continuing And Discontinued Operation": 14315000.0,
        "Total Expenses": 234312000.0,
        "Total Operating Income As Reported": 1794000.0,
        "Diluted Average Shares": 52209431.0,
        "Basic Average Shares": 49680114.0,
        "Diluted EPS": 0.27,
        "Basic EPS": 0.29,
        "Diluted NI Availto Com Stockholders": 14315000.0,
        "Net Income Common Stockholders": 14315000.0,
        "Net Income": 14315000.0,
        "Net Income Including Noncontrolling Interests": 14315000.0,
        "Net Income Continuous Operations": 14315000.0,
        "Tax Provision": 2329000.0,
        "Pretax Income": 16644000.0,
        "Net Non Operating Interest Income Expense": 14850000.0,
        "Total Other Finance Cost": -14850000.0,
        "Interest Income Non Operating": NaN,
        "Operating Income": 1794000.0,
        "Operating Expense": 210549000.0,
        "Research And Development": 50445000.0,
        "Selling General And Administration": 160104000.0,
        "Selling And Marketing Expense": 131471000.0,
        "General And Administrative Expense": 28633000.0,
        "Other Gand A": 28633000.0,
        "Gross Profit": 212343000.0,
        "Cost Of Revenue": 23763000.0,
        "Total Revenue": 236106000.0,
        "Operating Revenue": 236106000.0
    },
    "2024-09-30": {
        "Tax Effect Of Unusual Items": 0.0,
        "Tax Rate For Calcs": 0.034831,
        "Normalized EBITDA": -24197000.0,
        "Net Income From Continuing Operation Net Minority Interest": -12026000.0,
        "Reconciled Depreciation": 3205000.0,
        "Reconciled Cost Of Revenue": 25972000.0,
        "EBITDA": -24197000.0,
        "EBIT": -27402000.0,
        "Net Interest Income": 14942000.0,
        "Interest Income": 14942000.0,
        "Normalized Income": -12026000.0,
        "Net Income From Continuing And Discontinued Operation": -12026000.0,
        "Total Expenses": 278402000.0,
        "Total Operating Income As Reported": -27402000.0,
        "Diluted Average Shares": 50134930.0,
        "Basic Average Shares": 50134930.0,
        "Diluted EPS": -0.24,
        "Basic EPS": -0.24,
        "Diluted NI Availto Com Stockholders": -12026000.0,
        "Net Income Common Stockholders": -12026000.0,
        "Net Income": -12026000.0,
        "Net Income Including Noncontrolling Interests": -12026000.0,
        "Net Income Continuous Operations": -12026000.0,
        "Tax Provision": -434000.0,
        "Pretax Income": -12460000.0,
        "Net Non Operating Interest Income Expense": 14942000.0,
        "Total Other Finance Cost": NaN,
        "Interest Income Non Operating": 14942000.0,
        "Operating Income": -27402000.0,
        "Operating Expense": 252430000.0,
        "Research And Development": 56509000.0,
        "Selling General And Administration": 195921000.0,
        "Selling And Marketing Expense": 140284000.0,
        "General And Administrative Expense": 55637000.0,
        "Other Gand A": 55637000.0,
        "Gross Profit": 225028000.0,
        "Cost Of Revenue": 25972000.0,
        "Total Revenue": 251000000.0,
        "Operating Revenue": 251000000.0
    }
}