{
    "2023-03-31": {
        "Tax Effect Of Unusual Items": NaN,
        "Tax Rate For Calcs": NaN,
        "Normalized EBITDA": NaN,
        "Net Income From Continuing Operation Net Minority Interest": NaN,
        "Reconciled Depreciation": NaN,
        "Reconciled Cost Of Revenue": NaN,
        "EBITDA": NaN,
        "EBIT": NaN,
        "Net Interest Income": NaN,
        "Interest Income": 12496000.0,
        "Normalized Income": NaN,
        "Net Income From Continuing And Discontinued Operation": NaN,
        "Total Expenses": NaN,
        "Total Operating Income As Reported": NaN,
        "Diluted Average Shares": NaN,
        "Basic Average Shares": NaN,
        "Diluted EPS": NaN,
        "Basic EPS": NaN,
        "Diluted NI Availto Com Stockholders": NaN,
        "Net Income Common Stockholders": NaN,
        "Net Income": NaN,
        "Net Income Including Noncontrolling Interests": NaN,
        "Net Income Continuous Operations": NaN,
        "Tax Provision": NaN,
        "Pretax Income": NaN,
        "Net Non Operating Interest Income Expense": NaN,
        "Total Other Finance Cost": NaN,
        "Interest Income Non Operating": 12496000.0,
        "Operating Income": NaN,
        "Operating Expense": NaN,
        "Gross Profit": NaN,
        "Cost Of Revenue": NaN,
        "Total Revenue": NaN,
        "Operating Revenue": NaN
    },
    "2022-12-31": {
        "Tax Effect Of Unusual Items": 0.0,
        "Tax Rate For Calcs": 0.23341,
        "Normalized EBITDA": 409553000.0,
        "Net Income From Continuing Operation Net Minority Interest": 301674000.0,
        "Reconciled Depreciation": 15201000.0,
        "Reconciled Cost Of Revenue": 728616000.0,
        "EBITDA": 409553000.0,
        "EBIT": 394352000.0,
        "Net Interest Income": NaN,
        "Normalized Income": 301674000.0,
        "Net Income From Continuing And Discontinued Operation": 301674000.0,
        "Total Expenses": 1118579000.0,
        "Total Operating Income As Reported": 394352000.0,
        "Diluted Average Shares": 1058310000.0,
        "Basic Average Shares": 1044746000.0,
        "Diluted EPS": 0.285,
        "Basic EPS": 0.29,
        "Diluted NI Availto Com Stockholders": 301674000.0,
        "Net Income Common Stockholders": 301674000.0,
        "Net Income": 301674000.0,
        "Net Income Including Noncontrolling Interests": 301674000.0,
        "Net Income Continuous Operations": 301674000.0,
        "Tax Provision": 91853000.0,
        "Pretax Income": 393527000.0,
        "Net Non Operating Interest Income Expense": NaN,
        "Total Other Finance Cost": NaN,
        "Operating Income": 394352000.0,
        "Operating Expense": 389963000.0,
        "Gross Profit": 784315000.0,
        "Cost Of Revenue": 728616000.0,
        "Total Revenue": 1512931000.0,
        "Operating Revenue": 1512931000.0
    },
    "2022-09-30": {
        "Tax Effect Of Unusual Items": NaN,
        "Tax Rate For Calcs": NaN,
        "Normalized EBITDA": NaN,
        "Net Income From Continuing Operation Net Minority Interest": NaN,
        "Reconciled Depreciation": NaN,
        "Reconciled Cost Of Revenue": NaN,
        "EBITDA": NaN,
        "EBIT": NaN,
        "Net Interest Income": 2149000.0,
        "Interest Income": NaN,
        "Normalized Income": NaN,
        "Net Income From Continuing And Discontinued Operation": NaN,
        "Total Expenses": NaN,
        "Total Operating Income As Reported": NaN,
        "Diluted Average Shares": NaN,
        "Basic Average Shares": NaN,
        "Diluted EPS": NaN,
        "Basic EPS": NaN,
        "Diluted NI Availto Com Stockholders": NaN,
        "Net Income Common Stockholders": NaN,
        "Net Income": NaN,
        "Net Income Including Noncontrolling Interests": NaN,
        "Net Income Continuous Operations": NaN,
        "Tax Provision": NaN,
        "Pretax Income": NaN,
        "Net Non Operating Interest Income Expense": 2149000.0,
        "Total Other Finance Cost": -2149000.0,
        "Interest Income Non Operating": NaN,
        "Operating Income": NaN,
        "Operating Expense": NaN,
        "Gross Profit": NaN,
        "Cost Of Revenue": NaN,
        "Total Revenue": NaN,
        "Operating Revenue": NaN
    },
    "2022-06-30": {
        "Tax Effect Of Unusual Items": 0.0,
        "Tax Rate For Calcs": 0.253,
        "Normalized EBITDA": 372951000.0,
        "Net Income From Continuing Operation Net Minority Interest": 273360000.0,
        "Reconciled Depreciation": 15833000.0,
        "Reconciled Cost Of Revenue": 875399000.0,
        "EBITDA": 372951000.0,
        "EBIT": 372951000.0,
        "Net Interest Income": -6781000.0,
        "Normalized Income": 273360000.0,
        "Net Income From Continuing And Discontinued Operation": 273360000.0,
        "Total Expenses": 1282309000.0,
        "Total Operating Income As Reported": 372951000.0,
        "Diluted Average Shares": 1069622000.0,
        "Basic Average Shares": 1057233000.0,
        "Diluted EPS": 0.26,
        "Basic EPS": 0.26,
        "Diluted NI Availto Com Stockholders": 273360000.0,
        "Net Income Common Stockholders": 273360000.0,
        "Net Income": 273360000.0,
        "Net Income Including Noncontrolling Interests": 273360000.0,
        "Net Income Continuous Operations": 273360000.0,
        "Tax Provision": 92810000.0,
        "Pretax Income": 366170000.0,
        "Other Income Expense": NaN,
        "Other Non Operating Income Expenses": NaN,
        "Net Non Operating Interest Income Expense": -6781000.0,
        "Total Other Finance Cost": 6781000.0,
        "Operating Income": 372951000.0,
        "Operating Expense": 406910000.0,
        "Gross Profit": 779861000.0,
        "Cost Of Revenue": 875399000.0,
        "Total Revenue": 1655260000.0,
        "Operating Revenue": 1655260000.0
    },
    "2023-06-30": {
        "Tax Effect Of Unusual Items": NaN,
        "Tax Rate For Calcs": NaN,
        "Normalized EBITDA": NaN,
        "Net Income From Continuing Operation Net Minority Interest": NaN,
        "Reconciled Depreciation": NaN,
        "Reconciled Cost Of Revenue": NaN,
        "EBITDA": NaN,
        "EBIT": NaN,
        "Net Interest Income": NaN,
        "Interest Income": 15159000.0,
        "Normalized Income": NaN,
        "Net Income From Continuing And Discontinued Operation": NaN,
        "Total Expenses": NaN,
        "Total Operating Income As Reported": NaN,
        "Diluted Average Shares": NaN,
        "Basic Average Shares": NaN,
        "Diluted EPS": NaN,
        "Basic EPS": NaN,
        "Diluted NI Availto Com Stockholders": NaN,
        "Net Income Common Stockholders": NaN,
        "Net Income": NaN,
        "Net Income Including Noncontrolling Interests": NaN,
        "Net Income Continuous Operations": NaN,
        "Tax Provision": NaN,
        "Pretax Income": NaN,
        "Net Non Operating Interest Income Expense": NaN,
        "Total Other Finance Cost": -15159000.0,
        "Interest Income Non Operating": 15159000.0,
        "Operating Income": NaN,
        "Operating Expense": NaN,
        "Gross Profit": NaN,
        "Cost Of Revenue": NaN,
        "Total Revenue": NaN,
        "Operating Revenue": NaN
    },
    "2022-03-31": {
        "Diluted EPS": 0.27,
        "Total Revenue": NaN,
        "Gross Profit": 777,
        "Operating Income": 399,
        "EBIT": 414,
        "Net Income": 294
    },
    "2021-12-31": {
        "Diluted EPS": 0.3,
        "Total Revenue": NaN,
        "Gross Profit": 768,
        "Operating Income": 413,
        "EBIT": 425,
        "Net Income": 321
    },
    "2021-09-30": {
        "Diluted EPS": 0.32,
        "Total Revenue": NaN,
        "Gross Profit": 789,
        "Operating Income": 444,
        "EBIT": 457,
        "Net Income": 337
    },
    "2021-06-30": {
        "Diluted EPS": 0.38,
        "Total Revenue": NaN,
        "Gross Profit": 837,
        "Operating Income": 526,
        "EBIT": 539,
        "Net Income": 404
    },
    "2021-03-31": {
        "Diluted EPS": 0.3,
        "Total Revenue": NaN,
        "Gross Profit": 715,
        "Operating Income": 414,
        "EBIT": 427,
        "Net Income": 315
    },
    "2020-12-31": {
        "Diluted EPS": 0.44,
        "Total Revenue": NaN,
        "Gross Profit": 691,
        "Operating Income": 402,
        "EBIT": 413,
        "Net Income": 472
    },
    "2020-09-30": {
        "Diluted EPS": 0.33,
        "Total Revenue": NaN,
        "Gross Profit": 737,
        "Operating Income": 459,
        "EBIT": 472,
        "Net Income": 348
    },
    "2020-06-30": {
        "Diluted EPS": 0.3,
        "Total Revenue": NaN,
        "Gross Profit": 659,
        "Operating Income": 407,
        "EBIT": 423,
        "Net Income": 311
    },
    "2020-03-31": {
        "Diluted EPS": 0.26,
        "Total Revenue": NaN,
        "Gross Profit": 637,
        "Operating Income": 365,
        "EBIT": 382,
        "Net Income": 279
    },
    "2019-12-31": {
        "Diluted EPS": 0.24,
        "Total Revenue": NaN,
        "Gross Profit": 611,
        "Operating Income": 317,
        "EBIT": 330,
        "Net Income": 255
    },
    "2019-09-30": {
        "Diluted EPS": 0.28,
        "Total Revenue": NaN,
        "Gross Profit": 673,
        "Operating Income": 395,
        "EBIT": 411,
        "Net Income": 299
    },
    "2019-06-30": {
        "Diluted EPS": 0.27,
        "Total Revenue": NaN,
        "Gross Profit": 661,
        "Operating Income": 379,
        "EBIT": 397,
        "Net Income": 292
    },
    "2019-03-31": {
        "Diluted EPS": 0.24,
        "Total Revenue": 946,
        "Gross Profit": 574,
        "Operating Income": 311,
        "EBIT": 326,
        "Net Income": 261
    },
    "2018-12-31": {
        "Diluted EPS": 0.21,
        "Total Revenue": 924,
        "Gross Profit": 552,
        "Operating Income": 307,
        "EBIT": 321,
        "Net Income": 239
    },
    "2018-09-30": {
        "Diluted EPS": 0.24,
        "Total Revenue": NaN,
        "Gross Profit": 608,
        "Operating Income": 340,
        "EBIT": 354,
        "Net Income": 268
    },
    "2018-06-30": {
        "Diluted EPS": 0.24,
        "Total Revenue": NaN,
        "Gross Profit": 620,
        "Operating Income": 358,
        "EBIT": 372,
        "Net Income": 270
    },
    "2018-03-31": {
        "Diluted EPS": 0.19,
        "Total Revenue": 851,
        "Gross Profit": 515,
        "Operating Income": 280,
        "EBIT": 294,
        "Net Income": 216
    },
    "2017-12-31": {
        "Diluted EPS": 0.17,
        "Total Revenue": 810,
        "Gross Profit": 504,
        "Operating Income": 267,
        "EBIT": 281,
        "Net Income": 201
    },
    "2017-09-30": {
        "Diluted EPS": 0.19,
        "Total Revenue": 909,
        "Gross Profit": 570,
        "Operating Income": 317,
        "EBIT": 330,
        "Net Income": 219
    },
    "2017-06-30": {
        "Diluted EPS": 0.2,
        "Total Revenue": 907,
        "Gross Profit": 583,
        "Operating Income": 350,
        "EBIT": 362,
        "Net Income": 223
    },
    "2017-03-31": {
        "Diluted EPS": 0.16,
        "Total Revenue": 742,
        "Gross Profit": 481,
        "Operating Income": 264,
        "EBIT": 275,
        "Net Income": 178
    },
    "2016-12-31": {
        "Diluted EPS": 0.15,
        "Total Revenue": 754,
        "Gross Profit": 498,
        "Operating Income": 252,
        "EBIT": 263,
        "Net Income": 173
    },
    "2016-09-30": {
        "Diluted EPS": 0.17,
        "Total Revenue": 788,
        "Gross Profit": 503,
        "Operating Income": 290,
        "EBIT": 301,
        "Net Income": 192
    },
    "2016-06-30": {
        "Diluted EPS": 0.15,
        "Total Revenue": 827,
        "Gross Profit": 518,
        "Operating Income": 289,
        "EBIT": 299,
        "Net Income": 184
    },
    "2016-03-31": {
        "Diluted EPS": 0.13,
        "Total Revenue": 680,
        "Gross Profit": 423,
        "Operating Income": 255,
        "EBIT": 264,
        "Net Income": 164
    },
    "2015-12-31": {
        "Diluted EPS": 0.12,
        "Total Revenue": 645,
        "Gross Profit": 403,
        "Operating Income": 228,
        "EBIT": 238,
        "Net Income": 139
    },
    "2015-09-30": {
        "Diluted EPS": 0.14,
        "Total Revenue": 757,
        "Gross Profit": 465,
        "Operating Income": 291,
        "EBIT": 300,
        "Net Income": 175
    },
    "2015-06-30": {
        "Diluted EPS": 0.21,
        "Total Revenue": 694,
        "Gross Profit": 395,
        "Operating Income": 366,
        "EBIT": 373,
        "Net Income": 229
    },
    "2015-03-31": {
        "Diluted EPS": 0.01,
        "Total Revenue": 627,
        "Gross Profit": 369,
        "Operating Income": 8,
        "EBIT": 14,
        "Net Income": 4
    },
    "2014-12-31": {
        "Diluted EPS": 0.12,
        "Total Revenue": 606,
        "Gross Profit": 332,
        "Operating Income": 193,
        "EBIT": 199,
        "Net Income": 125
    },
    "2014-09-30": {
        "Diluted EPS": 0.12,
        "Total Revenue": 636,
        "Gross Profit": 342,
        "Operating Income": 190,
        "EBIT": 196,
        "Net Income": 122
    },
    "2014-06-30": {
        "Diluted EPS": 0.14,
        "Total Revenue": 687,
        "Gross Profit": 379,
        "Operating Income": 216,
        "EBIT": 222,
        "Net Income": 141
    },
    "2014-03-31": {
        "Diluted EPS": 0.09,
        "Total Revenue": 536,
        "Gross Profit": 287,
        "Operating Income": 149,
        "EBIT": 155,
        "Net Income": 95
    },
    "2013-12-31": {
        "Diluted EPS": 0.07,
        "Total Revenue": 541,
        "Gross Profit": 277,
        "Operating Income": 135,
        "EBIT": 141,
        "Net Income": 76
    },
    "2013-09-30": {
        "Diluted EPS": 0.09,
        "Total Revenue": 590,
        "Gross Profit": 307,
        "Operating Income": 151,
        "EBIT": 158,
        "Net Income": 92
    },
    "2013-06-30": {
        "Diluted EPS": 0.1,
        "Total Revenue": 631,
        "Gross Profit": 336,
        "Operating Income": 179,
        "EBIT": 185,
        "Net Income": 107
    },
    "2013-03-31": {
        "Diluted EPS": 0.06,
        "Total Revenue": 484,
        "Gross Profit": 252,
        "Operating Income": 107,
        "EBIT": 112,
        "Net Income": 63
    },
    "2012-12-31": {
        "Diluted EPS": 0.07,
        "Total Revenue": 472,
        "Gross Profit": 244,
        "Operating Income": 114,
        "EBIT": 119,
        "Net Income": 68
    },
    "2012-09-30": {
        "Diluted EPS": 0.08,
        "Total Revenue": 542,
        "Gross Profit": 274,
        "Operating Income": 141,
        "EBIT": 146,
        "Net Income": 86
    },
    "2012-06-30": {
        "Diluted EPS": 0.1,
        "Total Revenue": 593,
        "Gross Profit": 307,
        "Operating Income": 170,
        "EBIT": 175,
        "Net Income": 110
    },
    "2012-03-31": {
        "Diluted EPS": 0.07,
        "Total Revenue": 455,
        "Gross Profit": 241,
        "Operating Income": 126,
        "EBIT": 131,
        "Net Income": 76
    },
    "2011-12-31": {
        "Diluted EPS": 0.06,
        "Total Revenue": 410,
        "Gross Profit": 214,
        "Operating Income": 103,
        "EBIT": 108,
        "Net Income": 65
    },
    "2011-09-30": {
        "Diluted EPS": 0.07,
        "Total Revenue": 475,
        "Gross Profit": 250,
        "Operating Income": 132,
        "EBIT": 137,
        "Net Income": 82
    },
    "2011-06-30": {
        "Diluted EPS": 0.08,
        "Total Revenue": 462,
        "Gross Profit": 244,
        "Operating Income": 132,
        "EBIT": 137,
        "Net Income": 84
    },
    "2011-03-31": {
        "Diluted EPS": 0.05,
        "Total Revenue": 356,
        "Gross Profit": 186,
        "Operating Income": 88,
        "EBIT": 92,
        "Net Income": 55
    },
    "2010-12-31": {
        "Diluted EPS": 0.04,
        "Total Revenue": 319,
        "Gross Profit": 164,
        "Operating Income": 80,
        "EBIT": 83,
        "Net Income": 49
    },
    "2010-09-30": {
        "Diluted EPS": 0.06,
        "Total Revenue": 381,
        "Gross Profit": 198,
        "Operating Income": 108,
        "EBIT": 111,
        "Net Income": 66
    },
    "2010-06-30": {
        "Diluted EPS": 0.06,
        "Total Revenue": 366,
        "Gross Profit": 193,
        "Operating Income": 110,
        "EBIT": 112,
        "Net Income": 64
    },
    "2010-03-31": {
        "Diluted EPS": 0.03,
        "Total Revenue": 238,
        "Gross Profit": 125,
        "Operating Income": 51,
        "EBIT": 53,
        "Net Income": 33
    },
    "2009-12-31": {
        "Diluted EPS": 0.05,
        "Total Revenue": 291,
        "Gross Profit": 155,
        "Operating Income": 86,
        "EBIT": 88,
        "Net Income": 53
    },
    "2009-09-30": {
        "Diluted EPS": 0.05,
        "Total Revenue": 308,
        "Gross Profit": 165,
        "Operating Income": 93,
        "EBIT": 95,
        "Net Income": 57
    },
    "2009-06-30": {
        "Diluted EPS": 0.05,
        "Total Revenue": 300,
        "Gross Profit": 162,
        "Operating Income": 93,
        "EBIT": 94,
        "Net Income": 57
    },
    "2009-03-31": {
        "Diluted EPS": 0.04,
        "Total Revenue": 244,
        "Gross Profit": 130,
        "Operating Income": 66,
        "EBIT": 67,
        "Net Income": 42
    },
    "2023-09-30": {
        "Tax Effect Of Unusual Items": 0.0,
        "Tax Rate For Calcs": 0.222,
        "Normalized EBITDA": 528507000.0,
        "Net Income From Continuing Operation Net Minority Interest": 452694000.0,
        "Reconciled Depreciation": 17980000.0,
        "Reconciled Cost Of Revenue": 872265000.0,
        "EBITDA": 528507000.0,
        "EBIT": 510527000.0,
        "Net Interest Income": 71357000.0,
        "Interest Income": NaN,
        "Normalized Income": 452694000.0,
        "Net Income From Continuing And Discontinued Operation": 452694000.0,
        "Total Expenses": 1345501000.0,
        "Total Operating Income As Reported": 510527000.0,
        "Diluted Average Shares": 1059966000.0,
        "Basic Average Shares": 1047015000.0,
        "Diluted EPS": 0.43,
        "Basic EPS": 0.43,
        "Diluted NI Availto Com Stockholders": 452694000.0,
        "Net Income Common Stockholders": 452694000.0,
        "Net Income": 452694000.0,
        "Net Income Including Noncontrolling Interests": 452694000.0,
        "Net Income Continuous Operations": 452694000.0,
        "Tax Provision": 129190000.0,
        "Pretax Income": 581884000.0,
        "Net Non Operating Interest Income Expense": 71357000.0,
        "Total Other Finance Cost": -71357000.0,
        "Interest Income Non Operating": NaN,
        "Operating Income": 510527000.0,
        "Operating Expense": 473236000.0,
        "Gross Profit": 983763000.0,
        "Cost Of Revenue": 872265000.0,
        "Total Revenue": 1856028000.0,
        "Operating Revenue": 1856028000.0
    },
    "2023-12-31": {
        "Tax Effect Of Unusual Items": 0.0,
        "Tax Rate For Calcs": 0.184629,
        "Normalized EBITDA": 452493000.0,
        "Net Income From Continuing Operation Net Minority Interest": 366979000.0,
        "Reconciled Depreciation": 18534000.0,
        "Reconciled Cost Of Revenue": 791735000.0,
        "EBITDA": 452493000.0,
        "EBIT": 433959000.0,
        "Net Interest Income": 16117000.0,
        "Interest Income": NaN,
        "Normalized Income": 366979000.0,
        "Net Income From Continuing And Discontinued Operation": 366979000.0,
        "Total Expenses": 1296149000.0,
        "Total Operating Income As Reported": 433959000.0,
        "Diluted Average Shares": 1052524000.0,
        "Basic Average Shares": 1040584000.0,
        "Diluted EPS": 0.35,
        "Basic EPS": 0.35,
        "Diluted NI Availto Com Stockholders": 366979000.0,
        "Net Income Common Stockholders": 366979000.0,
        "Net Income": 366979000.0,
        "Net Income Including Noncontrolling Interests": 366979000.0,
        "Net Income Continuous Operations": 366979000.0,
        "Tax Provision": 83097000.0,
        "Pretax Income": 450076000.0,
        "Net Non Operating Interest Income Expense": 16117000.0,
        "Total Other Finance Cost": -16117000.0,
        "Interest Income Non Operating": NaN,
        "Operating Income": 433959000.0,
        "Operating Expense": 504414000.0,
        "Gross Profit": 938373000.0,
        "Cost Of Revenue": 791735000.0,
        "Total Revenue": 1730108000.0,
        "Operating Revenue": 1730108000.0
    },
    "2024-03-31": {
        "Tax Effect Of Unusual Items": 0.0,
        "Tax Rate For Calcs": 0.235,
        "Normalized EBITDA": 562466000.0,
        "Net Income From Continuing Operation Net Minority Interest": 442049000.0,
        "Reconciled Depreciation": 20475000.0,
        "Reconciled Cost Of Revenue": 871969000.0,
        "EBITDA": 562466000.0,
        "EBIT": 541991000.0,
        "Net Interest Income": 35754000.0,
        "Interest Income": 35754000.0,
        "Normalized Income": 442049000.0,
        "Net Income From Continuing And Discontinued Operation": 442049000.0,
        "Total Expenses": 1357107000.0,
        "Total Operating Income As Reported": 541991000.0,
        "Diluted Average Shares": 1051282000.0,
        "Basic Average Shares": 1041081000.0,
        "Diluted EPS": 0.42,
        "Basic EPS": 0.42,
        "Diluted NI Availto Com Stockholders": 442049000.0,
        "Net Income Common Stockholders": 442049000.0,
        "Net Income": 442049000.0,
        "Net Income Including Noncontrolling Interests": 442049000.0,
        "Net Income Continuous Operations": 442049000.0,
        "Tax Provision": 135696000.0,
        "Pretax Income": 577745000.0,
        "Net Non Operating Interest Income Expense": 35754000.0,
        "Total Other Finance Cost": -35754000.0,
        "Interest Income Non Operating": 35754000.0,
        "Operating Income": 541991000.0,
        "Operating Expense": 485138000.0,
        "Gross Profit": 1027129000.0,
        "Cost Of Revenue": 871969000.0,
        "Total Revenue": 1899098000.0,
        "Operating Revenue": 1899098000.0
    },
    "2024-06-30": {
        "Tax Effect Of Unusual Items": 0.0,
        "Tax Rate For Calcs": 0.229,
        "Normalized EBITDA": 546601000.0,
        "Net Income From Continuing Operation Net Minority Interest": 425369000.0,
        "Reconciled Depreciation": 19438000.0,
        "Reconciled Cost Of Revenue": 881091000.0,
        "EBITDA": 546601000.0,
        "EBIT": 527163000.0,
        "Net Interest Income": 24376000.0,
        "Interest Income": 24376000.0,
        "Normalized Income": 425369000.0,
        "Net Income From Continuing And Discontinued Operation": 425369000.0,
        "Total Expenses": 1373434000.0,
        "Total Operating Income As Reported": 527163000.0,
        "Diluted Average Shares": 1037378000.0,
        "Basic Average Shares": 1029268000.0,
        "Diluted EPS": 0.41,
        "Basic EPS": 0.41,
        "Diluted NI Availto Com Stockholders": 425369000.0,
        "Net Income Common Stockholders": 425369000.0,
        "Net Income": 425369000.0,
        "Net Income Including Noncontrolling Interests": 425369000.0,
        "Net Income Continuous Operations": 425369000.0,
        "Tax Provision": 126170000.0,
        "Pretax Income": 551539000.0,
        "Net Non Operating Interest Income Expense": 24376000.0,
        "Total Other Finance Cost": NaN,
        "Interest Income Non Operating": 24376000.0,
        "Operating Income": 527163000.0,
        "Operating Expense": 492343000.0,
        "Gross Profit": 1019506000.0,
        "Cost Of Revenue": 881091000.0,
        "Total Revenue": 1900597000.0,
        "Operating Revenue": 1900597000.0
    },
    "2024-09-30": {
        "Tax Effect Of Unusual Items": 0.0,
        "Tax Rate For Calcs": 0.218,
        "Normalized EBITDA": 499825000.0,
        "Net Income From Continuing Operation Net Minority Interest": 370919000.0,
        "Reconciled Depreciation": 19909000.0,
        "Reconciled Cost Of Revenue": 881174000.0,
        "EBITDA": 499825000.0,
        "EBIT": 479916000.0,
        "Net Interest Income": -5820000.0,
        "Interest Income": NaN,
        "Normalized Income": 370919000.0,
        "Net Income From Continuing And Discontinued Operation": 370919000.0,
        "Total Expenses": 1401057000.0,
        "Total Operating Income As Reported": 479916000.0,
        "Diluted Average Shares": 983171000.0,
        "Basic Average Shares": 975841000.0,
        "Diluted EPS": 0.38,
        "Basic EPS": 0.38,
        "Diluted NI Availto Com Stockholders": 370919000.0,
        "Net Income Common Stockholders": 370919000.0,
        "Net Income": 370919000.0,
        "Net Income Including Noncontrolling Interests": 370919000.0,
        "Net Income Continuous Operations": 370919000.0,
        "Tax Provision": 103177000.0,
        "Pretax Income": 474096000.0,
        "Net Non Operating Interest Income Expense": -5820000.0,
        "Total Other Finance Cost": 5820000.0,
        "Interest Income Non Operating": NaN,
        "Operating Income": 479916000.0,
        "Operating Expense": 519883000.0,
        "Gross Profit": 999799000.0,
        "Cost Of Revenue": 881174000.0,
        "Total Revenue": 1880973000.0,
        "Operating Revenue": 1880973000.0
    }
}