{
    "2023-03-31": {
        "Tax Effect Of Unusual Items": NaN,
        "Tax Rate For Calcs": NaN,
        "Normalized EBITDA": NaN,
        "Total Unusual Items": NaN,
        "Total Unusual Items Excluding Goodwill": NaN,
        "Net Income From Continuing Operation Net Minority Interest": NaN,
        "Reconciled Depreciation": NaN,
        "Reconciled Cost Of Revenue": NaN,
        "EBITDA": NaN,
        "EBIT": NaN,
        "Net Interest Income": NaN,
        "Interest Expense": NaN,
        "Normalized Income": NaN,
        "Net Income From Continuing And Discontinued Operation": NaN,
        "Total Expenses": NaN,
        "Total Operating Income As Reported": NaN,
        "Diluted Average Shares": 141633417.0,
        "Basic Average Shares": 141633417.0,
        "Diluted EPS": -0.03,
        "Basic EPS": -0.03,
        "Diluted NI Availto Com Stockholders": NaN,
        "Net Income Common Stockholders": NaN,
        "Net Income": NaN,
        "Net Income Including Noncontrolling Interests": NaN,
        "Net Income Continuous Operations": NaN,
        "Tax Provision": NaN,
        "Pretax Income": NaN,
        "Other Income Expense": NaN,
        "Other Non Operating Income Expenses": NaN,
        "Special Income Charges": NaN,
        "Write Off": 451000.0,
        "Impairment Of Capital Assets": NaN,
        "Restructuring And Mergern Acquisition": NaN,
        "Net Non Operating Interest Income Expense": NaN,
        "Interest Expense Non Operating": NaN,
        "Operating Income": NaN,
        "Operating Expense": NaN,
        "Depreciation Amortization Depletion Income Statement": NaN,
        "Depreciation And Amortization In Income Statement": 5196000.0,
        "Selling General And Administration": NaN,
        "General And Administrative Expense": NaN,
        "Other Gand A": NaN,
        "Gross Profit": NaN,
        "Cost Of Revenue": NaN,
        "Total Revenue": NaN,
        "Operating Revenue": NaN
    },
    "2022-12-31": {
        "Tax Effect Of Unusual Items": NaN,
        "Tax Rate For Calcs": NaN,
        "Normalized EBITDA": NaN,
        "Total Unusual Items": NaN,
        "Total Unusual Items Excluding Goodwill": NaN,
        "Net Income From Continuing Operation Net Minority Interest": NaN,
        "Reconciled Depreciation": NaN,
        "Reconciled Cost Of Revenue": NaN,
        "EBITDA": NaN,
        "EBIT": NaN,
        "Net Interest Income": NaN,
        "Interest Expense": NaN,
        "Normalized Income": NaN,
        "Net Income From Continuing And Discontinued Operation": NaN,
        "Total Expenses": NaN,
        "Total Operating Income As Reported": NaN,
        "Diluted Average Shares": NaN,
        "Basic Average Shares": NaN,
        "Diluted EPS": NaN,
        "Basic EPS": NaN,
        "Diluted NI Availto Com Stockholders": NaN,
        "Net Income Common Stockholders": NaN,
        "Net Income": NaN,
        "Net Income Including Noncontrolling Interests": NaN,
        "Net Income Continuous Operations": NaN,
        "Tax Provision": NaN,
        "Pretax Income": NaN,
        "Other Income Expense": NaN,
        "Other Non Operating Income Expenses": NaN,
        "Special Income Charges": NaN,
        "Other Special Charges": 0.0,
        "Write Off": 2459000.0,
        "Impairment Of Capital Assets": NaN,
        "Restructuring And Mergern Acquisition": NaN,
        "Net Non Operating Interest Income Expense": NaN,
        "Interest Expense Non Operating": NaN,
        "Operating Income": NaN,
        "Operating Expense": NaN,
        "Depreciation Amortization Depletion Income Statement": NaN,
        "Depreciation And Amortization In Income Statement": 5247000.0,
        "Selling General And Administration": NaN,
        "General And Administrative Expense": NaN,
        "Other Gand A": NaN,
        "Gross Profit": NaN,
        "Cost Of Revenue": NaN,
        "Total Revenue": NaN,
        "Operating Revenue": NaN
    },
    "2022-09-30": {
        "Tax Effect Of Unusual Items": NaN,
        "Tax Rate For Calcs": NaN,
        "Normalized EBITDA": NaN,
        "Total Unusual Items": NaN,
        "Total Unusual Items Excluding Goodwill": NaN,
        "Net Income From Continuing Operation Net Minority Interest": NaN,
        "Reconciled Depreciation": NaN,
        "Reconciled Cost Of Revenue": NaN,
        "EBITDA": NaN,
        "EBIT": NaN,
        "Net Interest Income": NaN,
        "Interest Expense": NaN,
        "Normalized Income": NaN,
        "Net Income From Continuing And Discontinued Operation": NaN,
        "Total Expenses": NaN,
        "Total Operating Income As Reported": NaN,
        "Diluted Average Shares": 142722396.0,
        "Basic Average Shares": 141290748.0,
        "Diluted EPS": 0.08,
        "Basic EPS": 0.08,
        "Diluted NI Availto Com Stockholders": NaN,
        "Net Income Common Stockholders": NaN,
        "Net Income": NaN,
        "Net Income Including Noncontrolling Interests": NaN,
        "Net Income Continuous Operations": NaN,
        "Tax Provision": NaN,
        "Pretax Income": NaN,
        "Other Income Expense": NaN,
        "Other Non Operating Income Expenses": NaN,
        "Special Income Charges": NaN,
        "Other Special Charges": NaN,
        "Write Off": 2273000.0,
        "Impairment Of Capital Assets": NaN,
        "Restructuring And Mergern Acquisition": NaN,
        "Net Non Operating Interest Income Expense": NaN,
        "Interest Expense Non Operating": NaN,
        "Operating Income": NaN,
        "Operating Expense": NaN,
        "Depreciation Amortization Depletion Income Statement": NaN,
        "Depreciation And Amortization In Income Statement": 5167000.0,
        "Selling General And Administration": NaN,
        "General And Administrative Expense": NaN,
        "Other Gand A": NaN,
        "Gross Profit": NaN,
        "Cost Of Revenue": NaN,
        "Total Revenue": NaN,
        "Operating Revenue": NaN
    },
    "2022-06-30": {
        "Tax Effect Of Unusual Items": -14208.0,
        "Tax Rate For Calcs": 0.192,
        "Normalized EBITDA": 29196000.0,
        "Total Unusual Items": -74000.0,
        "Total Unusual Items Excluding Goodwill": -74000.0,
        "Net Income From Continuing Operation Net Minority Interest": 19152000.0,
        "Reconciled Depreciation": 5133000.0,
        "Reconciled Cost Of Revenue": 29961000.0,
        "EBITDA": 29122000.0,
        "EBIT": 23988000.0,
        "Net Interest Income": -271000.0,
        "Interest Expense": 271000.0,
        "Normalized Income": 19211792.0,
        "Net Income From Continuing And Discontinued Operation": 19152000.0,
        "Total Expenses": 43847000.0,
        "Total Operating Income As Reported": 23963000.0,
        "Diluted Average Shares": 142462069.0,
        "Basic Average Shares": 141129457.0,
        "Diluted EPS": 0.13,
        "Basic EPS": 0.14,
        "Diluted NI Availto Com Stockholders": 19152000.0,
        "Net Income Common Stockholders": 19152000.0,
        "Net Income": 19152000.0,
        "Net Income Including Noncontrolling Interests": 19152000.0,
        "Net Income Continuous Operations": 19152000.0,
        "Tax Provision": 4565000.0,
        "Pretax Income": 23717000.0,
        "Other Income Expense": -49000.0,
        "Other Non Operating Income Expenses": 25000.0,
        "Special Income Charges": -74000.0,
        "Gain On Sale Of Ppe": 0.0,
        "Other Special Charges": NaN,
        "Write Off": 69000.0,
        "Restructuring And Mergern Acquisition": 5000.0,
        "Net Non Operating Interest Income Expense": -271000.0,
        "Interest Expense Non Operating": 271000.0,
        "Operating Income": 24037000.0,
        "Operating Expense": 13887000.0,
        "Depreciation Amortization Depletion Income Statement": 5134000.0,
        "Depreciation And Amortization In Income Statement": 5134000.0,
        "Selling General And Administration": 8753000.0,
        "General And Administrative Expense": 8753000.0,
        "Other Gand A": 8753000.0,
        "Gross Profit": 37924000.0,
        "Cost Of Revenue": 29960000.0,
        "Total Revenue": 67884000.0,
        "Operating Revenue": 67884000.0
    },
    "2022-03-31": {
        "Diluted EPS": -0.01,
        "Total Revenue": 32,
        "Gross Profit": 32,
        "Operating Income": -2,
        "EBIT": 4,
        "Net Income": -1
    },
    "2021-12-31": {
        "Diluted EPS": 0.04,
        "Total Revenue": 45,
        "Gross Profit": 45,
        "Operating Income": 9,
        "EBIT": 15,
        "Net Income": 5
    },
    "2021-09-30": {
        "Diluted EPS": 0.06,
        "Total Revenue": 40,
        "Gross Profit": 40,
        "Operating Income": 7,
        "EBIT": 13,
        "Net Income": 9
    },
    "2021-06-30": {
        "Diluted EPS": -0.03,
        "Total Revenue": 32,
        "Gross Profit": 32,
        "Operating Income": -1,
        "EBIT": 5,
        "Net Income": -5
    },
    "2021-03-31": {
        "Diluted EPS": -0.1,
        "Total Revenue": 31,
        "Gross Profit": 31,
        "Operating Income": -12,
        "EBIT": -6,
        "Net Income": -14
    },
    "2020-12-31": {
        "Diluted EPS": 0.0,
        "Total Revenue": 26,
        "Gross Profit": 14,
        "Operating Income": -2,
        "EBIT": 4,
        "Net Income": 2
    },
    "2020-09-30": {
        "Diluted EPS": 0.0,
        "Total Revenue": 28,
        "Gross Profit": 28,
        "Operating Income": 5,
        "EBIT": 10,
        "Net Income": -2
    },
    "2020-06-30": {
        "Diluted EPS": 0.0,
        "Total Revenue": 28,
        "Gross Profit": 28,
        "Operating Income": 4,
        "EBIT": 9,
        "Net Income": -2
    },
    "2020-03-31": {
        "Diluted EPS": 0.0,
        "Total Revenue": 18,
        "Gross Profit": 18,
        "Operating Income": -3,
        "EBIT": 3,
        "Net Income": 6
    },
    "2019-12-31": {
        "Diluted EPS": 0.0,
        "Total Revenue": NaN,
        "Gross Profit": NaN,
        "Operating Income": NaN,
        "EBIT": NaN,
        "Net Income": NaN
    },
    "2018-12-31": {
        "Diluted EPS": 0.0,
        "Total Revenue": NaN,
        "Gross Profit": NaN,
        "Operating Income": NaN,
        "EBIT": NaN,
        "Net Income": NaN
    },
    "2023-06-30": {
        "Tax Effect Of Unusual Items": -58170.0,
        "Tax Rate For Calcs": 0.21,
        "Normalized EBITDA": 19175000.0,
        "Total Unusual Items": -277000.0,
        "Total Unusual Items Excluding Goodwill": -277000.0,
        "Net Income From Continuing Operation Net Minority Interest": 1003000.0,
        "Reconciled Depreciation": 5251000.0,
        "Reconciled Cost Of Revenue": 25426000.0,
        "EBITDA": 18898000.0,
        "EBIT": 13647000.0,
        "Net Interest Income": -711000.0,
        "Interest Expense": 711000.0,
        "Normalized Income": 1221830.0,
        "Net Income From Continuing And Discontinued Operation": 1003000.0,
        "Total Expenses": 39422000.0,
        "Total Operating Income As Reported": 13557000.0,
        "Diluted Average Shares": 142045498.0,
        "Basic Average Shares": 141633417.0,
        "Diluted EPS": 0.01,
        "Basic EPS": 0.01,
        "Diluted NI Availto Com Stockholders": 1003000.0,
        "Net Income Common Stockholders": 1003000.0,
        "Net Income": 1003000.0,
        "Net Income Including Noncontrolling Interests": 1003000.0,
        "Net Income Continuous Operations": 1003000.0,
        "Tax Provision": 11933000.0,
        "Pretax Income": 12936000.0,
        "Other Income Expense": -187000.0,
        "Other Non Operating Income Expenses": 90000.0,
        "Special Income Charges": -277000.0,
        "Write Off": 274000.0,
        "Impairment Of Capital Assets": 274000.0,
        "Restructuring And Mergern Acquisition": 3000.0,
        "Net Non Operating Interest Income Expense": -711000.0,
        "Interest Expense Non Operating": 711000.0,
        "Operating Income": 13834000.0,
        "Operating Expense": 13996000.0,
        "Depreciation Amortization Depletion Income Statement": 5251000.0,
        "Depreciation And Amortization In Income Statement": 5251000.0,
        "Selling General And Administration": 8745000.0,
        "General And Administrative Expense": 8745000.0,
        "Other Gand A": 8745000.0,
        "Gross Profit": 27830000.0,
        "Cost Of Revenue": 25426000.0,
        "Total Revenue": 53256000.0,
        "Operating Revenue": 53256000.0
    },
    "2023-09-30": {
        "Tax Effect Of Unusual Items": -9180.0,
        "Tax Rate For Calcs": 0.18,
        "Normalized EBITDA": 22434000.0,
        "Total Unusual Items": -51000.0,
        "Total Unusual Items Excluding Goodwill": -51000.0,
        "Net Income From Continuing Operation Net Minority Interest": 12934000.0,
        "Reconciled Depreciation": 5345000.0,
        "Reconciled Cost Of Revenue": 25663000.0,
        "EBITDA": 22383000.0,
        "EBIT": 17037000.0,
        "Net Interest Income": -1295000.0,
        "Interest Expense": 1295000.0,
        "Normalized Income": 12975820.0,
        "Net Income From Continuing And Discontinued Operation": 12934000.0,
        "Total Expenses": 38856000.0,
        "Total Operating Income As Reported": 16781000.0,
        "Diluted Average Shares": 142299875.0,
        "Basic Average Shares": 141717612.0,
        "Diluted EPS": 0.09,
        "Basic EPS": 0.09,
        "Diluted NI Availto Com Stockholders": 12934000.0,
        "Net Income Common Stockholders": 12934000.0,
        "Net Income": 12934000.0,
        "Net Income Including Noncontrolling Interests": 12934000.0,
        "Net Income Continuous Operations": 12934000.0,
        "Tax Provision": 2808000.0,
        "Pretax Income": 15742000.0,
        "Other Income Expense": 205000.0,
        "Other Non Operating Income Expenses": 256000.0,
        "Special Income Charges": -51000.0,
        "Write Off": 51000.0,
        "Impairment Of Capital Assets": 51000.0,
        "Restructuring And Mergern Acquisition": 0.0,
        "Net Non Operating Interest Income Expense": -1295000.0,
        "Interest Expense Non Operating": 1295000.0,
        "Operating Income": 16832000.0,
        "Operating Expense": 13194000.0,
        "Depreciation Amortization Depletion Income Statement": 5346000.0,
        "Depreciation And Amortization In Income Statement": NaN,
        "Selling General And Administration": 7848000.0,
        "General And Administrative Expense": 7848000.0,
        "Other Gand A": 7848000.0,
        "Gross Profit": 30026000.0,
        "Cost Of Revenue": 25662000.0,
        "Total Revenue": 55688000.0,
        "Operating Revenue": 55688000.0
    },
    "2023-12-31": {
        "Tax Effect Of Unusual Items": -28888.90896,
        "Tax Rate For Calcs": 0.133129,
        "Normalized EBITDA": 13191000.0,
        "Total Unusual Items": -217000.0,
        "Total Unusual Items Excluding Goodwill": -217000.0,
        "Net Income From Continuing Operation Net Minority Interest": 4799000.0,
        "Reconciled Depreciation": 5366000.0,
        "Reconciled Cost Of Revenue": 25421000.0,
        "EBITDA": 12974000.0,
        "EBIT": 7608000.0,
        "Net Interest Income": -2072000.0,
        "Interest Expense": 2072000.0,
        "Normalized Income": 4987111.09104,
        "Net Income From Continuing And Discontinued Operation": 4799000.0,
        "Total Expenses": 39121000.0,
        "Total Operating Income As Reported": 7469000.0,
        "Diluted Average Shares": NaN,
        "Basic Average Shares": NaN,
        "Diluted EPS": NaN,
        "Basic EPS": NaN,
        "Diluted NI Availto Com Stockholders": 4799000.0,
        "Net Income Common Stockholders": 4799000.0,
        "Net Income": 4799000.0,
        "Net Income Including Noncontrolling Interests": 4799000.0,
        "Net Income Continuous Operations": 4799000.0,
        "Tax Provision": 737000.0,
        "Pretax Income": 5536000.0,
        "Other Income Expense": -78000.0,
        "Other Non Operating Income Expenses": 139000.0,
        "Special Income Charges": -217000.0,
        "Write Off": NaN,
        "Impairment Of Capital Assets": 125000.0,
        "Restructuring And Mergern Acquisition": 92000.0,
        "Net Non Operating Interest Income Expense": -2072000.0,
        "Interest Expense Non Operating": 2072000.0,
        "Operating Income": 7686000.0,
        "Operating Expense": 13700000.0,
        "Depreciation Amortization Depletion Income Statement": 5366000.0,
        "Depreciation And Amortization In Income Statement": NaN,
        "Selling General And Administration": 8334000.0,
        "General And Administrative Expense": 8334000.0,
        "Other Gand A": 8334000.0,
        "Gross Profit": 21386000.0,
        "Cost Of Revenue": 25421000.0,
        "Total Revenue": 46807000.0,
        "Operating Revenue": 46807000.0
    },
    "2024-03-31": {
        "Tax Effect Of Unusual Items": -106020.0,
        "Tax Rate For Calcs": 0.18,
        "Normalized EBITDA": 9451000.0,
        "Total Unusual Items": -589000.0,
        "Total Unusual Items Excluding Goodwill": -589000.0,
        "Net Income From Continuing Operation Net Minority Interest": 1850000.0,
        "Reconciled Depreciation": 5434000.0,
        "Reconciled Cost Of Revenue": 20969000.0,
        "EBITDA": 8862000.0,
        "EBIT": 3428000.0,
        "Net Interest Income": -1165000.0,
        "Interest Expense": 1165000.0,
        "Normalized Income": 2332980.0,
        "Net Income From Continuing And Discontinued Operation": 1850000.0,
        "Total Expenses": 35830000.0,
        "Total Operating Income As Reported": 2368000.0,
        "Diluted Average Shares": 142369219.0,
        "Basic Average Shares": 141986189.0,
        "Diluted EPS": 0.01,
        "Basic EPS": 0.01,
        "Diluted NI Availto Com Stockholders": 1850000.0,
        "Net Income Common Stockholders": 1850000.0,
        "Net Income": 1850000.0,
        "Net Income Including Noncontrolling Interests": 1850000.0,
        "Net Income Continuous Operations": 1850000.0,
        "Tax Provision": 413000.0,
        "Pretax Income": 2263000.0,
        "Other Income Expense": 471000.0,
        "Other Non Operating Income Expenses": 1060000.0,
        "Special Income Charges": -589000.0,
        "Write Off": NaN,
        "Impairment Of Capital Assets": 528000.0,
        "Restructuring And Mergern Acquisition": 61000.0,
        "Net Non Operating Interest Income Expense": -1165000.0,
        "Interest Expense Non Operating": 1165000.0,
        "Operating Income": 2957000.0,
        "Operating Expense": 14861000.0,
        "Depreciation Amortization Depletion Income Statement": 5434000.0,
        "Depreciation And Amortization In Income Statement": NaN,
        "Selling General And Administration": 9427000.0,
        "General And Administrative Expense": 9427000.0,
        "Other Gand A": 9427000.0,
        "Gross Profit": 17818000.0,
        "Cost Of Revenue": 20969000.0,
        "Total Revenue": 38787000.0,
        "Operating Revenue": 38787000.0
    },
    "2024-06-30": {
        "Tax Effect Of Unusual Items": -35910.0,
        "Tax Rate For Calcs": 0.21,
        "Normalized EBITDA": 6912000.0,
        "Total Unusual Items": -171000.0,
        "Total Unusual Items Excluding Goodwill": -171000.0,
        "Net Income From Continuing Operation Net Minority Interest": -712000.0,
        "Reconciled Depreciation": 5823000.0,
        "Reconciled Cost Of Revenue": 27739000.0,
        "EBITDA": 6741000.0,
        "EBIT": 918000.0,
        "Net Interest Income": -1286000.0,
        "Interest Expense": 1286000.0,
        "Normalized Income": -576910.0,
        "Net Income From Continuing And Discontinued Operation": -712000.0,
        "Total Expenses": 42299000.0,
        "Total Operating Income As Reported": 868000.0,
        "Diluted Average Shares": 142069697.0,
        "Basic Average Shares": 142069697.0,
        "Diluted EPS": -0.01,
        "Basic EPS": -0.01,
        "Diluted NI Availto Com Stockholders": -712000.0,
        "Net Income Common Stockholders": -712000.0,
        "Net Income": -712000.0,
        "Net Income Including Noncontrolling Interests": -712000.0,
        "Net Income Continuous Operations": -712000.0,
        "Tax Provision": 344000.0,
        "Pretax Income": -368000.0,
        "Other Income Expense": -121000.0,
        "Other Non Operating Income Expenses": 50000.0,
        "Special Income Charges": -171000.0,
        "Write Off": NaN,
        "Impairment Of Capital Assets": 171000.0,
        "Restructuring And Mergern Acquisition": 0.0,
        "Net Non Operating Interest Income Expense": -1286000.0,
        "Interest Expense Non Operating": 1286000.0,
        "Operating Income": 1039000.0,
        "Operating Expense": 14560000.0,
        "Depreciation Amortization Depletion Income Statement": 5823000.0,
        "Depreciation And Amortization In Income Statement": NaN,
        "Selling General And Administration": 8737000.0,
        "General And Administrative Expense": 8737000.0,
        "Other Gand A": 8737000.0,
        "Gross Profit": 15599000.0,
        "Cost Of Revenue": 27739000.0,
        "Total Revenue": 43338000.0,
        "Operating Revenue": 43338000.0
    }
}