{
    "2023-03-31": {
        "Tax Effect Of Unusual Items": NaN,
        "Tax Rate For Calcs": NaN,
        "Normalized EBITDA": NaN,
        "Total Unusual Items": NaN,
        "Total Unusual Items Excluding Goodwill": NaN,
        "Net Income From Continuing Operation Net Minority Interest": NaN,
        "Reconciled Depreciation": NaN,
        "Reconciled Cost Of Revenue": NaN,
        "EBITDA": NaN,
        "EBIT": NaN,
        "Net Interest Income": NaN,
        "Interest Expense": NaN,
        "Interest Income": NaN,
        "Normalized Income": NaN,
        "Net Income From Continuing And Discontinued Operation": NaN,
        "Total Expenses": NaN,
        "Total Operating Income As Reported": NaN,
        "Diluted Average Shares": 20122054.0,
        "Basic Average Shares": 20122054.0,
        "Diluted EPS": 0.002634,
        "Basic EPS": 0.002634,
        "Diluted NI Availto Com Stockholders": NaN,
        "Net Income Common Stockholders": NaN,
        "Net Income": NaN,
        "Minority Interests": NaN,
        "Net Income Including Noncontrolling Interests": NaN,
        "Net Income Continuous Operations": NaN,
        "Tax Provision": NaN,
        "Pretax Income": NaN,
        "Other Income Expense": NaN,
        "Other Non Operating Income Expenses": NaN,
        "Special Income Charges": NaN,
        "Restructuring And Mergern Acquisition": NaN,
        "Gain On Sale Of Security": NaN,
        "Net Non Operating Interest Income Expense": NaN,
        "Interest Expense Non Operating": NaN,
        "Interest Income Non Operating": NaN,
        "Operating Income": NaN,
        "Operating Expense": NaN,
        "Research And Development": NaN,
        "Selling General And Administration": NaN,
        "Gross Profit": NaN,
        "Cost Of Revenue": NaN,
        "Total Revenue": NaN,
        "Operating Revenue": NaN
    },
    "2022-12-31": {
        "Tax Effect Of Unusual Items": NaN,
        "Tax Rate For Calcs": NaN,
        "Normalized EBITDA": NaN,
        "Total Unusual Items": NaN,
        "Total Unusual Items Excluding Goodwill": NaN,
        "Net Income From Continuing Operation Net Minority Interest": NaN,
        "Reconciled Depreciation": NaN,
        "Reconciled Cost Of Revenue": NaN,
        "EBITDA": NaN,
        "EBIT": NaN,
        "Net Interest Income": NaN,
        "Interest Expense": NaN,
        "Interest Income": NaN,
        "Normalized Income": NaN,
        "Net Income From Continuing And Discontinued Operation": NaN,
        "Total Expenses": NaN,
        "Total Operating Income As Reported": NaN,
        "Diluted Average Shares": NaN,
        "Basic Average Shares": NaN,
        "Diluted EPS": NaN,
        "Basic EPS": NaN,
        "Diluted NI Availto Com Stockholders": NaN,
        "Net Income Common Stockholders": NaN,
        "Net Income": NaN,
        "Minority Interests": NaN,
        "Net Income Including Noncontrolling Interests": NaN,
        "Net Income Continuous Operations": NaN,
        "Tax Provision": NaN,
        "Pretax Income": NaN,
        "Other Income Expense": NaN,
        "Other Non Operating Income Expenses": NaN,
        "Special Income Charges": 0.0,
        "Restructuring And Mergern Acquisition": 0.0,
        "Gain On Sale Of Security": NaN,
        "Net Non Operating Interest Income Expense": NaN,
        "Interest Expense Non Operating": NaN,
        "Interest Income Non Operating": NaN,
        "Operating Income": NaN,
        "Operating Expense": NaN,
        "Research And Development": NaN,
        "Selling General And Administration": NaN,
        "Gross Profit": NaN,
        "Cost Of Revenue": NaN,
        "Total Revenue": NaN,
        "Operating Revenue": NaN
    },
    "2022-09-30": {
        "Tax Effect Of Unusual Items": NaN,
        "Tax Rate For Calcs": NaN,
        "Normalized EBITDA": NaN,
        "Total Unusual Items": NaN,
        "Total Unusual Items Excluding Goodwill": NaN,
        "Net Income From Continuing Operation Net Minority Interest": NaN,
        "Reconciled Depreciation": NaN,
        "Reconciled Cost Of Revenue": NaN,
        "EBITDA": NaN,
        "EBIT": NaN,
        "Net Interest Income": NaN,
        "Interest Expense": NaN,
        "Interest Income": NaN,
        "Normalized Income": NaN,
        "Net Income From Continuing And Discontinued Operation": NaN,
        "Total Expenses": NaN,
        "Total Operating Income As Reported": NaN,
        "Diluted Average Shares": NaN,
        "Basic Average Shares": NaN,
        "Diluted EPS": NaN,
        "Basic EPS": NaN,
        "Diluted NI Availto Com Stockholders": NaN,
        "Net Income Common Stockholders": NaN,
        "Net Income": NaN,
        "Minority Interests": NaN,
        "Net Income Including Noncontrolling Interests": NaN,
        "Net Income Continuous Operations": NaN,
        "Tax Provision": NaN,
        "Pretax Income": NaN,
        "Other Income Expense": NaN,
        "Other Non Operating Income Expenses": NaN,
        "Special Income Charges": -37000.0,
        "Restructuring And Mergern Acquisition": 37000.0,
        "Gain On Sale Of Security": NaN,
        "Net Non Operating Interest Income Expense": NaN,
        "Interest Expense Non Operating": NaN,
        "Interest Income Non Operating": NaN,
        "Operating Income": NaN,
        "Operating Expense": NaN,
        "Research And Development": NaN,
        "Selling General And Administration": NaN,
        "Gross Profit": NaN,
        "Cost Of Revenue": NaN,
        "Total Revenue": NaN,
        "Operating Revenue": NaN
    },
    "2022-06-30": {
        "Tax Effect Of Unusual Items": -697600.0,
        "Tax Rate For Calcs": 0.4,
        "Normalized EBITDA": 3714000.0,
        "Total Unusual Items": -1744000.0,
        "Total Unusual Items Excluding Goodwill": -1744000.0,
        "Net Income From Continuing Operation Net Minority Interest": -2257000.0,
        "Reconciled Depreciation": 2773000.0,
        "Reconciled Cost Of Revenue": 57210000.0,
        "EBITDA": 1970000.0,
        "EBIT": -803000.0,
        "Net Interest Income": -1067000.0,
        "Interest Expense": 1068000.0,
        "Interest Income": 1000.0,
        "Normalized Income": -1210600.0,
        "Net Income From Continuing And Discontinued Operation": -2257000.0,
        "Total Expenses": 69361000.0,
        "Total Operating Income As Reported": -1670000.0,
        "Diluted Average Shares": 20058966.0,
        "Basic Average Shares": 20058966.0,
        "Diluted EPS": -0.1,
        "Basic EPS": -0.1,
        "Diluted NI Availto Com Stockholders": -2257000.0,
        "Net Income Common Stockholders": -2257000.0,
        "Net Income": -2257000.0,
        "Minority Interests": -154000.0,
        "Net Income Including Noncontrolling Interests": -2103000.0,
        "Net Income Continuous Operations": -2103000.0,
        "Tax Provision": 232000.0,
        "Pretax Income": -1871000.0,
        "Other Income Expense": -1020000.0,
        "Other Non Operating Income Expenses": 724000.0,
        "Special Income Charges": -1886000.0,
        "Impairment Of Capital Assets": NaN,
        "Restructuring And Mergern Acquisition": 1886000.0,
        "Gain On Sale Of Security": 142000.0,
        "Net Non Operating Interest Income Expense": -1067000.0,
        "Interest Expense Non Operating": 1068000.0,
        "Interest Income Non Operating": 1000.0,
        "Operating Income": 216000.0,
        "Operating Expense": 12151000.0,
        "Research And Development": 720000.0,
        "Selling General And Administration": 11431000.0,
        "Gross Profit": 12367000.0,
        "Cost Of Revenue": 57210000.0,
        "Total Revenue": 69577000.0,
        "Operating Revenue": 69577000.0
    },
    "2022-03-31": {
        "Diluted EPS": 0.01,
        "Total Revenue": 60,
        "Gross Profit": 10,
        "Operating Income": 1,
        "EBIT": 2,
        "Net Income": 0
    },
    "2021-12-31": {
        "Diluted EPS": -0.4,
        "Total Revenue": 53,
        "Gross Profit": 5,
        "Operating Income": -7,
        "EBIT": -6,
        "Net Income": -8
    },
    "2021-09-30": {
        "Diluted EPS": -0.06,
        "Total Revenue": 51,
        "Gross Profit": 8,
        "Operating Income": 0,
        "EBIT": 1,
        "Net Income": -1
    },
    "2021-06-30": {
        "Diluted EPS": 0.27,
        "Total Revenue": 60,
        "Gross Profit": 11,
        "Operating Income": 3,
        "EBIT": 4,
        "Net Income": 5
    },
    "2021-03-31": {
        "Diluted EPS": -0.04,
        "Total Revenue": 47,
        "Gross Profit": 9,
        "Operating Income": 0,
        "EBIT": 1,
        "Net Income": -1
    },
    "2020-12-31": {
        "Diluted EPS": -0.09,
        "Total Revenue": 45,
        "Gross Profit": 8,
        "Operating Income": 0,
        "EBIT": -5,
        "Net Income": -2
    },
    "2020-09-30": {
        "Diluted EPS": -0.08,
        "Total Revenue": 36,
        "Gross Profit": 7,
        "Operating Income": -1,
        "EBIT": 1,
        "Net Income": -2
    },
    "2020-06-30": {
        "Diluted EPS": -0.14,
        "Total Revenue": 37,
        "Gross Profit": 6,
        "Operating Income": -2,
        "EBIT": -1,
        "Net Income": -3
    },
    "2020-03-31": {
        "Diluted EPS": -0.38,
        "Total Revenue": 49,
        "Gross Profit": 10,
        "Operating Income": -5,
        "EBIT": 3,
        "Net Income": -7
    },
    "2019-12-31": {
        "Diluted EPS": -0.04,
        "Total Revenue": 53,
        "Gross Profit": 10,
        "Operating Income": 1,
        "EBIT": 3,
        "Net Income": -1
    },
    "2019-09-30": {
        "Diluted EPS": -0.6,
        "Total Revenue": 51,
        "Gross Profit": 8,
        "Operating Income": -1,
        "EBIT": 3,
        "Net Income": -12
    },
    "2019-06-30": {
        "Diluted EPS": 0.16,
        "Total Revenue": 57,
        "Gross Profit": 10,
        "Operating Income": 0,
        "EBIT": 2,
        "Net Income": 3
    },
    "2019-03-31": {
        "Diluted EPS": 0.05,
        "Total Revenue": 54,
        "Gross Profit": 12,
        "Operating Income": 2,
        "EBIT": 4,
        "Net Income": 1
    },
    "2018-12-31": {
        "Diluted EPS": -0.59,
        "Total Revenue": 61,
        "Gross Profit": 9,
        "Operating Income": -6,
        "EBIT": -2,
        "Net Income": -11
    },
    "2018-09-30": {
        "Diluted EPS": 0.01,
        "Total Revenue": 61,
        "Gross Profit": 12,
        "Operating Income": 3,
        "EBIT": 4,
        "Net Income": 0
    },
    "2018-06-30": {
        "Diluted EPS": -0.05,
        "Total Revenue": 64,
        "Gross Profit": 12,
        "Operating Income": 3,
        "EBIT": 4,
        "Net Income": -1
    },
    "2018-03-31": {
        "Diluted EPS": -0.09,
        "Total Revenue": 57,
        "Gross Profit": 11,
        "Operating Income": 0,
        "EBIT": 2,
        "Net Income": -1
    },
    "2017-12-31": {
        "Diluted EPS": -0.05,
        "Total Revenue": 64,
        "Gross Profit": 10,
        "Operating Income": 1,
        "EBIT": 2,
        "Net Income": -1
    },
    "2017-09-30": {
        "Diluted EPS": -0.09,
        "Total Revenue": 56,
        "Gross Profit": 10,
        "Operating Income": 1,
        "EBIT": 3,
        "Net Income": -2
    },
    "2017-06-30": {
        "Diluted EPS": -0.15,
        "Total Revenue": 52,
        "Gross Profit": 9,
        "Operating Income": 0,
        "EBIT": 2,
        "Net Income": -2
    },
    "2017-03-31": {
        "Diluted EPS": -0.2,
        "Total Revenue": 40,
        "Gross Profit": 7,
        "Operating Income": -2,
        "EBIT": 0,
        "Net Income": -3
    },
    "2016-12-31": {
        "Diluted EPS": -0.83,
        "Total Revenue": 0,
        "Gross Profit": 0,
        "Operating Income": -7,
        "EBIT": -6,
        "Net Income": -13
    },
    "2016-09-30": {
        "Diluted EPS": -1.45,
        "Total Revenue": 39,
        "Gross Profit": 7,
        "Operating Income": -3,
        "EBIT": -1,
        "Net Income": -23
    },
    "2016-06-30": {
        "Diluted EPS": -0.11,
        "Total Revenue": 49,
        "Gross Profit": 9,
        "Operating Income": -2,
        "EBIT": 1,
        "Net Income": -2
    },
    "2016-03-31": {
        "Diluted EPS": 0.09,
        "Total Revenue": 85,
        "Gross Profit": 15,
        "Operating Income": 2,
        "EBIT": 6,
        "Net Income": 1
    },
    "2015-12-31": {
        "Diluted EPS": -0.35,
        "Total Revenue": -83,
        "Gross Profit": -11,
        "Operating Income": -9,
        "EBIT": -11,
        "Net Income": -6
    },
    "2015-09-30": {
        "Diluted EPS": 0.01,
        "Total Revenue": 84,
        "Gross Profit": 16,
        "Operating Income": 2,
        "EBIT": 5,
        "Net Income": 0
    },
    "2015-06-30": {
        "Diluted EPS": 0.01,
        "Total Revenue": 101,
        "Gross Profit": 19,
        "Operating Income": 5,
        "EBIT": 8,
        "Net Income": 0
    },
    "2015-03-31": {
        "Diluted EPS": -0.01,
        "Total Revenue": 101,
        "Gross Profit": 18,
        "Operating Income": 2,
        "EBIT": 5,
        "Net Income": 0
    },
    "2014-12-31": {
        "Diluted EPS": 0.02,
        "Total Revenue": -20,
        "Gross Profit": 1,
        "Operating Income": 1,
        "EBIT": 1,
        "Net Income": 0
    },
    "2014-09-30": {
        "Diluted EPS": 0.13,
        "Total Revenue": 66,
        "Gross Profit": 11,
        "Operating Income": 3,
        "EBIT": 5,
        "Net Income": 2
    },
    "2014-06-30": {
        "Diluted EPS": 0.22,
        "Total Revenue": 68,
        "Gross Profit": 13,
        "Operating Income": 5,
        "EBIT": 6,
        "Net Income": 3
    },
    "2014-03-31": {
        "Diluted EPS": 0.14,
        "Total Revenue": 63,
        "Gross Profit": 12,
        "Operating Income": 4,
        "EBIT": 5,
        "Net Income": 2
    },
    "2013-12-31": {
        "Diluted EPS": 0.21,
        "Total Revenue": 50,
        "Gross Profit": 12,
        "Operating Income": 7,
        "EBIT": 8,
        "Net Income": 3
    },
    "2013-09-30": {
        "Diluted EPS": 0.21,
        "Total Revenue": 58,
        "Gross Profit": 11,
        "Operating Income": 5,
        "EBIT": 6,
        "Net Income": 3
    },
    "2013-06-30": {
        "Diluted EPS": 0.22,
        "Total Revenue": 63,
        "Gross Profit": 12,
        "Operating Income": 5,
        "EBIT": 6,
        "Net Income": 3
    },
    "2013-03-31": {
        "Diluted EPS": 0.16,
        "Total Revenue": 60,
        "Gross Profit": 10,
        "Operating Income": 3,
        "EBIT": 4,
        "Net Income": 2
    },
    "2012-12-31": {
        "Diluted EPS": 0.16,
        "Total Revenue": 57,
        "Gross Profit": 10,
        "Operating Income": 3,
        "EBIT": 4,
        "Net Income": 2
    },
    "2012-09-30": {
        "Diluted EPS": 0.21,
        "Total Revenue": 53,
        "Gross Profit": 11,
        "Operating Income": 4,
        "EBIT": 5,
        "Net Income": 3
    },
    "2012-06-30": {
        "Diluted EPS": 0.2,
        "Total Revenue": 52,
        "Gross Profit": 11,
        "Operating Income": 4,
        "EBIT": 5,
        "Net Income": 2
    },
    "2012-03-31": {
        "Diluted EPS": 0.11,
        "Total Revenue": 43,
        "Gross Profit": 9,
        "Operating Income": 3,
        "EBIT": 3,
        "Net Income": 1
    },
    "2011-12-31": {
        "Diluted EPS": 0.03,
        "Total Revenue": 37,
        "Gross Profit": 7,
        "Operating Income": 1,
        "EBIT": 2,
        "Net Income": 0
    },
    "2011-09-30": {
        "Diluted EPS": 0.09,
        "Total Revenue": 37,
        "Gross Profit": 8,
        "Operating Income": 2,
        "EBIT": 3,
        "Net Income": 1
    },
    "2011-06-30": {
        "Diluted EPS": 0.09,
        "Total Revenue": 37,
        "Gross Profit": 7,
        "Operating Income": 2,
        "EBIT": 3,
        "Net Income": 1
    },
    "2011-03-31": {
        "Diluted EPS": 0.04,
        "Total Revenue": 32,
        "Gross Profit": 6,
        "Operating Income": 1,
        "EBIT": 2,
        "Net Income": 0
    },
    "2010-12-31": {
        "Diluted EPS": 0.08,
        "Total Revenue": 30,
        "Gross Profit": 8,
        "Operating Income": 2,
        "EBIT": 3,
        "Net Income": 1
    },
    "2010-09-30": {
        "Diluted EPS": 0.06,
        "Total Revenue": 25,
        "Gross Profit": 6,
        "Operating Income": 2,
        "EBIT": 2,
        "Net Income": 1
    },
    "2010-06-30": {
        "Diluted EPS": 0.02,
        "Total Revenue": 20,
        "Gross Profit": 5,
        "Operating Income": 1,
        "EBIT": 2,
        "Net Income": 0
    },
    "2010-03-31": {
        "Diluted EPS": 0.03,
        "Total Revenue": 22,
        "Gross Profit": 5,
        "Operating Income": 1,
        "EBIT": 2,
        "Net Income": 0
    },
    "2009-12-31": {
        "Diluted EPS": 0.34,
        "Total Revenue": 15,
        "Gross Profit": 3,
        "Operating Income": 0,
        "EBIT": 0,
        "Net Income": 4
    },
    "2009-09-30": {
        "Diluted EPS": -0.01,
        "Total Revenue": 15,
        "Gross Profit": 2,
        "Operating Income": -1,
        "EBIT": 0,
        "Net Income": 0
    },
    "2009-06-30": {
        "Diluted EPS": -0.01,
        "Total Revenue": 12,
        "Gross Profit": 2,
        "Operating Income": 0,
        "EBIT": 1,
        "Net Income": 0
    },
    "2009-03-31": {
        "Diluted EPS": 0.01,
        "Total Revenue": 14,
        "Gross Profit": 3,
        "Operating Income": 1,
        "EBIT": 1,
        "Net Income": 0
    },
    "2023-06-30": {
        "Tax Effect Of Unusual Items": NaN,
        "Tax Rate For Calcs": NaN,
        "Normalized EBITDA": NaN,
        "Total Unusual Items": NaN,
        "Total Unusual Items Excluding Goodwill": NaN,
        "Net Income From Continuing Operation Net Minority Interest": NaN,
        "Reconciled Depreciation": NaN,
        "Reconciled Cost Of Revenue": NaN,
        "EBITDA": NaN,
        "EBIT": NaN,
        "Net Interest Income": NaN,
        "Interest Expense": NaN,
        "Interest Income": 0.0,
        "Normalized Income": NaN,
        "Net Income From Continuing And Discontinued Operation": NaN,
        "Total Expenses": NaN,
        "Total Operating Income As Reported": NaN,
        "Diluted Average Shares": 20209959.0,
        "Basic Average Shares": 20206919.0,
        "Diluted EPS": 0.02,
        "Basic EPS": 0.02,
        "Diluted NI Availto Com Stockholders": NaN,
        "Net Income Common Stockholders": NaN,
        "Net Income": NaN,
        "Minority Interests": NaN,
        "Net Income Including Noncontrolling Interests": NaN,
        "Net Income Continuous Operations": NaN,
        "Tax Provision": NaN,
        "Pretax Income": NaN,
        "Other Income Expense": NaN,
        "Other Non Operating Income Expenses": NaN,
        "Special Income Charges": 0.0,
        "Restructuring And Mergern Acquisition": 0.0,
        "Gain On Sale Of Security": NaN,
        "Net Non Operating Interest Income Expense": NaN,
        "Interest Expense Non Operating": NaN,
        "Interest Income Non Operating": 0.0,
        "Operating Income": NaN,
        "Operating Expense": NaN,
        "Research And Development": NaN,
        "Selling General And Administration": NaN,
        "Gross Profit": NaN,
        "Cost Of Revenue": NaN,
        "Total Revenue": NaN,
        "Operating Revenue": NaN
    },
    "2023-09-30": {
        "Tax Effect Of Unusual Items": -248123.0,
        "Tax Rate For Calcs": 0.281,
        "Normalized EBITDA": 8112000.0,
        "Total Unusual Items": -883000.0,
        "Total Unusual Items Excluding Goodwill": -883000.0,
        "Net Income From Continuing Operation Net Minority Interest": 1700000.0,
        "Reconciled Depreciation": 2737000.0,
        "Reconciled Cost Of Revenue": 54746000.0,
        "EBITDA": 7229000.0,
        "EBIT": 4492000.0,
        "Net Interest Income": -1856000.0,
        "Interest Expense": 1856000.0,
        "Interest Income": 141000.0,
        "Normalized Income": 2334877.0,
        "Net Income From Continuing And Discontinued Operation": 1700000.0,
        "Total Expenses": 66152000.0,
        "Total Operating Income As Reported": 5179000.0,
        "Diluted Average Shares": 20254830.0,
        "Basic Average Shares": 20252114.0,
        "Diluted EPS": 0.08,
        "Basic EPS": 0.08,
        "Diluted NI Availto Com Stockholders": 1700000.0,
        "Net Income Common Stockholders": 1700000.0,
        "Net Income": 1700000.0,
        "Minority Interests": -194000.0,
        "Net Income Including Noncontrolling Interests": 1894000.0,
        "Net Income Continuous Operations": 1894000.0,
        "Tax Provision": 742000.0,
        "Pretax Income": 2636000.0,
        "Other Income Expense": -687000.0,
        "Other Non Operating Income Expenses": 196000.0,
        "Special Income Charges": 0.0,
        "Restructuring And Mergern Acquisition": 0.0,
        "Gain On Sale Of Security": -883000.0,
        "Net Non Operating Interest Income Expense": -1856000.0,
        "Interest Expense Non Operating": 1856000.0,
        "Interest Income Non Operating": 141000.0,
        "Operating Income": 5179000.0,
        "Operating Expense": 11406000.0,
        "Research And Development": 861000.0,
        "Selling General And Administration": 10545000.0,
        "Gross Profit": 16585000.0,
        "Cost Of Revenue": 54746000.0,
        "Total Revenue": 71331000.0,
        "Operating Revenue": 71331000.0
    },
    "2023-12-31": {
        "Tax Effect Of Unusual Items": -185430.0,
        "Tax Rate For Calcs": 0.21,
        "Normalized EBITDA": 7861000.0,
        "Total Unusual Items": -883000.0,
        "Total Unusual Items Excluding Goodwill": -883000.0,
        "Net Income From Continuing Operation Net Minority Interest": 5199000.0,
        "Reconciled Depreciation": 2762000.0,
        "Reconciled Cost Of Revenue": 62231000.0,
        "EBITDA": 6978000.0,
        "EBIT": 4216000.0,
        "Net Interest Income": -2046000.0,
        "Interest Expense": 2116000.0,
        "Interest Income": 70000.0,
        "Normalized Income": 5896570.0,
        "Net Income From Continuing And Discontinued Operation": 5199000.0,
        "Total Expenses": 73887000.0,
        "Total Operating Income As Reported": 4766000.0,
        "Diluted Average Shares": NaN,
        "Basic Average Shares": NaN,
        "Diluted EPS": NaN,
        "Basic EPS": NaN,
        "Diluted NI Availto Com Stockholders": 5199000.0,
        "Net Income Common Stockholders": 5199000.0,
        "Net Income": 5199000.0,
        "Minority Interests": -258000.0,
        "Net Income Including Noncontrolling Interests": 5457000.0,
        "Net Income Continuous Operations": 5457000.0,
        "Tax Provision": -3357000.0,
        "Pretax Income": 2100000.0,
        "Other Income Expense": -620000.0,
        "Other Non Operating Income Expenses": 263000.0,
        "Special Income Charges": 0.0,
        "Restructuring And Mergern Acquisition": 0.0,
        "Gain On Sale Of Security": -883000.0,
        "Net Non Operating Interest Income Expense": -2046000.0,
        "Interest Expense Non Operating": 2116000.0,
        "Interest Income Non Operating": 70000.0,
        "Operating Income": 4766000.0,
        "Operating Expense": 11656000.0,
        "Research And Development": 876000.0,
        "Selling General And Administration": 10780000.0,
        "Gross Profit": 16422000.0,
        "Cost Of Revenue": 62231000.0,
        "Total Revenue": 78653000.0,
        "Operating Revenue": 78653000.0
    },
    "2024-03-31": {
        "Tax Effect Of Unusual Items": -43316.0,
        "Tax Rate For Calcs": 0.091,
        "Normalized EBITDA": 7817000.0,
        "Total Unusual Items": -476000.0,
        "Total Unusual Items Excluding Goodwill": -476000.0,
        "Net Income From Continuing Operation Net Minority Interest": 2283000.0,
        "Reconciled Depreciation": 2794000.0,
        "Reconciled Cost Of Revenue": 56460000.0,
        "EBITDA": 7341000.0,
        "EBIT": 4547000.0,
        "Net Interest Income": -1793000.0,
        "Interest Expense": 1872000.0,
        "Interest Income": 79000.0,
        "Normalized Income": 2715684.0,
        "Net Income From Continuing And Discontinued Operation": 2283000.0,
        "Total Expenses": 68433000.0,
        "Total Operating Income As Reported": 4910000.0,
        "Diluted Average Shares": 20363642.0,
        "Basic Average Shares": 20284920.0,
        "Diluted EPS": 0.11,
        "Basic EPS": 0.11,
        "Diluted NI Availto Com Stockholders": 2283000.0,
        "Net Income Common Stockholders": 2283000.0,
        "Net Income": 2283000.0,
        "Minority Interests": -148000.0,
        "Net Income Including Noncontrolling Interests": 2431000.0,
        "Net Income Continuous Operations": 2431000.0,
        "Tax Provision": 244000.0,
        "Pretax Income": 2675000.0,
        "Other Income Expense": -442000.0,
        "Other Non Operating Income Expenses": 34000.0,
        "Special Income Charges": NaN,
        "Restructuring And Mergern Acquisition": NaN,
        "Gain On Sale Of Security": -476000.0,
        "Net Non Operating Interest Income Expense": -1793000.0,
        "Interest Expense Non Operating": 1872000.0,
        "Interest Income Non Operating": 79000.0,
        "Operating Income": 4910000.0,
        "Operating Expense": 11973000.0,
        "Research And Development": 854000.0,
        "Selling General And Administration": 11119000.0,
        "Gross Profit": 16883000.0,
        "Cost Of Revenue": 56460000.0,
        "Total Revenue": 73343000.0,
        "Operating Revenue": 73343000.0
    },
    "2024-06-30": {
        "Tax Effect Of Unusual Items": -74130.0,
        "Tax Rate For Calcs": 0.21,
        "Normalized EBITDA": 7832000.0,
        "Total Unusual Items": -353000.0,
        "Total Unusual Items Excluding Goodwill": -353000.0,
        "Net Income From Continuing Operation Net Minority Interest": 1490000.0,
        "Reconciled Depreciation": 2651000.0,
        "Reconciled Cost Of Revenue": 59074000.0,
        "EBITDA": 7479000.0,
        "EBIT": 4828000.0,
        "Net Interest Income": -1840000.0,
        "Interest Expense": 1931000.0,
        "Interest Income": 91000.0,
        "Normalized Income": 1768870.0,
        "Net Income From Continuing And Discontinued Operation": 1490000.0,
        "Total Expenses": 71128000.0,
        "Total Operating Income As Reported": 5107000.0,
        "Diluted Average Shares": 20392756.0,
        "Basic Average Shares": 20368668.0,
        "Diluted EPS": 0.07,
        "Basic EPS": 0.07,
        "Diluted NI Availto Com Stockholders": 1490000.0,
        "Net Income Common Stockholders": 1490000.0,
        "Net Income": 1490000.0,
        "Minority Interests": -229000.0,
        "Net Income Including Noncontrolling Interests": 1719000.0,
        "Net Income Continuous Operations": 1719000.0,
        "Tax Provision": 1178000.0,
        "Pretax Income": 2897000.0,
        "Other Income Expense": -370000.0,
        "Other Non Operating Income Expenses": -17000.0,
        "Special Income Charges": NaN,
        "Restructuring And Mergern Acquisition": NaN,
        "Gain On Sale Of Security": -353000.0,
        "Net Non Operating Interest Income Expense": -1840000.0,
        "Interest Expense Non Operating": 1931000.0,
        "Interest Income Non Operating": 91000.0,
        "Operating Income": 5107000.0,
        "Operating Expense": 12054000.0,
        "Research And Development": 929000.0,
        "Selling General And Administration": 11125000.0,
        "Gross Profit": 17161000.0,
        "Cost Of Revenue": 59074000.0,
        "Total Revenue": 76235000.0,
        "Operating Revenue": 76235000.0
    },
    "2024-09-30": {
        "Tax Effect Of Unusual Items": -366660.0,
        "Tax Rate For Calcs": 0.21,
        "Normalized EBITDA": 8223000.0,
        "Total Unusual Items": -1746000.0,
        "Total Unusual Items Excluding Goodwill": -1746000.0,
        "Net Income From Continuing Operation Net Minority Interest": 427000.0,
        "Reconciled Depreciation": 2768000.0,
        "Reconciled Cost Of Revenue": 50519000.0,
        "EBITDA": 6477000.0,
        "EBIT": 3709000.0,
        "Net Interest Income": -2082000.0,
        "Interest Expense": 2082000.0,
        "Interest Income": NaN,
        "Normalized Income": 1806340.0,
        "Net Income From Continuing And Discontinued Operation": 427000.0,
        "Total Expenses": 61124000.0,
        "Total Operating Income As Reported": 4435000.0,
        "Diluted Average Shares": 20397358.0,
        "Basic Average Shares": 20397358.0,
        "Diluted EPS": 0.02,
        "Basic EPS": 0.02,
        "Diluted NI Availto Com Stockholders": 427000.0,
        "Net Income Common Stockholders": 427000.0,
        "Net Income": 427000.0,
        "Minority Interests": -326000.0,
        "Net Income Including Noncontrolling Interests": 753000.0,
        "Net Income Continuous Operations": 753000.0,
        "Tax Provision": 874000.0,
        "Pretax Income": 1627000.0,
        "Other Income Expense": -1711000.0,
        "Other Non Operating Income Expenses": 35000.0,
        "Special Income Charges": -985000.0,
        "Restructuring And Mergern Acquisition": 985000.0,
        "Gain On Sale Of Security": -761000.0,
        "Net Non Operating Interest Income Expense": -2082000.0,
        "Interest Expense Non Operating": 2082000.0,
        "Interest Income Non Operating": NaN,
        "Operating Income": 5420000.0,
        "Operating Expense": 10605000.0,
        "Research And Development": 711000.0,
        "Selling General And Administration": 9894000.0,
        "Gross Profit": 16025000.0,
        "Cost Of Revenue": 50519000.0,
        "Total Revenue": 66544000.0,
        "Operating Revenue": 66544000.0
    }
}