{
    "2023-03-31": {
        "Tax Effect Of Unusual Items": NaN,
        "Tax Rate For Calcs": NaN,
        "Normalized EBITDA": NaN,
        "Total Unusual Items": NaN,
        "Total Unusual Items Excluding Goodwill": NaN,
        "Net Income From Continuing Operation Net Minority Interest": NaN,
        "Reconciled Depreciation": NaN,
        "Reconciled Cost Of Revenue": NaN,
        "EBITDA": NaN,
        "EBIT": NaN,
        "Net Interest Income": NaN,
        "Interest Expense": NaN,
        "Interest Income": NaN,
        "Normalized Income": NaN,
        "Net Income From Continuing And Discontinued Operation": NaN,
        "Total Expenses": NaN,
        "Total Operating Income As Reported": NaN,
        "Diluted Average Shares": NaN,
        "Basic Average Shares": NaN,
        "Diluted EPS": NaN,
        "Basic EPS": NaN,
        "Diluted NI Availto Com Stockholders": NaN,
        "Net Income Common Stockholders": NaN,
        "Net Income": NaN,
        "Minority Interests": NaN,
        "Net Income Including Noncontrolling Interests": NaN,
        "Net Income Continuous Operations": NaN,
        "Tax Provision": NaN,
        "Pretax Income": NaN,
        "Other Income Expense": NaN,
        "Other Non Operating Income Expenses": -600000.0,
        "Special Income Charges": NaN,
        "Gain On Sale Of Ppe": 0.0,
        "Write Off": 0.0,
        "Restructuring And Mergern Acquisition": NaN,
        "Gain On Sale Of Security": NaN,
        "Net Non Operating Interest Income Expense": NaN,
        "Interest Expense Non Operating": NaN,
        "Interest Income Non Operating": NaN,
        "Operating Income": NaN,
        "Operating Expense": NaN,
        "Selling General And Administration": NaN,
        "General And Administrative Expense": NaN,
        "Other Gand A": NaN,
        "Salaries And Wages": NaN,
        "Gross Profit": NaN,
        "Cost Of Revenue": NaN,
        "Total Revenue": NaN,
        "Operating Revenue": NaN
    },
    "2022-12-31": {
        "Tax Effect Of Unusual Items": NaN,
        "Tax Rate For Calcs": NaN,
        "Normalized EBITDA": NaN,
        "Total Unusual Items": NaN,
        "Total Unusual Items Excluding Goodwill": NaN,
        "Net Income From Continuing Operation Net Minority Interest": NaN,
        "Reconciled Depreciation": NaN,
        "Reconciled Cost Of Revenue": NaN,
        "EBITDA": NaN,
        "EBIT": NaN,
        "Net Interest Income": NaN,
        "Interest Expense": NaN,
        "Interest Income": NaN,
        "Normalized Income": NaN,
        "Net Income From Continuing And Discontinued Operation": NaN,
        "Total Expenses": NaN,
        "Total Operating Income As Reported": NaN,
        "Diluted Average Shares": NaN,
        "Basic Average Shares": NaN,
        "Diluted EPS": NaN,
        "Basic EPS": NaN,
        "Diluted NI Availto Com Stockholders": NaN,
        "Net Income Common Stockholders": NaN,
        "Net Income": NaN,
        "Minority Interests": NaN,
        "Net Income Including Noncontrolling Interests": NaN,
        "Net Income Continuous Operations": NaN,
        "Tax Provision": NaN,
        "Pretax Income": NaN,
        "Other Income Expense": NaN,
        "Other Non Operating Income Expenses": -400000.0,
        "Special Income Charges": NaN,
        "Gain On Sale Of Ppe": 0.0,
        "Write Off": 0.0,
        "Restructuring And Mergern Acquisition": NaN,
        "Gain On Sale Of Security": NaN,
        "Net Non Operating Interest Income Expense": NaN,
        "Interest Expense Non Operating": NaN,
        "Interest Income Non Operating": NaN,
        "Operating Income": NaN,
        "Operating Expense": NaN,
        "Selling General And Administration": NaN,
        "General And Administrative Expense": 58400000.0,
        "Other Gand A": 58000000.0,
        "Salaries And Wages": 400000.0,
        "Gross Profit": NaN,
        "Cost Of Revenue": NaN,
        "Total Revenue": NaN,
        "Operating Revenue": NaN
    },
    "2022-09-30": {
        "Tax Effect Of Unusual Items": NaN,
        "Tax Rate For Calcs": NaN,
        "Normalized EBITDA": NaN,
        "Total Unusual Items": NaN,
        "Total Unusual Items Excluding Goodwill": NaN,
        "Net Income From Continuing Operation Net Minority Interest": NaN,
        "Reconciled Depreciation": NaN,
        "Reconciled Cost Of Revenue": NaN,
        "EBITDA": NaN,
        "EBIT": NaN,
        "Net Interest Income": NaN,
        "Interest Expense": NaN,
        "Interest Income": NaN,
        "Normalized Income": NaN,
        "Net Income From Continuing And Discontinued Operation": NaN,
        "Total Expenses": NaN,
        "Total Operating Income As Reported": NaN,
        "Diluted Average Shares": NaN,
        "Basic Average Shares": NaN,
        "Diluted EPS": NaN,
        "Basic EPS": NaN,
        "Diluted NI Availto Com Stockholders": NaN,
        "Net Income Common Stockholders": NaN,
        "Net Income": NaN,
        "Minority Interests": NaN,
        "Net Income Including Noncontrolling Interests": NaN,
        "Net Income Continuous Operations": NaN,
        "Tax Provision": NaN,
        "Pretax Income": NaN,
        "Other Income Expense": NaN,
        "Other Non Operating Income Expenses": -600000.0,
        "Special Income Charges": NaN,
        "Gain On Sale Of Ppe": 0.0,
        "Write Off": 0.0,
        "Restructuring And Mergern Acquisition": NaN,
        "Gain On Sale Of Security": NaN,
        "Net Non Operating Interest Income Expense": NaN,
        "Interest Expense Non Operating": NaN,
        "Interest Income Non Operating": NaN,
        "Operating Income": NaN,
        "Operating Expense": NaN,
        "Selling General And Administration": NaN,
        "General And Administrative Expense": 59400000.0,
        "Other Gand A": 58800000.0,
        "Salaries And Wages": 600000.0,
        "Gross Profit": NaN,
        "Cost Of Revenue": NaN,
        "Total Revenue": NaN,
        "Operating Revenue": NaN
    },
    "2022-06-30": {
        "Tax Effect Of Unusual Items": -382812.5,
        "Tax Rate For Calcs": 0.255208,
        "Normalized EBITDA": 38700000.0,
        "Total Unusual Items": -1500000.0,
        "Total Unusual Items Excluding Goodwill": -1500000.0,
        "Net Income From Continuing Operation Net Minority Interest": 14300000.0,
        "Reconciled Depreciation": 13900000.0,
        "Reconciled Cost Of Revenue": 457600000.0,
        "EBITDA": 37200000.0,
        "EBIT": 23300000.0,
        "Net Interest Income": -4100000.0,
        "Interest Expense": 4100000.0,
        "Interest Income": 100000.0,
        "Normalized Income": 15417187.5,
        "Net Income From Continuing And Discontinued Operation": 14300000.0,
        "Total Expenses": 513900000.0,
        "Total Operating Income As Reported": 25600000.0,
        "Diluted Average Shares": 52400000.0,
        "Basic Average Shares": 51900000.0,
        "Diluted EPS": 0.27,
        "Basic EPS": 0.27553,
        "Diluted NI Availto Com Stockholders": 14300000.0,
        "Net Income Common Stockholders": 14300000.0,
        "Net Income": 14300000.0,
        "Minority Interests": 0.0,
        "Net Income Including Noncontrolling Interests": 14300000.0,
        "Net Income Continuous Operations": 14300000.0,
        "Tax Provision": 4900000.0,
        "Pretax Income": 19200000.0,
        "Other Income Expense": -3800000.0,
        "Other Non Operating Income Expenses": -2300000.0,
        "Special Income Charges": -1500000.0,
        "Gain On Sale Of Ppe": 0.0,
        "Write Off": 0.0,
        "Impairment Of Capital Assets": NaN,
        "Restructuring And Mergern Acquisition": 1500000.0,
        "Gain On Sale Of Security": -2000000.0,
        "Net Non Operating Interest Income Expense": -4100000.0,
        "Interest Expense Non Operating": 4100000.0,
        "Interest Income Non Operating": 100000.0,
        "Operating Income": 27100000.0,
        "Operating Expense": 56300000.0,
        "Selling General And Administration": 56300000.0,
        "General And Administrative Expense": NaN,
        "Other Gand A": NaN,
        "Gross Profit": 83400000.0,
        "Cost Of Revenue": 457600000.0,
        "Total Revenue": 541000000.0,
        "Operating Revenue": 541000000.0
    },
    "2023-06-30": {
        "Tax Effect Of Unusual Items": NaN,
        "Tax Rate For Calcs": NaN,
        "Normalized EBITDA": NaN,
        "Total Unusual Items": NaN,
        "Total Unusual Items Excluding Goodwill": NaN,
        "Net Income From Continuing Operation Net Minority Interest": NaN,
        "Reconciled Depreciation": NaN,
        "Reconciled Cost Of Revenue": NaN,
        "EBITDA": NaN,
        "EBIT": NaN,
        "Net Interest Income": NaN,
        "Interest Expense": NaN,
        "Interest Income": NaN,
        "Normalized Income": NaN,
        "Net Income From Continuing And Discontinued Operation": NaN,
        "Total Expenses": NaN,
        "Total Operating Income As Reported": NaN,
        "Diluted Average Shares": NaN,
        "Basic Average Shares": NaN,
        "Diluted EPS": NaN,
        "Basic EPS": NaN,
        "Diluted NI Availto Com Stockholders": NaN,
        "Net Income Common Stockholders": NaN,
        "Net Income": NaN,
        "Minority Interests": NaN,
        "Net Income Including Noncontrolling Interests": NaN,
        "Net Income Continuous Operations": NaN,
        "Tax Provision": NaN,
        "Pretax Income": NaN,
        "Other Income Expense": NaN,
        "Other Non Operating Income Expenses": -800000.0,
        "Special Income Charges": NaN,
        "Gain On Sale Of Ppe": NaN,
        "Restructuring And Mergern Acquisition": NaN,
        "Gain On Sale Of Security": NaN,
        "Net Non Operating Interest Income Expense": NaN,
        "Interest Expense Non Operating": NaN,
        "Interest Income Non Operating": NaN,
        "Operating Income": NaN,
        "Operating Expense": NaN,
        "Selling General And Administration": NaN,
        "General And Administrative Expense": NaN,
        "Other Gand A": NaN,
        "Salaries And Wages": 800000.0,
        "Gross Profit": NaN,
        "Cost Of Revenue": NaN,
        "Total Revenue": NaN,
        "Operating Revenue": NaN
    },
    "2022-03-31": {
        "Diluted EPS": 0.16,
        "Total Revenue": 574,
        "Gross Profit": 95,
        "Operating Income": 21,
        "EBIT": 35,
        "Net Income": 8
    },
    "2021-12-31": {
        "Diluted EPS": 1.41,
        "Total Revenue": 502,
        "Gross Profit": 75,
        "Operating Income": 79,
        "EBIT": 93,
        "Net Income": 74
    },
    "2021-09-30": {
        "Diluted EPS": 0.01,
        "Total Revenue": 479,
        "Gross Profit": 66,
        "Operating Income": 11,
        "EBIT": 24,
        "Net Income": 0
    },
    "2021-06-30": {
        "Diluted EPS": 0.04,
        "Total Revenue": 495,
        "Gross Profit": 73,
        "Operating Income": 9,
        "EBIT": 22,
        "Net Income": 2
    },
    "2021-03-31": {
        "Diluted EPS": -0.3,
        "Total Revenue": 515,
        "Gross Profit": 84,
        "Operating Income": -14,
        "EBIT": 0,
        "Net Income": -15
    },
    "2020-12-31": {
        "Diluted EPS": -3.81,
        "Total Revenue": 484,
        "Gross Profit": 83,
        "Operating Income": -109,
        "EBIT": -92,
        "Net Income": -196
    },
    "2020-09-30": {
        "Diluted EPS": 0.17,
        "Total Revenue": 461,
        "Gross Profit": 81,
        "Operating Income": 29,
        "EBIT": 48,
        "Net Income": 9
    },
    "2020-06-30": {
        "Diluted EPS": -0.17,
        "Total Revenue": 348,
        "Gross Profit": 46,
        "Operating Income": -3,
        "EBIT": 15,
        "Net Income": -9
    },
    "2020-03-31": {
        "Diluted EPS": -0.13,
        "Total Revenue": 473,
        "Gross Profit": 75,
        "Operating Income": 6,
        "EBIT": 25,
        "Net Income": -7
    },
    "2019-12-31": {
        "Diluted EPS": 0.02,
        "Total Revenue": 473,
        "Gross Profit": 74,
        "Operating Income": 8,
        "EBIT": 28,
        "Net Income": 1
    },
    "2019-09-30": {
        "Diluted EPS": -0.09,
        "Total Revenue": 500,
        "Gross Profit": 76,
        "Operating Income": 6,
        "EBIT": 25,
        "Net Income": -5
    },
    "2019-06-30": {
        "Diluted EPS": 0.16,
        "Total Revenue": 529,
        "Gross Profit": 83,
        "Operating Income": 18,
        "EBIT": 37,
        "Net Income": 8
    },
    "2019-03-31": {
        "Diluted EPS": 0.12,
        "Total Revenue": 557,
        "Gross Profit": 92,
        "Operating Income": 19,
        "EBIT": 38,
        "Net Income": 6
    },
    "2018-12-31": {
        "Diluted EPS": 0.35,
        "Total Revenue": 541,
        "Gross Profit": 92,
        "Operating Income": 34,
        "EBIT": 53,
        "Net Income": 18
    },
    "2018-09-30": {
        "Diluted EPS": 0.75,
        "Total Revenue": 549,
        "Gross Profit": 88,
        "Operating Income": 23,
        "EBIT": 42,
        "Net Income": 39
    },
    "2018-06-30": {
        "Diluted EPS": 0.43,
        "Total Revenue": 566,
        "Gross Profit": 94,
        "Operating Income": 35,
        "EBIT": 54,
        "Net Income": 22
    },
    "2018-03-31": {
        "Diluted EPS": 0.35,
        "Total Revenue": 567,
        "Gross Profit": 97,
        "Operating Income": 27,
        "EBIT": 47,
        "Net Income": 18
    },
    "2017-12-31": {
        "Diluted EPS": -0.57,
        "Total Revenue": 513,
        "Gross Profit": 85,
        "Operating Income": 14,
        "EBIT": 33,
        "Net Income": -28
    },
    "2017-09-30": {
        "Diluted EPS": 0.31,
        "Total Revenue": 508,
        "Gross Profit": 86,
        "Operating Income": 24,
        "EBIT": 43,
        "Net Income": 16
    },
    "2017-06-30": {
        "Diluted EPS": 0.34,
        "Total Revenue": 516,
        "Gross Profit": 89,
        "Operating Income": 28,
        "EBIT": 46,
        "Net Income": 17
    },
    "2017-03-31": {
        "Diluted EPS": 0.16,
        "Total Revenue": 488,
        "Gross Profit": 85,
        "Operating Income": 21,
        "EBIT": 39,
        "Net Income": 8
    },
    "2016-12-31": {
        "Diluted EPS": 0.04,
        "Total Revenue": 350,
        "Gross Profit": 59,
        "Operating Income": 7,
        "EBIT": 21,
        "Net Income": 2
    },
    "2016-09-30": {
        "Diluted EPS": -0.09,
        "Total Revenue": 318,
        "Gross Profit": 48,
        "Operating Income": -1,
        "EBIT": 12,
        "Net Income": -4
    },
    "2016-06-30": {
        "Diluted EPS": 0.18,
        "Total Revenue": 347,
        "Gross Profit": 62,
        "Operating Income": 16,
        "EBIT": 28,
        "Net Income": 9
    },
    "2016-03-31": {
        "Diluted EPS": 0.16,
        "Total Revenue": 344,
        "Gross Profit": 72,
        "Operating Income": 44,
        "EBIT": 57,
        "Net Income": 8
    },
    "2015-12-31": {
        "Diluted EPS": 0.17,
        "Total Revenue": 329,
        "Gross Profit": 59,
        "Operating Income": 14,
        "EBIT": 26,
        "Net Income": 8
    },
    "2015-09-30": {
        "Diluted EPS": -0.47,
        "Total Revenue": 334,
        "Gross Profit": 46,
        "Operating Income": -32,
        "EBIT": -20,
        "Net Income": -23
    },
    "2015-06-30": {
        "Diluted EPS": 0.11,
        "Total Revenue": 346,
        "Gross Profit": 57,
        "Operating Income": 12,
        "EBIT": 24,
        "Net Income": 5
    },
    "2015-03-31": {
        "Diluted EPS": -0.07,
        "Total Revenue": 363,
        "Gross Profit": 63,
        "Operating Income": 5,
        "EBIT": 18,
        "Net Income": -3
    },
    "2014-12-31": {
        "Diluted EPS": 0.2,
        "Total Revenue": 364,
        "Gross Profit": 59,
        "Operating Income": 16,
        "EBIT": 28,
        "Net Income": 10
    },
    "2014-09-30": {
        "Diluted EPS": 0.04,
        "Total Revenue": 377,
        "Gross Profit": 57,
        "Operating Income": 8,
        "EBIT": 21,
        "Net Income": 2
    },
    "2014-06-30": {
        "Diluted EPS": 0.28,
        "Total Revenue": 393,
        "Gross Profit": 68,
        "Operating Income": 24,
        "EBIT": 37,
        "Net Income": 14
    },
    "2014-03-31": {
        "Diluted EPS": 2.49,
        "Total Revenue": 391,
        "Gross Profit": 62,
        "Operating Income": 7,
        "EBIT": 20,
        "Net Income": 119
    },
    "2013-12-31": {
        "Diluted EPS": -0.08,
        "Total Revenue": 347,
        "Gross Profit": 57,
        "Operating Income": 1,
        "EBIT": 14,
        "Net Income": -4
    },
    "2013-09-30": {
        "Diluted EPS": 0.1,
        "Total Revenue": 364,
        "Gross Profit": 57,
        "Operating Income": 11,
        "EBIT": 26,
        "Net Income": 5
    },
    "2013-06-30": {
        "Diluted EPS": 0.21,
        "Total Revenue": 376,
        "Gross Profit": 62,
        "Operating Income": 19,
        "EBIT": 35,
        "Net Income": 10
    },
    "2013-03-31": {
        "Diluted EPS": -0.04,
        "Total Revenue": 360,
        "Gross Profit": 56,
        "Operating Income": 6,
        "EBIT": 20,
        "Net Income": -2
    },
    "2012-12-31": {
        "Diluted EPS": -0.19,
        "Total Revenue": 326,
        "Gross Profit": 48,
        "Operating Income": -4,
        "EBIT": 10,
        "Net Income": -9
    },
    "2012-09-30": {
        "Diluted EPS": -0.26,
        "Total Revenue": 340,
        "Gross Profit": 53,
        "Operating Income": -7,
        "EBIT": 7,
        "Net Income": -12
    },
    "2012-06-30": {
        "Diluted EPS": -0.03,
        "Total Revenue": 350,
        "Gross Profit": 52,
        "Operating Income": 4,
        "EBIT": 18,
        "Net Income": -1
    },
    "2012-03-31": {
        "Diluted EPS": 0.33,
        "Total Revenue": 389,
        "Gross Profit": 64,
        "Operating Income": 18,
        "EBIT": 32,
        "Net Income": 15
    },
    "2011-12-31": {
        "Diluted EPS": 0.19,
        "Total Revenue": 373,
        "Gross Profit": 60,
        "Operating Income": 17,
        "EBIT": 31,
        "Net Income": 9
    },
    "2011-09-30": {
        "Diluted EPS": 0.03,
        "Total Revenue": 397,
        "Gross Profit": 62,
        "Operating Income": 12,
        "EBIT": 26,
        "Net Income": 1
    },
    "2011-06-30": {
        "Diluted EPS": 0.27,
        "Total Revenue": 418,
        "Gross Profit": 70,
        "Operating Income": 20,
        "EBIT": 35,
        "Net Income": 13
    },
    "2011-03-31": {
        "Diluted EPS": 0.24,
        "Total Revenue": 397,
        "Gross Profit": 61,
        "Operating Income": 8,
        "EBIT": 22,
        "Net Income": 11
    },
    "2010-12-31": {
        "Diluted EPS": 0.12,
        "Total Revenue": 360,
        "Gross Profit": 57,
        "Operating Income": 9,
        "EBIT": 23,
        "Net Income": 6
    },
    "2010-09-30": {
        "Diluted EPS": -0.36,
        "Total Revenue": 346,
        "Gross Profit": 56,
        "Operating Income": 9,
        "EBIT": 23,
        "Net Income": -17
    },
    "2010-06-30": {
        "Diluted EPS": 0.11,
        "Total Revenue": 346,
        "Gross Profit": 59,
        "Operating Income": 17,
        "EBIT": 31,
        "Net Income": 5
    },
    "2010-03-31": {
        "Diluted EPS": -0.25,
        "Total Revenue": 324,
        "Gross Profit": 46,
        "Operating Income": -1,
        "EBIT": 1,
        "Net Income": -15
    },
    "2009-12-31": {
        "Diluted EPS": 0.08,
        "Total Revenue": 302,
        "Gross Profit": 48,
        "Operating Income": 6,
        "EBIT": 23,
        "Net Income": 4
    },
    "2009-09-30": {
        "Diluted EPS": -0.19,
        "Total Revenue": 282,
        "Gross Profit": 42,
        "Operating Income": 5,
        "EBIT": 25,
        "Net Income": -6
    },
    "2009-06-30": {
        "Diluted EPS": -0.45,
        "Total Revenue": 254,
        "Gross Profit": 36,
        "Operating Income": -5,
        "EBIT": 20,
        "Net Income": -15
    },
    "2009-03-31": {
        "Diluted EPS": -1.48,
        "Total Revenue": 253,
        "Gross Profit": 23,
        "Operating Income": -25,
        "EBIT": -39,
        "Net Income": -48
    },
    "2023-09-30": {
        "Tax Effect Of Unusual Items": -149800.0,
        "Tax Rate For Calcs": 0.214,
        "Normalized EBITDA": 80500000.0,
        "Total Unusual Items": -700000.0,
        "Total Unusual Items Excluding Goodwill": -700000.0,
        "Net Income From Continuing Operation Net Minority Interest": 46500000.0,
        "Reconciled Depreciation": 14000000.0,
        "Reconciled Cost Of Revenue": 485400000.0,
        "EBITDA": 79800000.0,
        "EBIT": 65800000.0,
        "Net Interest Income": -4900000.0,
        "Interest Expense": 6100000.0,
        "Interest Income": 1200000.0,
        "Normalized Income": 47050200.0,
        "Net Income From Continuing And Discontinued Operation": 46500000.0,
        "Total Expenses": 554300000.0,
        "Total Operating Income As Reported": 65700000.0,
        "Diluted Average Shares": 53400000.0,
        "Basic Average Shares": 52100000.0,
        "Diluted EPS": 0.87,
        "Basic EPS": 0.892514,
        "Diluted NI Availto Com Stockholders": 46500000.0,
        "Net Income Common Stockholders": 46500000.0,
        "Net Income": 46500000.0,
        "Minority Interests": -400000.0,
        "Net Income Including Noncontrolling Interests": 46900000.0,
        "Net Income Continuous Operations": 46900000.0,
        "Tax Provision": 12800000.0,
        "Pretax Income": 59700000.0,
        "Other Income Expense": -1600000.0,
        "Other Non Operating Income Expenses": -900000.0,
        "Special Income Charges": -500000.0,
        "Gain On Sale Of Ppe": NaN,
        "Restructuring And Mergern Acquisition": 500000.0,
        "Gain On Sale Of Security": -200000.0,
        "Net Non Operating Interest Income Expense": -4900000.0,
        "Interest Expense Non Operating": 6100000.0,
        "Interest Income Non Operating": 1200000.0,
        "Operating Income": 66200000.0,
        "Operating Expense": 68900000.0,
        "Selling General And Administration": 68900000.0,
        "General And Administrative Expense": 68900000.0,
        "Other Gand A": 68900000.0,
        "Salaries And Wages": 900000.0,
        "Gross Profit": 135100000.0,
        "Cost Of Revenue": 485400000.0,
        "Total Revenue": 620500000.0,
        "Operating Revenue": 620500000.0
    },
    "2023-12-31": {
        "Tax Effect Of Unusual Items": 241800.0,
        "Tax Rate For Calcs": 0.186,
        "Normalized EBITDA": 73300000.0,
        "Total Unusual Items": 1300000.0,
        "Total Unusual Items Excluding Goodwill": 1300000.0,
        "Net Income From Continuing Operation Net Minority Interest": 44400000.0,
        "Reconciled Depreciation": 13400000.0,
        "Reconciled Cost Of Revenue": 434100000.0,
        "EBITDA": 74600000.0,
        "EBIT": 61200000.0,
        "Net Interest Income": -4400000.0,
        "Interest Expense": 5800000.0,
        "Interest Income": 1400000.0,
        "Normalized Income": 43341800.0,
        "Net Income From Continuing And Discontinued Operation": 44400000.0,
        "Total Expenses": 502900000.0,
        "Total Operating Income As Reported": 61700000.0,
        "Diluted Average Shares": 53200000.0,
        "Basic Average Shares": 52200000.0,
        "Diluted EPS": 0.83,
        "Basic EPS": 0.850575,
        "Diluted NI Availto Com Stockholders": 44400000.0,
        "Net Income Common Stockholders": 44400000.0,
        "Net Income": 44400000.0,
        "Minority Interests": -700000.0,
        "Net Income Including Noncontrolling Interests": 45100000.0,
        "Net Income Continuous Operations": 45100000.0,
        "Tax Provision": 10300000.0,
        "Pretax Income": 55400000.0,
        "Other Income Expense": 1300000.0,
        "Other Non Operating Income Expenses": NaN,
        "Special Income Charges": 2400000.0,
        "Gain On Sale Of Ppe": 4000000.0,
        "Restructuring And Mergern Acquisition": 1600000.0,
        "Gain On Sale Of Security": -1100000.0,
        "Net Non Operating Interest Income Expense": -4400000.0,
        "Interest Expense Non Operating": 5800000.0,
        "Interest Income Non Operating": 1400000.0,
        "Operating Income": 58500000.0,
        "Operating Expense": 68800000.0,
        "Selling General And Administration": 68800000.0,
        "General And Administrative Expense": 68800000.0,
        "Other Gand A": 68000000.0,
        "Salaries And Wages": 800000.0,
        "Gross Profit": 127300000.0,
        "Cost Of Revenue": 434100000.0,
        "Total Revenue": 561400000.0,
        "Operating Revenue": 561400000.0
    },
    "2024-03-31": {
        "Tax Effect Of Unusual Items": -4851139.240506,
        "Tax Rate For Calcs": 0.339241,
        "Normalized EBITDA": 75100000.0,
        "Total Unusual Items": -14300000.0,
        "Total Unusual Items Excluding Goodwill": -14300000.0,
        "Net Income From Continuing Operation Net Minority Interest": 25800000.0,
        "Reconciled Depreciation": 15000000.0,
        "Reconciled Cost Of Revenue": 468200000.0,
        "EBITDA": 60800000.0,
        "EBIT": 45800000.0,
        "Net Interest Income": -5100000.0,
        "Interest Expense": 6300000.0,
        "Interest Income": 1200000.0,
        "Normalized Income": 35248860.759494,
        "Net Income From Continuing And Discontinued Operation": 25800000.0,
        "Total Expenses": 544600000.0,
        "Total Operating Income As Reported": 46800000.0,
        "Diluted Average Shares": 53800000.0,
        "Basic Average Shares": 52400000.0,
        "Diluted EPS": 0.48,
        "Basic EPS": 0.492366,
        "Diluted NI Availto Com Stockholders": 25800000.0,
        "Net Income Common Stockholders": 25800000.0,
        "Net Income": 25800000.0,
        "Minority Interests": -300000.0,
        "Net Income Including Noncontrolling Interests": 26100000.0,
        "Net Income Continuous Operations": 26100000.0,
        "Tax Provision": 13400000.0,
        "Pretax Income": 39500000.0,
        "Other Income Expense": -14300000.0,
        "Other Non Operating Income Expenses": NaN,
        "Special Income Charges": -12900000.0,
        "Gain On Sale Of Ppe": 0.0,
        "Restructuring And Mergern Acquisition": 12900000.0,
        "Gain On Sale Of Security": -1400000.0,
        "Net Non Operating Interest Income Expense": -5100000.0,
        "Interest Expense Non Operating": 6300000.0,
        "Interest Income Non Operating": 1200000.0,
        "Operating Income": 58900000.0,
        "Operating Expense": 76400000.0,
        "Selling General And Administration": 76400000.0,
        "General And Administrative Expense": 76400000.0,
        "Other Gand A": 75600000.0,
        "Salaries And Wages": 800000.0,
        "Gross Profit": 135300000.0,
        "Cost Of Revenue": 468200000.0,
        "Total Revenue": 603500000.0,
        "Operating Revenue": 603500000.0
    },
    "2024-06-30": {
        "Tax Effect Of Unusual Items": -1466400.0,
        "Tax Rate For Calcs": 0.282,
        "Normalized EBITDA": 98400000.0,
        "Total Unusual Items": -5200000.0,
        "Total Unusual Items Excluding Goodwill": -5200000.0,
        "Net Income From Continuing Operation Net Minority Interest": 47300000.0,
        "Reconciled Depreciation": 19100000.0,
        "Reconciled Cost Of Revenue": 498900000.0,
        "EBITDA": 93200000.0,
        "EBIT": 74100000.0,
        "Net Interest Income": -6800000.0,
        "Interest Expense": 7500000.0,
        "Interest Income": 700000.0,
        "Normalized Income": 51033600.0,
        "Net Income From Continuing And Discontinued Operation": 47300000.0,
        "Total Expenses": 582900000.0,
        "Total Operating Income As Reported": 74400000.0,
        "Diluted Average Shares": 53900000.0,
        "Basic Average Shares": 52400000.0,
        "Diluted EPS": 0.88,
        "Basic EPS": 0.902672,
        "Diluted NI Availto Com Stockholders": 47300000.0,
        "Net Income Common Stockholders": 47300000.0,
        "Net Income": 47300000.0,
        "Minority Interests": -500000.0,
        "Net Income Including Noncontrolling Interests": 47800000.0,
        "Net Income Continuous Operations": 47800000.0,
        "Tax Provision": 18800000.0,
        "Pretax Income": 66600000.0,
        "Other Income Expense": -5200000.0,
        "Other Non Operating Income Expenses": NaN,
        "Special Income Charges": -5400000.0,
        "Gain On Sale Of Ppe": NaN,
        "Restructuring And Mergern Acquisition": 5400000.0,
        "Gain On Sale Of Security": 200000.0,
        "Net Non Operating Interest Income Expense": -6800000.0,
        "Interest Expense Non Operating": 7500000.0,
        "Interest Income Non Operating": 700000.0,
        "Operating Income": 78600000.0,
        "Operating Expense": 84000000.0,
        "Selling General And Administration": 84000000.0,
        "General And Administrative Expense": 84000000.0,
        "Other Gand A": 82800000.0,
        "Salaries And Wages": 1200000.0,
        "Gross Profit": 162600000.0,
        "Cost Of Revenue": 498900000.0,
        "Total Revenue": 661500000.0,
        "Operating Revenue": 661500000.0
    },
    "2024-09-30": {
        "Tax Effect Of Unusual Items": -1715700.0,
        "Tax Rate For Calcs": 0.301,
        "Normalized EBITDA": 99500000.0,
        "Total Unusual Items": -5700000.0,
        "Total Unusual Items Excluding Goodwill": -5700000.0,
        "Net Income From Continuing Operation Net Minority Interest": 46100000.0,
        "Reconciled Depreciation": 20000000.0,
        "Reconciled Cost Of Revenue": 492400000.0,
        "EBITDA": 93800000.0,
        "EBIT": 73800000.0,
        "Net Interest Income": -6600000.0,
        "Interest Expense": 7400000.0,
        "Interest Income": 800000.0,
        "Normalized Income": 50084300.0,
        "Net Income From Continuing And Discontinued Operation": 46100000.0,
        "Total Expenses": 578200000.0,
        "Total Operating Income As Reported": 75300000.0,
        "Diluted Average Shares": 53900000.0,
        "Basic Average Shares": 52500000.0,
        "Diluted EPS": 0.86,
        "Basic EPS": 0.878095,
        "Diluted NI Availto Com Stockholders": 46100000.0,
        "Net Income Common Stockholders": 46100000.0,
        "Net Income": 46100000.0,
        "Minority Interests": -300000.0,
        "Net Income Including Noncontrolling Interests": 46400000.0,
        "Net Income Continuous Operations": 46400000.0,
        "Tax Provision": 20000000.0,
        "Pretax Income": 66400000.0,
        "Other Income Expense": -6800000.0,
        "Other Non Operating Income Expenses": -1100000.0,
        "Special Income Charges": -4500000.0,
        "Gain On Sale Of Ppe": NaN,
        "Restructuring And Mergern Acquisition": 4500000.0,
        "Gain On Sale Of Security": -1200000.0,
        "Net Non Operating Interest Income Expense": -6600000.0,
        "Interest Expense Non Operating": 7400000.0,
        "Interest Income Non Operating": 800000.0,
        "Operating Income": 79800000.0,
        "Operating Expense": 85800000.0,
        "Selling General And Administration": 85800000.0,
        "General And Administrative Expense": 85800000.0,
        "Other Gand A": 85800000.0,
        "Salaries And Wages": NaN,
        "Gross Profit": 165600000.0,
        "Cost Of Revenue": 492400000.0,
        "Total Revenue": 658000000.0,
        "Operating Revenue": 658000000.0
    }
}