{
    "2023-03-31": {
        "Tax Effect Of Unusual Items": 0.0,
        "Tax Rate For Calcs": 0.2,
        "Normalized EBITDA": 126500000.0,
        "Net Income From Continuing Operation Net Minority Interest": 25000000.0,
        "Reconciled Depreciation": 56100000.0,
        "Reconciled Cost Of Revenue": 486400000.0,
        "EBITDA": 126500000.0,
        "EBIT": 70400000.0,
        "Net Interest Income": -49600000.0,
        "Interest Expense": 49600000.0,
        "Normalized Income": 25000000.0,
        "Net Income From Continuing And Discontinued Operation": 25000000.0,
        "Total Expenses": 1086900000.0,
        "Total Operating Income As Reported": 80500000.0,
        "Diluted Average Shares": 201500000.0,
        "Basic Average Shares": 185200000.0,
        "Diluted EPS": 0.13,
        "Basic EPS": 0.13,
        "Diluted NI Availto Com Stockholders": 26600000.0,
        "Average Dilution Earnings": 1600000.0,
        "Net Income Common Stockholders": 25000000.0,
        "Net Income": 25000000.0,
        "Net Income Including Noncontrolling Interests": 25000000.0,
        "Net Income Continuous Operations": 25000000.0,
        "Tax Provision": -4200000.0,
        "Pretax Income": 20800000.0,
        "Other Income Expense": -10100000.0,
        "Other Non Operating Income Expenses": -10100000.0,
        "Net Non Operating Interest Income Expense": -49600000.0,
        "Interest Expense Non Operating": 49600000.0,
        "Operating Income": 80500000.0,
        "Operating Expense": 600500000.0,
        "Other Operating Expenses": 309200000.0,
        "Research And Development": 22800000.0,
        "Selling General And Administration": 268500000.0,
        "General And Administrative Expense": 268500000.0,
        "Other Gand A": 268500000.0,
        "Salaries And Wages": 305500000.0,
        "Gross Profit": 681000000.0,
        "Cost Of Revenue": 486400000.0,
        "Total Revenue": 1167400000.0,
        "Operating Revenue": 1167400000.0
    },
    "2022-12-31": {
        "Tax Effect Of Unusual Items": 0.0,
        "Tax Rate For Calcs": 0.045932,
        "Normalized EBITDA": 19300000.0,
        "Net Income From Continuing Operation Net Minority Interest": -72700000.0,
        "Reconciled Depreciation": 53000000.0,
        "Reconciled Cost Of Revenue": 305800000.0,
        "EBITDA": 19300000.0,
        "EBIT": -33700000.0,
        "Net Interest Income": -42500000.0,
        "Interest Expense": 42500000.0,
        "Normalized Income": -72700000.0,
        "Net Income From Continuing And Discontinued Operation": -72700000.0,
        "Total Expenses": 886000000.0,
        "Total Operating Income As Reported": -34700000.0,
        "Diluted Average Shares": 184900000.0,
        "Basic Average Shares": 184900000.0,
        "Diluted EPS": -0.39,
        "Basic EPS": -0.39,
        "Diluted NI Availto Com Stockholders": -77500000.0,
        "Average Dilution Earnings": NaN,
        "Net Income Common Stockholders": -72700000.0,
        "Net Income": -72700000.0,
        "Net Income Including Noncontrolling Interests": -72700000.0,
        "Net Income Continuous Operations": -72700000.0,
        "Tax Provision": -3500000.0,
        "Pretax Income": -76200000.0,
        "Other Income Expense": 1000000.0,
        "Other Non Operating Income Expenses": -25200000.0,
        "Net Non Operating Interest Income Expense": -42500000.0,
        "Interest Expense Non Operating": 42500000.0,
        "Operating Income": -34700000.0,
        "Operating Expense": 580200000.0,
        "Other Operating Expenses": 309000000.0,
        "Research And Development": 21000000.0,
        "Selling General And Administration": 250200000.0,
        "General And Administrative Expense": 250200000.0,
        "Other Gand A": 250200000.0,
        "Salaries And Wages": 296700000.0,
        "Gross Profit": 545500000.0,
        "Cost Of Revenue": 305800000.0,
        "Total Revenue": 851300000.0,
        "Operating Revenue": 851300000.0
    },
    "2022-09-30": {
        "Tax Effect Of Unusual Items": 0.0,
        "Tax Rate For Calcs": 0.007732,
        "Normalized EBITDA": 75200000.0,
        "Net Income From Continuing Operation Net Minority Interest": 38500000.0,
        "Reconciled Depreciation": 48400000.0,
        "Reconciled Cost Of Revenue": 378900000.0,
        "EBITDA": 75200000.0,
        "EBIT": 75200000.0,
        "Net Interest Income": -36400000.0,
        "Interest Expense": 36400000.0,
        "Normalized Income": 38500000.0,
        "Net Income From Continuing And Discontinued Operation": 38500000.0,
        "Total Expenses": 920300000.0,
        "Total Operating Income As Reported": 68200000.0,
        "Diluted Average Shares": 201800000.0,
        "Basic Average Shares": 184800000.0,
        "Diluted EPS": 0.2,
        "Basic EPS": 0.21,
        "Diluted NI Availto Com Stockholders": 38500000.0,
        "Average Dilution Earnings": 1600000.0,
        "Net Income Common Stockholders": 38500000.0,
        "Net Income": 38500000.0,
        "Net Income Including Noncontrolling Interests": 38500000.0,
        "Net Income Continuous Operations": 38500000.0,
        "Tax Provision": 300000.0,
        "Pretax Income": 38800000.0,
        "Other Income Expense": 7000000.0,
        "Other Non Operating Income Expenses": 7000000.0,
        "Net Non Operating Interest Income Expense": -36400000.0,
        "Interest Expense Non Operating": 36400000.0,
        "Operating Income": 68200000.0,
        "Operating Expense": 541400000.0,
        "Other Operating Expenses": 9900000.0,
        "Research And Development": 19200000.0,
        "Selling General And Administration": 512300000.0,
        "General And Administrative Expense": 512300000.0,
        "Other Gand A": 224700000.0,
        "Salaries And Wages": 287600000.0,
        "Gross Profit": 609600000.0,
        "Cost Of Revenue": 378900000.0,
        "Total Revenue": 988500000.0,
        "Operating Revenue": 988500000.0
    },
    "2022-06-30": {
        "Tax Effect Of Unusual Items": 0.0,
        "Tax Rate For Calcs": 0.027,
        "Normalized EBITDA": 189600000.0,
        "Net Income From Continuing Operation Net Minority Interest": 105400000.0,
        "Reconciled Depreciation": 48800000.0,
        "Reconciled Cost Of Revenue": 449100000.0,
        "EBITDA": 189600000.0,
        "EBIT": 140800000.0,
        "Net Interest Income": -32500000.0,
        "Interest Expense": 32500000.0,
        "Normalized Income": 105400000.0,
        "Net Income From Continuing And Discontinued Operation": 105400000.0,
        "Total Expenses": 986700000.0,
        "Total Operating Income As Reported": 129000000.0,
        "Diluted Average Shares": 200600000.0,
        "Basic Average Shares": 184700000.0,
        "Diluted EPS": 0.53,
        "Basic EPS": 0.57,
        "Diluted NI Availto Com Stockholders": 105400000.0,
        "Average Dilution Earnings": NaN,
        "Net Income Common Stockholders": 105400000.0,
        "Net Income": 105400000.0,
        "Net Income Including Noncontrolling Interests": 105400000.0,
        "Net Income Continuous Operations": 105400000.0,
        "Tax Provision": 2900000.0,
        "Pretax Income": 108300000.0,
        "Other Income Expense": 11800000.0,
        "Other Non Operating Income Expenses": 11800000.0,
        "Net Non Operating Interest Income Expense": -32500000.0,
        "Interest Expense Non Operating": 32500000.0,
        "Operating Income": 129000000.0,
        "Operating Expense": 537600000.0,
        "Other Operating Expenses": 4100000.0,
        "Research And Development": 18700000.0,
        "Selling General And Administration": 514800000.0,
        "General And Administrative Expense": 514800000.0,
        "Other Gand A": 252600000.0,
        "Salaries And Wages": 262200000.0,
        "Gross Profit": 666600000.0,
        "Cost Of Revenue": 449100000.0,
        "Total Revenue": 1115700000.0,
        "Operating Revenue": 1115700000.0
    },
    "2022-03-31": {
        "Diluted EPS": 0.44,
        "Total Revenue": NaN,
        "Gross Profit": 589,
        "Operating Income": 94,
        "EBIT": 160,
        "Net Income": 87
    },
    "2021-12-31": {
        "Diluted EPS": -0.75,
        "Total Revenue": 712,
        "Gross Profit": 449,
        "Operating Income": -55,
        "EBIT": 32,
        "Net Income": -26
    },
    "2021-09-30": {
        "Diluted EPS": -0.09,
        "Total Revenue": 857,
        "Gross Profit": 528,
        "Operating Income": 76,
        "EBIT": 145,
        "Net Income": -16
    },
    "2021-06-30": {
        "Diluted EPS": 0.47,
        "Total Revenue": 914,
        "Gross Profit": 556,
        "Operating Income": 107,
        "EBIT": 172,
        "Net Income": 92
    },
    "2021-03-31": {
        "Diluted EPS": 2.19,
        "Total Revenue": 652,
        "Gross Profit": 330,
        "Operating Income": 76,
        "EBIT": 111,
        "Net Income": 273
    },
    "2020-12-31": {
        "Diluted EPS": -0.41,
        "Total Revenue": 375,
        "Gross Profit": 139,
        "Operating Income": -32,
        "EBIT": -9,
        "Net Income": -41
    },
    "2020-09-30": {
        "Diluted EPS": 0.54,
        "Total Revenue": 476,
        "Gross Profit": 201,
        "Operating Income": 64,
        "EBIT": 85,
        "Net Income": 52
    },
    "2020-06-30": {
        "Diluted EPS": -1.78,
        "Total Revenue": 297,
        "Gross Profit": 122,
        "Operating Income": -177,
        "EBIT": -158,
        "Net Income": -168
    },
    "2020-03-31": {
        "Diluted EPS": 0.3,
        "Total Revenue": 442,
        "Gross Profit": 196,
        "Operating Income": 41,
        "EBIT": 59,
        "Net Income": 29
    },
    "2019-12-31": {
        "Diluted EPS": -0.3,
        "Total Revenue": 312,
        "Gross Profit": 130,
        "Operating Income": -23,
        "EBIT": -5,
        "Net Income": -29
    },
    "2019-09-30": {
        "Diluted EPS": 0.32,
        "Total Revenue": 426,
        "Gross Profit": 191,
        "Operating Income": 40,
        "EBIT": 58,
        "Net Income": 31
    },
    "2019-06-30": {
        "Diluted EPS": 0.3,
        "Total Revenue": 447,
        "Gross Profit": 207,
        "Operating Income": 45,
        "EBIT": 66,
        "Net Income": 29
    },
    "2019-03-31": {
        "Diluted EPS": 0.5,
        "Total Revenue": 516,
        "Gross Profit": 238,
        "Operating Income": 70,
        "EBIT": 93,
        "Net Income": 49
    },
    "2018-12-31": {
        "Diluted EPS": -0.3,
        "Total Revenue": 181,
        "Gross Profit": 70,
        "Operating Income": -43,
        "EBIT": -37,
        "Net Income": -28
    },
    "2018-09-30": {
        "Diluted EPS": 0.1,
        "Total Revenue": 263,
        "Gross Profit": 115,
        "Operating Income": 11,
        "EBIT": 16,
        "Net Income": 10
    },
    "2018-06-30": {
        "Diluted EPS": 0.63,
        "Total Revenue": 396,
        "Gross Profit": 193,
        "Operating Income": 74,
        "EBIT": 79,
        "Net Income": 61
    },
    "2018-03-31": {
        "Diluted EPS": 0.65,
        "Total Revenue": 403,
        "Gross Profit": 200,
        "Operating Income": 86,
        "EBIT": 91,
        "Net Income": 63
    },
    "2017-12-31": {
        "Diluted EPS": -0.21,
        "Total Revenue": 192,
        "Gross Profit": 80,
        "Operating Income": -20,
        "EBIT": -14,
        "Net Income": -19
    },
    "2017-09-30": {
        "Diluted EPS": 0.03,
        "Total Revenue": 244,
        "Gross Profit": 105,
        "Operating Income": 6,
        "EBIT": 12,
        "Net Income": 3
    },
    "2017-06-30": {
        "Diluted EPS": 0.33,
        "Total Revenue": 305,
        "Gross Profit": 148,
        "Operating Income": 49,
        "EBIT": 53,
        "Net Income": 31
    },
    "2017-03-31": {
        "Diluted EPS": 0.27,
        "Total Revenue": 309,
        "Gross Profit": 148,
        "Operating Income": 44,
        "EBIT": 49,
        "Net Income": 26
    },
    "2016-12-31": {
        "Diluted EPS": 1.28,
        "Total Revenue": 164,
        "Gross Profit": 63,
        "Operating Income": -17,
        "EBIT": -13,
        "Net Income": 123
    },
    "2016-09-30": {
        "Diluted EPS": -0.06,
        "Total Revenue": 188,
        "Gross Profit": 79,
        "Operating Income": -5,
        "EBIT": -1,
        "Net Income": -6
    },
    "2016-06-30": {
        "Diluted EPS": 0.36,
        "Total Revenue": 246,
        "Gross Profit": 111,
        "Operating Income": 21,
        "EBIT": 25,
        "Net Income": 34
    },
    "2016-03-31": {
        "Diluted EPS": 0.4,
        "Total Revenue": 274,
        "Gross Profit": 132,
        "Operating Income": 45,
        "EBIT": 49,
        "Net Income": 38
    },
    "2015-12-31": {
        "Diluted EPS": -0.33,
        "Total Revenue": 153,
        "Gross Profit": 51,
        "Operating Income": -29,
        "EBIT": -25,
        "Net Income": -30
    },
    "2015-09-30": {
        "Diluted EPS": -0.04,
        "Total Revenue": 176,
        "Gross Profit": 78,
        "Operating Income": 1,
        "EBIT": 5,
        "Net Income": -4
    },
    "2015-06-30": {
        "Diluted EPS": 0.15,
        "Total Revenue": 231,
        "Gross Profit": 102,
        "Operating Income": 19,
        "EBIT": 23,
        "Net Income": 13
    },
    "2015-03-31": {
        "Diluted EPS": 0.39,
        "Total Revenue": 284,
        "Gross Profit": 127,
        "Operating Income": 37,
        "EBIT": 42,
        "Net Income": 36
    },
    "2014-12-31": {
        "Diluted EPS": -0.44,
        "Total Revenue": 135,
        "Gross Profit": 37,
        "Operating Income": -39,
        "EBIT": -34,
        "Net Income": -42
    },
    "2014-09-30": {
        "Diluted EPS": -0.01,
        "Total Revenue": 169,
        "Gross Profit": 65,
        "Operating Income": -3,
        "EBIT": 3,
        "Net Income": -1
    },
    "2014-06-30": {
        "Diluted EPS": 0.04,
        "Total Revenue": 232,
        "Gross Profit": 91,
        "Operating Income": 11,
        "EBIT": 16,
        "Net Income": 3
    },
    "2014-03-31": {
        "Diluted EPS": 0.61,
        "Total Revenue": 352,
        "Gross Profit": 165,
        "Operating Income": 62,
        "EBIT": 68,
        "Net Income": 55
    },
    "2013-12-31": {
        "Diluted EPS": -0.58,
        "Total Revenue": 127,
        "Gross Profit": 29,
        "Operating Income": -45,
        "EBIT": -39,
        "Net Income": -49
    },
    "2013-09-30": {
        "Diluted EPS": -0.32,
        "Total Revenue": 178,
        "Gross Profit": 59,
        "Operating Income": -17,
        "EBIT": -11,
        "Net Income": -23
    },
    "2013-06-30": {
        "Diluted EPS": 0.12,
        "Total Revenue": 250,
        "Gross Profit": 96,
        "Operating Income": 11,
        "EBIT": 18,
        "Net Income": 9
    },
    "2013-03-31": {
        "Diluted EPS": 0.47,
        "Total Revenue": 288,
        "Gross Profit": 130,
        "Operating Income": 40,
        "EBIT": 47,
        "Net Income": 41
    },
    "2012-12-31": {
        "Diluted EPS": -1.0,
        "Total Revenue": 120,
        "Gross Profit": 9,
        "Operating Income": -71,
        "EBIT": -63,
        "Net Income": -72
    },
    "2012-09-30": {
        "Diluted EPS": -1.33,
        "Total Revenue": 148,
        "Gross Profit": 4,
        "Operating Income": -83,
        "EBIT": -74,
        "Net Income": -89
    },
    "2012-06-30": {
        "Diluted EPS": 0.0,
        "Total Revenue": 281,
        "Gross Profit": 111,
        "Operating Income": 10,
        "EBIT": 19,
        "Net Income": 0
    },
    "2012-03-31": {
        "Diluted EPS": 0.37,
        "Total Revenue": 285,
        "Gross Profit": 124,
        "Operating Income": 28,
        "EBIT": 37,
        "Net Income": 29
    },
    "2011-12-31": {
        "Diluted EPS": -1.0,
        "Total Revenue": 154,
        "Gross Profit": 38,
        "Operating Income": -50,
        "EBIT": -40,
        "Net Income": -66
    },
    "2011-09-30": {
        "Diluted EPS": -1.01,
        "Total Revenue": 173,
        "Gross Profit": 47,
        "Operating Income": -44,
        "EBIT": -35,
        "Net Income": -65
    },
    "2011-06-30": {
        "Diluted EPS": -0.96,
        "Total Revenue": 274,
        "Gross Profit": 103,
        "Operating Income": -10,
        "EBIT": -1,
        "Net Income": -62
    },
    "2011-03-31": {
        "Diluted EPS": 0.15,
        "Total Revenue": 286,
        "Gross Profit": 124,
        "Operating Income": 23,
        "EBIT": 33,
        "Net Income": 10
    },
    "2010-12-31": {
        "Diluted EPS": -0.51,
        "Total Revenue": 186,
        "Gross Profit": 56,
        "Operating Income": -42,
        "EBIT": -31,
        "Net Income": -35
    },
    "2010-09-30": {
        "Diluted EPS": -0.33,
        "Total Revenue": 176,
        "Gross Profit": 49,
        "Operating Income": -38,
        "EBIT": -27,
        "Net Income": -21
    },
    "2010-06-30": {
        "Diluted EPS": 0.14,
        "Total Revenue": 304,
        "Gross Profit": 124,
        "Operating Income": 25,
        "EBIT": 35,
        "Net Income": 9
    },
    "2010-03-31": {
        "Diluted EPS": 0.24,
        "Total Revenue": 303,
        "Gross Profit": 137,
        "Operating Income": 28,
        "EBIT": 38,
        "Net Income": 18
    },
    "2009-12-31": {
        "Diluted EPS": -0.29,
        "Total Revenue": 186,
        "Gross Profit": 58,
        "Operating Income": -29,
        "EBIT": -18,
        "Net Income": -18
    },
    "2009-09-30": {
        "Diluted EPS": -0.25,
        "Total Revenue": 191,
        "Gross Profit": 60,
        "Operating Income": -26,
        "EBIT": -15,
        "Net Income": -16
    },
    "2009-06-30": {
        "Diluted EPS": 0.1,
        "Total Revenue": 302,
        "Gross Profit": 110,
        "Operating Income": 10,
        "EBIT": 20,
        "Net Income": 6
    },
    "2009-03-31": {
        "Diluted EPS": 0.11,
        "Total Revenue": 272,
        "Gross Profit": 116,
        "Operating Income": 13,
        "EBIT": 23,
        "Net Income": 7
    },
    "2023-06-30": {
        "Tax Effect Of Unusual Items": 0.0,
        "Tax Rate For Calcs": 0.21,
        "Normalized EBITDA": 181900000.0,
        "Net Income From Continuing Operation Net Minority Interest": 117400000.0,
        "Reconciled Depreciation": 58600000.0,
        "Reconciled Cost Of Revenue": 439300000.0,
        "EBITDA": 181900000.0,
        "EBIT": 123300000.0,
        "Net Interest Income": -51700000.0,
        "Interest Expense": 51700000.0,
        "Normalized Income": 117400000.0,
        "Net Income From Continuing And Discontinued Operation": 117400000.0,
        "Total Expenses": 1063700000.0,
        "Total Operating Income As Reported": 116000000.0,
        "Diluted Average Shares": 201300000.0,
        "Basic Average Shares": 185200000.0,
        "Diluted EPS": 0.59,
        "Basic EPS": 0.63,
        "Diluted NI Availto Com Stockholders": 119000000.0,
        "Average Dilution Earnings": 1600000.0,
        "Net Income Common Stockholders": 117400000.0,
        "Net Income": 117400000.0,
        "Net Income Including Noncontrolling Interests": 117400000.0,
        "Net Income Continuous Operations": 117400000.0,
        "Tax Provision": -45800000.0,
        "Pretax Income": 71600000.0,
        "Other Income Expense": 7300000.0,
        "Other Non Operating Income Expenses": 7300000.0,
        "Net Non Operating Interest Income Expense": -51700000.0,
        "Interest Expense Non Operating": 51700000.0,
        "Operating Income": 116000000.0,
        "Operating Expense": 624400000.0,
        "Other Operating Expenses": 322800000.0,
        "Research And Development": 22000000.0,
        "Selling General And Administration": 279600000.0,
        "General And Administrative Expense": 279600000.0,
        "Other Gand A": 279600000.0,
        "Salaries And Wages": 317100000.0,
        "Gross Profit": 740400000.0,
        "Cost Of Revenue": 439300000.0,
        "Total Revenue": 1179700000.0,
        "Operating Revenue": 1179700000.0
    },
    "2023-09-30": {
        "Tax Effect Of Unusual Items": 0.0,
        "Tax Rate For Calcs": 0.21,
        "Normalized EBITDA": 140000000.0,
        "Net Income From Continuing Operation Net Minority Interest": 29700000.0,
        "Reconciled Depreciation": 61000000.0,
        "Reconciled Cost Of Revenue": 382700000.0,
        "EBITDA": 140000000.0,
        "EBIT": 79000000.0,
        "Net Interest Income": -52300000.0,
        "Interest Expense": 52300000.0,
        "Normalized Income": 29700000.0,
        "Net Income From Continuing And Discontinued Operation": 29700000.0,
        "Total Expenses": 966800000.0,
        "Total Operating Income As Reported": 73800000.0,
        "Diluted Average Shares": 201200000.0,
        "Basic Average Shares": 185200000.0,
        "Diluted EPS": 0.16,
        "Basic EPS": 0.16,
        "Diluted NI Availto Com Stockholders": 31300000.0,
        "Average Dilution Earnings": 1600000.0,
        "Net Income Common Stockholders": 29700000.0,
        "Net Income": 29700000.0,
        "Net Income Including Noncontrolling Interests": 29700000.0,
        "Net Income Continuous Operations": 29700000.0,
        "Tax Provision": -3000000.0,
        "Pretax Income": 26700000.0,
        "Other Income Expense": 5200000.0,
        "Other Non Operating Income Expenses": 5200000.0,
        "Net Non Operating Interest Income Expense": -52300000.0,
        "Interest Expense Non Operating": 52300000.0,
        "Operating Income": 73800000.0,
        "Operating Expense": 584100000.0,
        "Other Operating Expenses": 319000000.0,
        "Research And Development": 22600000.0,
        "Selling General And Administration": 242500000.0,
        "General And Administrative Expense": 242500000.0,
        "Other Gand A": 242500000.0,
        "Salaries And Wages": NaN,
        "Gross Profit": 657900000.0,
        "Cost Of Revenue": 382700000.0,
        "Total Revenue": 1040600000.0,
        "Operating Revenue": 1040600000.0
    },
    "2023-12-31": {
        "Tax Effect Of Unusual Items": 0.0,
        "Tax Rate For Calcs": 0.085409,
        "Normalized EBITDA": 36300000.0,
        "Net Income From Continuing Operation Net Minority Interest": -77100000.0,
        "Reconciled Depreciation": 64000000.0,
        "Reconciled Cost Of Revenue": 322300000.0,
        "EBITDA": 36300000.0,
        "EBIT": -27700000.0,
        "Net Interest Income": -56600000.0,
        "Interest Expense": 56600000.0,
        "Normalized Income": -77100000.0,
        "Net Income From Continuing And Discontinued Operation": -77100000.0,
        "Total Expenses": 929700000.0,
        "Total Operating Income As Reported": -32600000.0,
        "Diluted Average Shares": NaN,
        "Basic Average Shares": NaN,
        "Diluted EPS": NaN,
        "Basic EPS": NaN,
        "Diluted NI Availto Com Stockholders": -81900000.0,
        "Average Dilution Earnings": NaN,
        "Net Income Common Stockholders": -77100000.0,
        "Net Income": -77100000.0,
        "Net Income Including Noncontrolling Interests": -77100000.0,
        "Net Income Continuous Operations": -77100000.0,
        "Tax Provision": -7200000.0,
        "Pretax Income": -84300000.0,
        "Other Income Expense": 4900000.0,
        "Other Non Operating Income Expenses": -8300000.0,
        "Net Non Operating Interest Income Expense": -56600000.0,
        "Interest Expense Non Operating": 56600000.0,
        "Operating Income": -32600000.0,
        "Operating Expense": 607400000.0,
        "Other Operating Expenses": 327200000.0,
        "Research And Development": 34200000.0,
        "Selling General And Administration": 246000000.0,
        "General And Administrative Expense": 246000000.0,
        "Other Gand A": 246000000.0,
        "Salaries And Wages": NaN,
        "Gross Profit": 574800000.0,
        "Cost Of Revenue": 322300000.0,
        "Total Revenue": 897100000.0,
        "Operating Revenue": 897100000.0
    }
}