{
    "2023-03-31": {
        "Tax Effect Of Unusual Items": -11797200.0,
        "Tax Rate For Calcs": 0.4,
        "Normalized EBITDA": 26371000.0,
        "Total Unusual Items": -29493000.0,
        "Total Unusual Items Excluding Goodwill": -29493000.0,
        "Net Income From Continuing Operation Net Minority Interest": -33319000.0,
        "Reconciled Depreciation": 1989000.0,
        "Reconciled Cost Of Revenue": 27620000.0,
        "EBIT": -3122000.0,
        "Net Interest Income": 281000.0,
        "Interest Expense": NaN,
        "Interest Income": 281000.0,
        "Normalized Income": -15623200.0,
        "Net Income From Continuing And Discontinued Operation": -33319000.0,
        "Total Expenses": 65726000.0,
        "Total Operating Income As Reported": -3122000.0,
        "Diluted Average Shares": 37917000.0,
        "Basic Average Shares": 37917000.0,
        "Diluted EPS": -0.88,
        "Basic EPS": -0.88,
        "Diluted NI Availto Com Stockholders": -33319000.0,
        "Net Income Common Stockholders": -33319000.0,
        "Net Income": -33319000.0,
        "Net Income Including Noncontrolling Interests": -33319000.0,
        "Net Income Continuous Operations": -33319000.0,
        "Tax Provision": 902000.0,
        "Pretax Income": -32417000.0,
        "Other Income Expense": -29576000.0,
        "Other Non Operating Income Expenses": -83000.0,
        "Special Income Charges": -29493000.0,
        "Other Special Charges": 29493000.0,
        "Net Non Operating Interest Income Expense": 281000.0,
        "Interest Expense Non Operating": NaN,
        "Interest Income Non Operating": 281000.0,
        "Operating Income": -3122000.0,
        "Operating Expense": 38106000.0,
        "Research And Development": 12403000.0,
        "Selling General And Administration": 25703000.0,
        "Selling And Marketing Expense": 14222000.0,
        "General And Administrative Expense": 11481000.0,
        "Other Gand A": 11481000.0,
        "Gross Profit": 34984000.0,
        "Cost Of Revenue": 27620000.0,
        "Total Revenue": 62604000.0,
        "Operating Revenue": 62604000.0
    },
    "2022-12-31": {
        "Tax Effect Of Unusual Items": 0.0,
        "Tax Rate For Calcs": 0.4,
        "Normalized EBITDA": -1211000.0,
        "Total Unusual Items": NaN,
        "Total Unusual Items Excluding Goodwill": NaN,
        "Net Income From Continuing Operation Net Minority Interest": -4050000.0,
        "Reconciled Depreciation": 2273000.0,
        "Reconciled Cost Of Revenue": 26271000.0,
        "EBIT": -3484000.0,
        "Net Interest Income": -134000.0,
        "Interest Expense": 134000.0,
        "Interest Income": NaN,
        "Normalized Income": -4050000.0,
        "Net Income From Continuing And Discontinued Operation": -4050000.0,
        "Total Expenses": 62703000.0,
        "Total Operating Income As Reported": -3549000.0,
        "Diluted Average Shares": 37527000.0,
        "Basic Average Shares": 37527000.0,
        "Diluted EPS": -0.11,
        "Basic EPS": -0.11,
        "Diluted NI Availto Com Stockholders": -4050000.0,
        "Net Income Common Stockholders": -4050000.0,
        "Net Income": -4050000.0,
        "Net Income Including Noncontrolling Interests": -4050000.0,
        "Net Income Continuous Operations": -4050000.0,
        "Tax Provision": 432000.0,
        "Pretax Income": -3618000.0,
        "Other Income Expense": 65000.0,
        "Other Non Operating Income Expenses": 65000.0,
        "Special Income Charges": NaN,
        "Other Special Charges": NaN,
        "Net Non Operating Interest Income Expense": -134000.0,
        "Interest Expense Non Operating": 134000.0,
        "Interest Income Non Operating": NaN,
        "Operating Income": -3549000.0,
        "Operating Expense": 36432000.0,
        "Research And Development": 12764000.0,
        "Selling General And Administration": 23668000.0,
        "Selling And Marketing Expense": 12977000.0,
        "General And Administrative Expense": 10691000.0,
        "Other Gand A": 10691000.0,
        "Gross Profit": 32883000.0,
        "Cost Of Revenue": 26271000.0,
        "Total Revenue": 59154000.0,
        "Operating Revenue": 59154000.0
    },
    "2022-09-30": {
        "Tax Effect Of Unusual Items": 0.0,
        "Tax Rate For Calcs": 0.4,
        "Normalized EBITDA": -4637000.0,
        "Total Unusual Items": NaN,
        "Total Unusual Items Excluding Goodwill": NaN,
        "Net Income From Continuing Operation Net Minority Interest": -8112000.0,
        "Reconciled Depreciation": 2266000.0,
        "Reconciled Cost Of Revenue": 25611000.0,
        "EBIT": -4637000.0,
        "Net Interest Income": -3344000.0,
        "Interest Expense": 3344000.0,
        "Interest Income": NaN,
        "Normalized Income": -8112000.0,
        "Net Income From Continuing And Discontinued Operation": -8112000.0,
        "Total Expenses": 63085000.0,
        "Total Operating Income As Reported": -4914000.0,
        "Diluted Average Shares": 37199000.0,
        "Basic Average Shares": 37199000.0,
        "Diluted EPS": -0.22,
        "Basic EPS": -0.22,
        "Diluted NI Availto Com Stockholders": -8112000.0,
        "Net Income Common Stockholders": -8112000.0,
        "Net Income": -8112000.0,
        "Net Income Including Noncontrolling Interests": -8112000.0,
        "Net Income Continuous Operations": -8112000.0,
        "Tax Provision": 131000.0,
        "Pretax Income": -7981000.0,
        "Other Income Expense": 277000.0,
        "Other Non Operating Income Expenses": 277000.0,
        "Special Income Charges": NaN,
        "Other Special Charges": NaN,
        "Net Non Operating Interest Income Expense": -3344000.0,
        "Interest Expense Non Operating": 3344000.0,
        "Interest Income Non Operating": NaN,
        "Operating Income": -4914000.0,
        "Operating Expense": 37474000.0,
        "Research And Development": 12569000.0,
        "Selling General And Administration": 24905000.0,
        "Selling And Marketing Expense": 12845000.0,
        "General And Administrative Expense": 12060000.0,
        "Other Gand A": 12060000.0,
        "Gross Profit": 32560000.0,
        "Cost Of Revenue": 25611000.0,
        "Total Revenue": 58171000.0,
        "Operating Revenue": 58171000.0
    },
    "2022-06-30": {
        "Tax Effect Of Unusual Items": 0.0,
        "Tax Rate For Calcs": 0.4,
        "Normalized EBITDA": 433000.0,
        "Total Unusual Items": NaN,
        "Total Unusual Items Excluding Goodwill": NaN,
        "Net Income From Continuing Operation Net Minority Interest": -6218000.0,
        "Reconciled Depreciation": 2246000.0,
        "Reconciled Cost Of Revenue": 24807000.0,
        "EBIT": -1813000.0,
        "Net Interest Income": -3794000.0,
        "Interest Expense": 3794000.0,
        "Interest Income": NaN,
        "Normalized Income": -6218000.0,
        "Net Income From Continuing And Discontinued Operation": -6218000.0,
        "Total Expenses": 58256000.0,
        "Total Operating Income As Reported": -2084000.0,
        "Diluted Average Shares": 36935000.0,
        "Basic Average Shares": 36935000.0,
        "Diluted EPS": -0.17,
        "Basic EPS": -0.17,
        "Diluted NI Availto Com Stockholders": -6218000.0,
        "Net Income Common Stockholders": -6218000.0,
        "Net Income": -6218000.0,
        "Net Income Including Noncontrolling Interests": -6218000.0,
        "Net Income Continuous Operations": -6218000.0,
        "Tax Provision": 611000.0,
        "Pretax Income": -5607000.0,
        "Other Income Expense": 271000.0,
        "Other Non Operating Income Expenses": 271000.0,
        "Special Income Charges": NaN,
        "Other Special Charges": NaN,
        "Net Non Operating Interest Income Expense": -3794000.0,
        "Interest Expense Non Operating": 3794000.0,
        "Interest Income Non Operating": NaN,
        "Operating Income": -2084000.0,
        "Operating Expense": 33449000.0,
        "Research And Development": 11797000.0,
        "Selling General And Administration": 21652000.0,
        "Selling And Marketing Expense": 11795000.0,
        "General And Administrative Expense": 9857000.0,
        "Other Gand A": 9857000.0,
        "Gross Profit": 31365000.0,
        "Cost Of Revenue": 24807000.0,
        "Total Revenue": 56172000.0,
        "Operating Revenue": 56172000.0
    },
    "2022-03-31": {
        "Diluted EPS": -0.22,
        "Total Revenue": 53,
        "Gross Profit": 29,
        "Operating Income": -4,
        "EBIT": 2,
        "Net Income": -8
    },
    "2021-12-31": {
        "Diluted EPS": -0.17,
        "Total Revenue": 52,
        "Gross Profit": 29,
        "Operating Income": -2,
        "EBIT": 4,
        "Net Income": -6
    },
    "2021-09-30": {
        "Diluted EPS": -0.17,
        "Total Revenue": 51,
        "Gross Profit": 29,
        "Operating Income": -2,
        "EBIT": 3,
        "Net Income": -6
    },
    "2021-06-30": {
        "Diluted EPS": -0.22,
        "Total Revenue": 51,
        "Gross Profit": 28,
        "Operating Income": -4,
        "EBIT": 2,
        "Net Income": -8
    },
    "2021-03-31": {
        "Diluted EPS": -0.3,
        "Total Revenue": 48,
        "Gross Profit": 25,
        "Operating Income": -7,
        "EBIT": -1,
        "Net Income": -11
    },
    "2020-12-31": {
        "Diluted EPS": -0.15,
        "Total Revenue": 43,
        "Gross Profit": 26,
        "Operating Income": -1,
        "EBIT": 3,
        "Net Income": -5
    },
    "2020-09-30": {
        "Diluted EPS": -0.1,
        "Total Revenue": 41,
        "Gross Profit": 25,
        "Operating Income": 0,
        "EBIT": 5,
        "Net Income": -4
    },
    "2020-06-30": {
        "Diluted EPS": -0.07,
        "Total Revenue": 41,
        "Gross Profit": 25,
        "Operating Income": 0,
        "EBIT": 3,
        "Net Income": -2
    },
    "2020-03-31": {
        "Diluted EPS": -0.14,
        "Total Revenue": 40,
        "Gross Profit": 23,
        "Operating Income": -4,
        "EBIT": -2,
        "Net Income": -5
    },
    "2019-12-31": {
        "Diluted EPS": -0.09,
        "Total Revenue": 38,
        "Gross Profit": 22,
        "Operating Income": -2,
        "EBIT": 0,
        "Net Income": -3
    },
    "2019-09-30": {
        "Diluted EPS": -0.18,
        "Total Revenue": 37,
        "Gross Profit": 20,
        "Operating Income": -5,
        "EBIT": -3,
        "Net Income": -6
    },
    "2019-06-30": {
        "Diluted EPS": -0.09,
        "Total Revenue": 35,
        "Gross Profit": 19,
        "Operating Income": -2,
        "EBIT": 0,
        "Net Income": -3
    },
    "2019-03-31": {
        "Diluted EPS": -0.18,
        "Total Revenue": 35,
        "Gross Profit": 18,
        "Operating Income": -5,
        "EBIT": -2,
        "Net Income": -6
    },
    "2018-12-31": {
        "Diluted EPS": -0.15,
        "Total Revenue": 35,
        "Gross Profit": 19,
        "Operating Income": -3,
        "EBIT": -1,
        "Net Income": -5
    },
    "2018-09-30": {
        "Diluted EPS": -0.12,
        "Total Revenue": 37,
        "Gross Profit": 22,
        "Operating Income": -3,
        "EBIT": -1,
        "Net Income": -4
    },
    "2018-06-30": {
        "Diluted EPS": -0.5,
        "Total Revenue": 40,
        "Gross Profit": 23,
        "Operating Income": -11,
        "EBIT": -9,
        "Net Income": -15
    },
    "2018-03-31": {
        "Diluted EPS": -0.13,
        "Total Revenue": 39,
        "Gross Profit": 22,
        "Operating Income": -2,
        "EBIT": 0,
        "Net Income": -4
    },
    "2017-12-31": {
        "Diluted EPS": -0.18,
        "Total Revenue": 39,
        "Gross Profit": 22,
        "Operating Income": -4,
        "EBIT": -2,
        "Net Income": -5
    },
    "2017-09-30": {
        "Diluted EPS": -0.31,
        "Total Revenue": 36,
        "Gross Profit": 20,
        "Operating Income": -7,
        "EBIT": -5,
        "Net Income": -9
    },
    "2017-06-30": {
        "Diluted EPS": -0.36,
        "Total Revenue": 34,
        "Gross Profit": 18,
        "Operating Income": -9,
        "EBIT": -6,
        "Net Income": -10
    },
    "2017-03-31": {
        "Diluted EPS": -0.44,
        "Total Revenue": 33,
        "Gross Profit": 17,
        "Operating Income": -15,
        "EBIT": -12,
        "Net Income": -12
    },
    "2016-12-31": {
        "Diluted EPS": -0.27,
        "Total Revenue": 28,
        "Gross Profit": 14,
        "Operating Income": -8,
        "EBIT": -7,
        "Net Income": -8
    },
    "2016-09-30": {
        "Diluted EPS": -0.28,
        "Total Revenue": 29,
        "Gross Profit": 15,
        "Operating Income": -8,
        "EBIT": -6,
        "Net Income": -8
    },
    "2016-06-30": {
        "Diluted EPS": -0.31,
        "Total Revenue": 28,
        "Gross Profit": 14,
        "Operating Income": -9,
        "EBIT": -7,
        "Net Income": -9
    },
    "2016-03-31": {
        "Diluted EPS": -0.33,
        "Total Revenue": 26,
        "Gross Profit": 12,
        "Operating Income": -9,
        "EBIT": -7,
        "Net Income": -9
    },
    "2015-12-31": {
        "Diluted EPS": -0.29,
        "Total Revenue": 24,
        "Gross Profit": 12,
        "Operating Income": -8,
        "EBIT": -6,
        "Net Income": -8
    },
    "2015-09-30": {
        "Diluted EPS": -0.19,
        "Total Revenue": 25,
        "Gross Profit": 14,
        "Operating Income": -5,
        "EBIT": -4,
        "Net Income": -5
    },
    "2015-06-30": {
        "Diluted EPS": -0.22,
        "Total Revenue": 24,
        "Gross Profit": 13,
        "Operating Income": -6,
        "EBIT": -5,
        "Net Income": -6
    },
    "2015-03-31": {
        "Diluted EPS": -0.18,
        "Total Revenue": 23,
        "Gross Profit": 13,
        "Operating Income": -4,
        "EBIT": -3,
        "Net Income": -5
    },
    "2014-12-31": {
        "Diluted EPS": -0.17,
        "Total Revenue": 22,
        "Gross Profit": 13,
        "Operating Income": -4,
        "EBIT": -3,
        "Net Income": -4
    },
    "2014-09-30": {
        "Diluted EPS": -0.25,
        "Total Revenue": 20,
        "Gross Profit": 11,
        "Operating Income": -6,
        "EBIT": -5,
        "Net Income": -6
    },
    "2014-06-30": {
        "Diluted EPS": -0.27,
        "Total Revenue": 19,
        "Gross Profit": 10,
        "Operating Income": -7,
        "EBIT": -6,
        "Net Income": -7
    },
    "2014-03-31": {
        "Diluted EPS": -0.21,
        "Total Revenue": 21,
        "Gross Profit": 11,
        "Operating Income": -5,
        "EBIT": -4,
        "Net Income": -5
    },
    "2013-12-31": {
        "Diluted EPS": -0.13,
        "Total Revenue": 22,
        "Gross Profit": 12,
        "Operating Income": -3,
        "EBIT": -2,
        "Net Income": -3
    },
    "2013-09-30": {
        "Diluted EPS": 0.23,
        "Total Revenue": 28,
        "Gross Profit": 16,
        "Operating Income": 1,
        "EBIT": 1,
        "Net Income": 1
    },
    "2013-06-30": {
        "Diluted EPS": 0.06,
        "Total Revenue": 27,
        "Gross Profit": 15,
        "Operating Income": 2,
        "EBIT": 2,
        "Net Income": 2
    },
    "2013-03-31": {
        "Diluted EPS": -0.19,
        "Total Revenue": 25,
        "Gross Profit": 13,
        "Operating Income": -1,
        "EBIT": 0,
        "Net Income": -2
    },
    "2012-12-31": {
        "Diluted EPS": -0.16,
        "Total Revenue": 22,
        "Gross Profit": 12,
        "Operating Income": -1,
        "EBIT": -1,
        "Net Income": -1
    },
    "2012-09-30": {
        "Diluted EPS": 0.0,
        "Total Revenue": 23,
        "Gross Profit": 23,
        "Operating Income": 23,
        "EBIT": 24,
        "Net Income": 0
    },
    "2012-06-30": {
        "Diluted EPS": -0.16,
        "Total Revenue": 23,
        "Gross Profit": 11,
        "Operating Income": -1,
        "EBIT": -1,
        "Net Income": -1
    },
    "2012-03-31": {
        "Diluted EPS": -0.54,
        "Total Revenue": 20,
        "Gross Profit": 10,
        "Operating Income": -4,
        "EBIT": -4,
        "Net Income": -4
    },
    "2011-12-31": {
        "Diluted EPS": -0.09,
        "Total Revenue": 18,
        "Gross Profit": 18,
        "Operating Income": 18,
        "EBIT": 18,
        "Net Income": -1
    },
    "2011-09-30": {
        "Diluted EPS": 0.0,
        "Total Revenue": NaN,
        "Gross Profit": NaN,
        "Operating Income": NaN,
        "EBIT": NaN,
        "Net Income": NaN
    }
}