{
    "2023-03-31": {
        "Tax Effect Of Unusual Items": NaN,
        "Tax Rate For Calcs": NaN,
        "Normalized EBITDA": NaN,
        "Total Unusual Items": NaN,
        "Total Unusual Items Excluding Goodwill": NaN,
        "Net Income From Continuing Operation Net Minority Interest": NaN,
        "Reconciled Depreciation": NaN,
        "Reconciled Cost Of Revenue": NaN,
        "EBITDA": NaN,
        "EBIT": NaN,
        "Net Interest Income": NaN,
        "Interest Expense": NaN,
        "Normalized Income": NaN,
        "Net Income From Continuing And Discontinued Operation": NaN,
        "Total Expenses": NaN,
        "Total Operating Income As Reported": NaN,
        "Diluted Average Shares": NaN,
        "Basic Average Shares": NaN,
        "Diluted EPS": NaN,
        "Basic EPS": NaN,
        "Diluted NI Availto Com Stockholders": NaN,
        "Net Income Common Stockholders": NaN,
        "Net Income": NaN,
        "Net Income Including Noncontrolling Interests": NaN,
        "Net Income Continuous Operations": NaN,
        "Earnings From Equity Interest Net Of Tax": NaN,
        "Tax Provision": NaN,
        "Pretax Income": NaN,
        "Other Income Expense": NaN,
        "Special Income Charges": NaN,
        "Other Special Charges": NaN,
        "Impairment Of Capital Assets": NaN,
        "Net Non Operating Interest Income Expense": NaN,
        "Interest Expense Non Operating": NaN,
        "Operating Income": NaN,
        "Operating Expense": NaN,
        "Other Operating Expenses": -1464000.0,
        "Depreciation Amortization Depletion Income Statement": NaN,
        "Depreciation And Amortization In Income Statement": NaN,
        "Selling General And Administration": NaN,
        "General And Administrative Expense": NaN,
        "Other Gand A": NaN,
        "Gross Profit": NaN,
        "Cost Of Revenue": NaN,
        "Total Revenue": NaN,
        "Operating Revenue": NaN
    },
    "2022-12-31": {
        "Tax Effect Of Unusual Items": NaN,
        "Tax Rate For Calcs": NaN,
        "Normalized EBITDA": NaN,
        "Total Unusual Items": NaN,
        "Total Unusual Items Excluding Goodwill": NaN,
        "Net Income From Continuing Operation Net Minority Interest": NaN,
        "Reconciled Depreciation": NaN,
        "Reconciled Cost Of Revenue": NaN,
        "EBITDA": NaN,
        "EBIT": NaN,
        "Net Interest Income": NaN,
        "Interest Expense": NaN,
        "Normalized Income": NaN,
        "Net Income From Continuing And Discontinued Operation": NaN,
        "Total Expenses": NaN,
        "Total Operating Income As Reported": NaN,
        "Diluted Average Shares": NaN,
        "Basic Average Shares": NaN,
        "Diluted EPS": NaN,
        "Basic EPS": NaN,
        "Diluted NI Availto Com Stockholders": NaN,
        "Net Income Common Stockholders": NaN,
        "Net Income": NaN,
        "Net Income Including Noncontrolling Interests": NaN,
        "Net Income Continuous Operations": NaN,
        "Earnings From Equity Interest Net Of Tax": NaN,
        "Tax Provision": NaN,
        "Pretax Income": NaN,
        "Other Income Expense": NaN,
        "Special Income Charges": NaN,
        "Impairment Of Capital Assets": NaN,
        "Net Non Operating Interest Income Expense": NaN,
        "Interest Expense Non Operating": NaN,
        "Operating Income": NaN,
        "Operating Expense": NaN,
        "Other Operating Expenses": -2764000.0,
        "Depreciation Amortization Depletion Income Statement": NaN,
        "Depreciation And Amortization In Income Statement": NaN,
        "Selling General And Administration": NaN,
        "General And Administrative Expense": NaN,
        "Other Gand A": NaN,
        "Gross Profit": NaN,
        "Cost Of Revenue": NaN,
        "Total Revenue": NaN,
        "Operating Revenue": NaN
    },
    "2022-09-30": {
        "Tax Effect Of Unusual Items": NaN,
        "Tax Rate For Calcs": NaN,
        "Normalized EBITDA": NaN,
        "Total Unusual Items": 0.0,
        "Total Unusual Items Excluding Goodwill": 0.0,
        "Net Income From Continuing Operation Net Minority Interest": NaN,
        "Reconciled Depreciation": NaN,
        "Reconciled Cost Of Revenue": NaN,
        "EBITDA": NaN,
        "EBIT": NaN,
        "Net Interest Income": NaN,
        "Interest Expense": NaN,
        "Normalized Income": NaN,
        "Net Income From Continuing And Discontinued Operation": NaN,
        "Total Expenses": NaN,
        "Total Operating Income As Reported": NaN,
        "Diluted Average Shares": NaN,
        "Basic Average Shares": NaN,
        "Diluted EPS": NaN,
        "Basic EPS": NaN,
        "Diluted NI Availto Com Stockholders": NaN,
        "Net Income Common Stockholders": NaN,
        "Net Income": NaN,
        "Net Income Including Noncontrolling Interests": NaN,
        "Net Income Continuous Operations": NaN,
        "Earnings From Equity Interest Net Of Tax": NaN,
        "Tax Provision": NaN,
        "Pretax Income": NaN,
        "Other Income Expense": NaN,
        "Special Income Charges": 0.0,
        "Impairment Of Capital Assets": 0.0,
        "Net Non Operating Interest Income Expense": NaN,
        "Interest Expense Non Operating": NaN,
        "Operating Income": NaN,
        "Operating Expense": NaN,
        "Other Operating Expenses": NaN,
        "Depreciation Amortization Depletion Income Statement": NaN,
        "Depreciation And Amortization In Income Statement": NaN,
        "Selling General And Administration": NaN,
        "General And Administrative Expense": NaN,
        "Other Gand A": NaN,
        "Gross Profit": NaN,
        "Cost Of Revenue": NaN,
        "Total Revenue": NaN,
        "Operating Revenue": NaN
    },
    "2022-06-30": {
        "Tax Effect Of Unusual Items": 0.0,
        "Tax Rate For Calcs": 0.298541,
        "Normalized EBITDA": 47904000.0,
        "Total Unusual Items": NaN,
        "Total Unusual Items Excluding Goodwill": NaN,
        "Net Income From Continuing Operation Net Minority Interest": 3328000.0,
        "Reconciled Depreciation": 24758000.0,
        "Reconciled Cost Of Revenue": 504230000.0,
        "EBITDA": 47904000.0,
        "EBIT": 23146000.0,
        "Net Interest Income": -15472000.0,
        "Interest Expense": 15472000.0,
        "Normalized Income": 3328000.0,
        "Net Income From Continuing And Discontinued Operation": 3328000.0,
        "Total Expenses": 605069000.0,
        "Total Operating Income As Reported": 23146000.0,
        "Diluted Average Shares": 14115471.0,
        "Basic Average Shares": 14047459.0,
        "Diluted EPS": 0.24,
        "Basic EPS": 0.24,
        "Diluted NI Availto Com Stockholders": 3328000.0,
        "Net Income Common Stockholders": 3328000.0,
        "Net Income": 3328000.0,
        "Net Income Including Noncontrolling Interests": 3328000.0,
        "Net Income Continuous Operations": 3328000.0,
        "Earnings From Equity Interest Net Of Tax": -2055000.0,
        "Tax Provision": 2291000.0,
        "Pretax Income": 7674000.0,
        "Other Income Expense": NaN,
        "Special Income Charges": NaN,
        "Impairment Of Capital Assets": NaN,
        "Net Non Operating Interest Income Expense": -15472000.0,
        "Interest Expense Non Operating": 15472000.0,
        "Operating Income": 23146000.0,
        "Operating Expense": 100839000.0,
        "Other Operating Expenses": -3330000.0,
        "Depreciation Amortization Depletion Income Statement": 24758000.0,
        "Depreciation And Amortization In Income Statement": 24758000.0,
        "Selling General And Administration": 79411000.0,
        "General And Administrative Expense": 79411000.0,
        "Other Gand A": 79411000.0,
        "Gross Profit": 123985000.0,
        "Cost Of Revenue": 504230000.0,
        "Total Revenue": 628215000.0,
        "Operating Revenue": 628215000.0
    },
    "2022-03-31": {
        "Diluted EPS": 0.02,
        "Total Revenue": 575,
        "Gross Profit": 116,
        "Operating Income": 15,
        "EBIT": 40,
        "Net Income": 0
    },
    "2021-12-31": {
        "Diluted EPS": -2.2,
        "Total Revenue": 573,
        "Gross Profit": 128,
        "Operating Income": 20,
        "EBIT": 41,
        "Net Income": -32
    },
    "2021-09-30": {
        "Diluted EPS": -0.54,
        "Total Revenue": 493,
        "Gross Profit": 94,
        "Operating Income": 13,
        "EBIT": 26,
        "Net Income": -8
    },
    "2021-06-30": {
        "Diluted EPS": 0.96,
        "Total Revenue": 474,
        "Gross Profit": 95,
        "Operating Income": 27,
        "EBIT": 40,
        "Net Income": 14
    },
    "2021-03-31": {
        "Diluted EPS": 1.31,
        "Total Revenue": 456,
        "Gross Profit": 96,
        "Operating Income": 29,
        "EBIT": 42,
        "Net Income": 19
    },
    "2020-12-31": {
        "Diluted EPS": -0.15,
        "Total Revenue": 399,
        "Gross Profit": 84,
        "Operating Income": 20,
        "EBIT": 29,
        "Net Income": -3
    },
    "2020-09-30": {
        "Diluted EPS": 2.5,
        "Total Revenue": 321,
        "Gross Profit": 85,
        "Operating Income": 43,
        "EBIT": 51,
        "Net Income": 35
    },
    "2020-06-30": {
        "Diluted EPS": -0.98,
        "Total Revenue": 282,
        "Gross Profit": 86,
        "Operating Income": 49,
        "EBIT": 55,
        "Net Income": -13
    },
    "2020-03-31": {
        "Diluted EPS": 1.0,
        "Total Revenue": 367,
        "Gross Profit": 35,
        "Operating Income": 10,
        "EBIT": 14,
        "Net Income": 13
    },
    "2019-12-31": {
        "Diluted EPS": -0.47,
        "Total Revenue": 385,
        "Gross Profit": 26,
        "Operating Income": 8,
        "EBIT": 11,
        "Net Income": -6
    },
    "2019-09-30": {
        "Diluted EPS": 0.47,
        "Total Revenue": 393,
        "Gross Profit": 37,
        "Operating Income": 17,
        "EBIT": 21,
        "Net Income": 6
    },
    "2019-06-30": {
        "Diluted EPS": -0.22,
        "Total Revenue": 364,
        "Gross Profit": 18,
        "Operating Income": -3,
        "EBIT": 1,
        "Net Income": -3
    },
    "2019-03-31": {
        "Diluted EPS": -0.04,
        "Total Revenue": 368,
        "Gross Profit": 27,
        "Operating Income": 3,
        "EBIT": 8,
        "Net Income": -1
    },
    "2018-12-31": {
        "Diluted EPS": -1.67,
        "Total Revenue": 361,
        "Gross Profit": 42,
        "Operating Income": -1,
        "EBIT": 7,
        "Net Income": -22
    },
    "2018-09-30": {
        "Diluted EPS": 0.4,
        "Total Revenue": 344,
        "Gross Profit": 30,
        "Operating Income": 9,
        "EBIT": 16,
        "Net Income": 5
    },
    "2018-06-30": {
        "Diluted EPS": -0.94,
        "Total Revenue": 344,
        "Gross Profit": 26,
        "Operating Income": 3,
        "EBIT": 10,
        "Net Income": -12
    },
    "2018-03-31": {
        "Diluted EPS": 0.27,
        "Total Revenue": 337,
        "Gross Profit": 34,
        "Operating Income": 12,
        "EBIT": 19,
        "Net Income": 3
    },
    "2017-12-31": {
        "Diluted EPS": 2.46,
        "Total Revenue": 101,
        "Gross Profit": 28,
        "Operating Income": 18,
        "EBIT": 25,
        "Net Income": 34
    },
    "2017-09-30": {
        "Diluted EPS": 0.88,
        "Total Revenue": 410,
        "Gross Profit": 31,
        "Operating Income": 6,
        "EBIT": 13,
        "Net Income": 12
    },
    "2017-06-30": {
        "Diluted EPS": 0.18,
        "Total Revenue": 408,
        "Gross Profit": 31,
        "Operating Income": 6,
        "EBIT": 13,
        "Net Income": 2
    },
    "2017-03-31": {
        "Diluted EPS": -0.4,
        "Total Revenue": 399,
        "Gross Profit": 30,
        "Operating Income": 7,
        "EBIT": 13,
        "Net Income": -5
    },
    "2016-12-31": {
        "Diluted EPS": 4.98,
        "Total Revenue": 41,
        "Gross Profit": 4,
        "Operating Income": 23,
        "EBIT": 30,
        "Net Income": 74
    },
    "2016-09-30": {
        "Diluted EPS": -0.05,
        "Total Revenue": 412,
        "Gross Profit": 34,
        "Operating Income": 10,
        "EBIT": 22,
        "Net Income": -1
    },
    "2016-06-30": {
        "Diluted EPS": 0.21,
        "Total Revenue": 398,
        "Gross Profit": 30,
        "Operating Income": 7,
        "EBIT": 22,
        "Net Income": 3
    },
    "2016-03-31": {
        "Diluted EPS": 0.07,
        "Total Revenue": 382,
        "Gross Profit": 33,
        "Operating Income": 8,
        "EBIT": 23,
        "Net Income": 1
    },
    "2015-12-31": {
        "Diluted EPS": 4.09,
        "Total Revenue": 260,
        "Gross Profit": -32,
        "Operating Income": -37,
        "EBIT": -22,
        "Net Income": 65
    },
    "2015-09-30": {
        "Diluted EPS": -0.41,
        "Total Revenue": 380,
        "Gross Profit": 29,
        "Operating Income": 3,
        "EBIT": 18,
        "Net Income": -7
    },
    "2015-06-30": {
        "Diluted EPS": 0.26,
        "Total Revenue": 418,
        "Gross Profit": 47,
        "Operating Income": 15,
        "EBIT": 31,
        "Net Income": 4
    },
    "2015-03-31": {
        "Diluted EPS": 0.32,
        "Total Revenue": 420,
        "Gross Profit": 53,
        "Operating Income": 21,
        "EBIT": 36,
        "Net Income": 5
    },
    "2014-12-31": {
        "Diluted EPS": 0.45,
        "Total Revenue": 454,
        "Gross Profit": 43,
        "Operating Income": 15,
        "EBIT": 33,
        "Net Income": 7
    },
    "2014-09-30": {
        "Diluted EPS": 0.02,
        "Total Revenue": 309,
        "Gross Profit": 29,
        "Operating Income": 2,
        "EBIT": 11,
        "Net Income": 0
    },
    "2014-06-30": {
        "Diluted EPS": 0.46,
        "Total Revenue": 344,
        "Gross Profit": 35,
        "Operating Income": 14,
        "EBIT": 19,
        "Net Income": 7
    },
    "2014-03-31": {
        "Diluted EPS": 0.44,
        "Total Revenue": 289,
        "Gross Profit": 29,
        "Operating Income": 12,
        "EBIT": 16,
        "Net Income": 6
    },
    "2013-12-31": {
        "Diluted EPS": 0.24,
        "Total Revenue": 277,
        "Gross Profit": 22,
        "Operating Income": 6,
        "EBIT": 10,
        "Net Income": 3
    },
    "2013-09-30": {
        "Diluted EPS": 0.25,
        "Total Revenue": 277,
        "Gross Profit": 23,
        "Operating Income": 8,
        "EBIT": 12,
        "Net Income": 4
    },
    "2013-06-30": {
        "Diluted EPS": 0.43,
        "Total Revenue": 288,
        "Gross Profit": 28,
        "Operating Income": 11,
        "EBIT": 15,
        "Net Income": 6
    },
    "2013-03-31": {
        "Diluted EPS": 0.49,
        "Total Revenue": 281,
        "Gross Profit": 29,
        "Operating Income": 13,
        "EBIT": 17,
        "Net Income": 7
    },
    "2012-12-31": {
        "Diluted EPS": 0.21,
        "Total Revenue": 287,
        "Gross Profit": 27,
        "Operating Income": 8,
        "EBIT": 12,
        "Net Income": 3
    },
    "2012-09-30": {
        "Diluted EPS": 0.09,
        "Total Revenue": 280,
        "Gross Profit": 24,
        "Operating Income": 5,
        "EBIT": 9,
        "Net Income": 1
    },
    "2012-06-30": {
        "Diluted EPS": 0.11,
        "Total Revenue": 279,
        "Gross Profit": 22,
        "Operating Income": 4,
        "EBIT": 8,
        "Net Income": 1
    },
    "2012-03-31": {
        "Diluted EPS": 0.23,
        "Total Revenue": 260,
        "Gross Profit": 23,
        "Operating Income": 7,
        "EBIT": 11,
        "Net Income": 3
    },
    "2011-12-31": {
        "Diluted EPS": 0.23,
        "Total Revenue": 244,
        "Gross Profit": 23,
        "Operating Income": 7,
        "EBIT": 11,
        "Net Income": 3
    },
    "2011-09-30": {
        "Diluted EPS": 0.15,
        "Total Revenue": 236,
        "Gross Profit": 22,
        "Operating Income": 6,
        "EBIT": 10,
        "Net Income": 2
    },
    "2011-06-30": {
        "Diluted EPS": 0.55,
        "Total Revenue": 235,
        "Gross Profit": 26,
        "Operating Income": 10,
        "EBIT": 14,
        "Net Income": 8
    },
    "2011-03-31": {
        "Diluted EPS": 0.34,
        "Total Revenue": 228,
        "Gross Profit": 29,
        "Operating Income": 14,
        "EBIT": 17,
        "Net Income": 4
    },
    "2010-12-31": {
        "Diluted EPS": 0.36,
        "Total Revenue": 219,
        "Gross Profit": 26,
        "Operating Income": 11,
        "EBIT": 15,
        "Net Income": 4
    },
    "2010-09-30": {
        "Diluted EPS": 0.22,
        "Total Revenue": 217,
        "Gross Profit": 25,
        "Operating Income": 9,
        "EBIT": 13,
        "Net Income": 3
    },
    "2010-06-30": {
        "Diluted EPS": 0.54,
        "Total Revenue": 222,
        "Gross Profit": 32,
        "Operating Income": 17,
        "EBIT": 21,
        "Net Income": 7
    },
    "2010-03-31": {
        "Diluted EPS": 0.66,
        "Total Revenue": 221,
        "Gross Profit": 34,
        "Operating Income": 20,
        "EBIT": 24,
        "Net Income": 9
    },
    "2009-12-31": {
        "Diluted EPS": 0.42,
        "Total Revenue": 216,
        "Gross Profit": 29,
        "Operating Income": 15,
        "EBIT": 19,
        "Net Income": 6
    },
    "2009-09-30": {
        "Diluted EPS": 0.34,
        "Total Revenue": 207,
        "Gross Profit": 25,
        "Operating Income": 10,
        "EBIT": 14,
        "Net Income": 4
    },
    "2009-06-30": {
        "Diluted EPS": 0.4,
        "Total Revenue": 192,
        "Gross Profit": 27,
        "Operating Income": 14,
        "EBIT": 18,
        "Net Income": 5
    },
    "2009-03-31": {
        "Diluted EPS": 0.44,
        "Total Revenue": 187,
        "Gross Profit": 30,
        "Operating Income": 15,
        "EBIT": 19,
        "Net Income": 6
    },
    "2023-06-30": {
        "Tax Effect Of Unusual Items": NaN,
        "Tax Rate For Calcs": NaN,
        "Normalized EBITDA": NaN,
        "Total Unusual Items": -183100000.0,
        "Total Unusual Items Excluding Goodwill": -183100000.0,
        "Net Income From Continuing Operation Net Minority Interest": NaN,
        "Reconciled Depreciation": NaN,
        "Reconciled Cost Of Revenue": NaN,
        "EBITDA": NaN,
        "EBIT": NaN,
        "Net Interest Income": NaN,
        "Interest Expense": NaN,
        "Normalized Income": NaN,
        "Net Income From Continuing And Discontinued Operation": NaN,
        "Total Expenses": NaN,
        "Total Operating Income As Reported": NaN,
        "Diluted Average Shares": NaN,
        "Basic Average Shares": NaN,
        "Diluted EPS": NaN,
        "Basic EPS": NaN,
        "Diluted NI Availto Com Stockholders": NaN,
        "Net Income Common Stockholders": NaN,
        "Net Income": NaN,
        "Net Income Including Noncontrolling Interests": NaN,
        "Net Income Continuous Operations": NaN,
        "Earnings From Equity Interest Net Of Tax": NaN,
        "Tax Provision": NaN,
        "Pretax Income": NaN,
        "Other Income Expense": -183100000.0,
        "Special Income Charges": -183100000.0,
        "Other Special Charges": NaN,
        "Impairment Of Capital Assets": 183100000.0,
        "Net Non Operating Interest Income Expense": NaN,
        "Interest Expense Non Operating": NaN,
        "Operating Income": NaN,
        "Operating Expense": NaN,
        "Other Operating Expenses": -2634000.0,
        "Depreciation Amortization Depletion Income Statement": NaN,
        "Depreciation And Amortization In Income Statement": NaN,
        "Selling General And Administration": NaN,
        "General And Administrative Expense": NaN,
        "Other Gand A": NaN,
        "Gross Profit": NaN,
        "Cost Of Revenue": NaN,
        "Total Revenue": NaN,
        "Operating Revenue": NaN
    },
    "2023-09-30": {
        "Tax Effect Of Unusual Items": 0.0,
        "Tax Rate For Calcs": 0.286,
        "Normalized EBITDA": 38120000.0,
        "Total Unusual Items": 0.0,
        "Total Unusual Items Excluding Goodwill": 0.0,
        "Net Income From Continuing Operation Net Minority Interest": -4302000.0,
        "Reconciled Depreciation": 26077000.0,
        "Reconciled Cost Of Revenue": 579214000.0,
        "EBITDA": 38120000.0,
        "EBIT": 12043000.0,
        "Net Interest Income": -17844000.0,
        "Interest Expense": 17844000.0,
        "Normalized Income": -4302000.0,
        "Net Income From Continuing And Discontinued Operation": -4302000.0,
        "Total Expenses": 674882000.0,
        "Total Operating Income As Reported": 12043000.0,
        "Diluted Average Shares": 14182839.0,
        "Basic Average Shares": 14182839.0,
        "Diluted EPS": -0.3,
        "Basic EPS": -0.3,
        "Diluted NI Availto Com Stockholders": -4302000.0,
        "Net Income Common Stockholders": -4302000.0,
        "Net Income": -4302000.0,
        "Net Income Including Noncontrolling Interests": -4302000.0,
        "Net Income Continuous Operations": -4302000.0,
        "Earnings From Equity Interest Net Of Tax": -160000.0,
        "Tax Provision": -1659000.0,
        "Pretax Income": -5801000.0,
        "Other Income Expense": NaN,
        "Special Income Charges": 0.0,
        "Other Special Charges": NaN,
        "Impairment Of Capital Assets": 0.0,
        "Net Non Operating Interest Income Expense": -17844000.0,
        "Interest Expense Non Operating": 17844000.0,
        "Operating Income": 12043000.0,
        "Operating Expense": 95668000.0,
        "Other Operating Expenses": -551000.0,
        "Depreciation Amortization Depletion Income Statement": 26077000.0,
        "Depreciation And Amortization In Income Statement": 26077000.0,
        "Selling General And Administration": 70142000.0,
        "General And Administrative Expense": 70142000.0,
        "Other Gand A": 70142000.0,
        "Gross Profit": 107711000.0,
        "Cost Of Revenue": 579214000.0,
        "Total Revenue": 686925000.0,
        "Operating Revenue": 686925000.0
    },
    "2023-12-31": {
        "Tax Effect Of Unusual Items": 0.0,
        "Tax Rate For Calcs": 0.21,
        "Normalized EBITDA": 42268000.0,
        "Total Unusual Items": 0.0,
        "Total Unusual Items Excluding Goodwill": 0.0,
        "Net Income From Continuing Operation Net Minority Interest": -5252000.0,
        "Reconciled Depreciation": 26592000.0,
        "Reconciled Cost Of Revenue": 585483000.0,
        "EBITDA": 42268000.0,
        "EBIT": 15676000.0,
        "Net Interest Income": -18351000.0,
        "Interest Expense": 18351000.0,
        "Normalized Income": -5252000.0,
        "Net Income From Continuing And Discontinued Operation": -5252000.0,
        "Total Expenses": 687156000.0,
        "Total Operating Income As Reported": 15676000.0,
        "Diluted Average Shares": 14187071.0,
        "Basic Average Shares": 14187071.0,
        "Diluted EPS": -0.37,
        "Basic EPS": -0.37,
        "Diluted NI Availto Com Stockholders": -5252000.0,
        "Net Income Common Stockholders": -5252000.0,
        "Net Income": -5252000.0,
        "Net Income Including Noncontrolling Interests": -5252000.0,
        "Net Income Continuous Operations": -5252000.0,
        "Earnings From Equity Interest Net Of Tax": -2534000.0,
        "Tax Provision": 43000.0,
        "Pretax Income": -2675000.0,
        "Other Income Expense": 0.0,
        "Special Income Charges": 0.0,
        "Other Special Charges": NaN,
        "Impairment Of Capital Assets": 0.0,
        "Net Non Operating Interest Income Expense": -18351000.0,
        "Interest Expense Non Operating": 18351000.0,
        "Operating Income": 15676000.0,
        "Operating Expense": 101673000.0,
        "Other Operating Expenses": -388000.0,
        "Depreciation Amortization Depletion Income Statement": 26592000.0,
        "Depreciation And Amortization In Income Statement": 26592000.0,
        "Selling General And Administration": 75469000.0,
        "General And Administrative Expense": 75469000.0,
        "Other Gand A": 75469000.0,
        "Gross Profit": 117349000.0,
        "Cost Of Revenue": 585483000.0,
        "Total Revenue": 702832000.0,
        "Operating Revenue": 702832000.0
    },
    "2024-03-31": {
        "Tax Effect Of Unusual Items": 0.0,
        "Tax Rate For Calcs": 0.025,
        "Normalized EBITDA": 23708000.0,
        "Total Unusual Items": NaN,
        "Total Unusual Items Excluding Goodwill": NaN,
        "Net Income From Continuing Operation Net Minority Interest": -22300000.0,
        "Reconciled Depreciation": 27103000.0,
        "Reconciled Cost Of Revenue": 583566000.0,
        "EBITDA": 23708000.0,
        "EBIT": -3395000.0,
        "Net Interest Income": -18686000.0,
        "Interest Expense": 18686000.0,
        "Normalized Income": -22300000.0,
        "Net Income From Continuing And Discontinued Operation": -22300000.0,
        "Total Expenses": 687846000.0,
        "Total Operating Income As Reported": -3395000.0,
        "Diluted Average Shares": 14202000.0,
        "Basic Average Shares": 14202000.0,
        "Diluted EPS": -1.57,
        "Basic EPS": -1.57,
        "Diluted NI Availto Com Stockholders": -22300000.0,
        "Net Income Common Stockholders": -22300000.0,
        "Net Income": -22300000.0,
        "Net Income Including Noncontrolling Interests": -22300000.0,
        "Net Income Continuous Operations": -22300000.0,
        "Earnings From Equity Interest Net Of Tax": -762000.0,
        "Tax Provision": -543000.0,
        "Pretax Income": -22081000.0,
        "Other Income Expense": NaN,
        "Special Income Charges": NaN,
        "Other Special Charges": NaN,
        "Impairment Of Capital Assets": NaN,
        "Net Non Operating Interest Income Expense": -18686000.0,
        "Interest Expense Non Operating": 18686000.0,
        "Operating Income": -3395000.0,
        "Operating Expense": 104280000.0,
        "Other Operating Expenses": NaN,
        "Depreciation Amortization Depletion Income Statement": 27103000.0,
        "Depreciation And Amortization In Income Statement": 27103000.0,
        "Selling General And Administration": 77177000.0,
        "General And Administrative Expense": 77177000.0,
        "Other Gand A": 77177000.0,
        "Gross Profit": 100885000.0,
        "Cost Of Revenue": 583566000.0,
        "Total Revenue": 684451000.0,
        "Operating Revenue": 684451000.0
    },
    "2024-06-30": {
        "Tax Effect Of Unusual Items": -22113420.0,
        "Tax Rate For Calcs": 0.21,
        "Normalized EBITDA": 34134000.0,
        "Total Unusual Items": -105302000.0,
        "Total Unusual Items Excluding Goodwill": -105302000.0,
        "Net Income From Continuing Operation Net Minority Interest": -128884000.0,
        "Reconciled Depreciation": 27752000.0,
        "Reconciled Cost Of Revenue": 588100000.0,
        "EBITDA": -71168000.0,
        "EBIT": -98920000.0,
        "Net Interest Income": -19950000.0,
        "Interest Expense": 19950000.0,
        "Normalized Income": -45695420.0,
        "Net Income From Continuing And Discontinued Operation": -128884000.0,
        "Total Expenses": 691917000.0,
        "Total Operating Income As Reported": -98920000.0,
        "Diluted Average Shares": 14216954.0,
        "Basic Average Shares": 14216954.0,
        "Diluted EPS": -9.07,
        "Basic EPS": -9.07,
        "Diluted NI Availto Com Stockholders": -128884000.0,
        "Net Income Common Stockholders": -128884000.0,
        "Net Income": -128884000.0,
        "Net Income Including Noncontrolling Interests": -128884000.0,
        "Net Income Continuous Operations": -128884000.0,
        "Earnings From Equity Interest Net Of Tax": -456000.0,
        "Tax Provision": 9558000.0,
        "Pretax Income": -118870000.0,
        "Other Income Expense": -105302000.0,
        "Special Income Charges": -105302000.0,
        "Other Special Charges": NaN,
        "Impairment Of Capital Assets": 105302000.0,
        "Net Non Operating Interest Income Expense": -19950000.0,
        "Interest Expense Non Operating": 19950000.0,
        "Operating Income": 6382000.0,
        "Operating Expense": 103817000.0,
        "Other Operating Expenses": NaN,
        "Depreciation Amortization Depletion Income Statement": 27752000.0,
        "Depreciation And Amortization In Income Statement": 27752000.0,
        "Selling General And Administration": 76065000.0,
        "General And Administrative Expense": 76065000.0,
        "Other Gand A": 76065000.0,
        "Gross Profit": 110199000.0,
        "Cost Of Revenue": 588100000.0,
        "Total Revenue": 698299000.0,
        "Operating Revenue": 698299000.0
    },
    "2024-09-30": {
        "Tax Effect Of Unusual Items": -3727852.0,
        "Tax Rate For Calcs": 0.316,
        "Normalized EBITDA": 33200000.0,
        "Total Unusual Items": -11797000.0,
        "Total Unusual Items Excluding Goodwill": -11797000.0,
        "Net Income From Continuing Operation Net Minority Interest": -26604000.0,
        "Reconciled Depreciation": 27940000.0,
        "Reconciled Cost Of Revenue": 597934000.0,
        "EBITDA": 21403000.0,
        "EBIT": -6537000.0,
        "Net Interest Income": -28493000.0,
        "Interest Expense": 28493000.0,
        "Normalized Income": -18534852.0,
        "Net Income From Continuing And Discontinued Operation": -26604000.0,
        "Total Expenses": 696777000.0,
        "Total Operating Income As Reported": 5260000.0,
        "Diluted Average Shares": 14253192.0,
        "Basic Average Shares": 14253192.0,
        "Diluted EPS": -1.87,
        "Basic EPS": -1.87,
        "Diluted NI Availto Com Stockholders": -26604000.0,
        "Net Income Common Stockholders": -26604000.0,
        "Net Income": -26604000.0,
        "Net Income Including Noncontrolling Interests": -26604000.0,
        "Net Income Continuous Operations": -26604000.0,
        "Earnings From Equity Interest Net Of Tax": -2644000.0,
        "Tax Provision": -11070000.0,
        "Pretax Income": -35030000.0,
        "Other Income Expense": -11797000.0,
        "Special Income Charges": -11797000.0,
        "Other Special Charges": 11797000.0,
        "Impairment Of Capital Assets": 0.0,
        "Net Non Operating Interest Income Expense": -28493000.0,
        "Interest Expense Non Operating": 28493000.0,
        "Operating Income": 5260000.0,
        "Operating Expense": 98843000.0,
        "Other Operating Expenses": NaN,
        "Depreciation Amortization Depletion Income Statement": 27940000.0,
        "Depreciation And Amortization In Income Statement": 27940000.0,
        "Selling General And Administration": 70903000.0,
        "General And Administrative Expense": 70903000.0,
        "Other Gand A": 70903000.0,
        "Gross Profit": 104103000.0,
        "Cost Of Revenue": 597934000.0,
        "Total Revenue": 702037000.0,
        "Operating Revenue": 702037000.0
    }
}