{
    "2023-03-31": {
        "Tax Effect Of Unusual Items": 24892.497518,
        "Tax Rate For Calcs": 0.023685,
        "Normalized EBITDA": -3225000.0,
        "Total Unusual Items": 1051000.0,
        "Total Unusual Items Excluding Goodwill": 1051000.0,
        "Net Income From Continuing Operation Net Minority Interest": -6884000.0,
        "Reconciled Depreciation": 2373000.0,
        "Reconciled Cost Of Revenue": 4008000.0,
        "EBITDA": -2174000.0,
        "EBIT": -4547000.0,
        "Net Interest Income": -2504000.0,
        "Interest Expense": 2504000.0,
        "Normalized Income": -7910107.502482,
        "Net Income From Continuing And Discontinued Operation": -6884000.0,
        "Total Expenses": 17524000.0,
        "Total Operating Income As Reported": -1647000.0,
        "Diluted NI Availto Com Stockholders": -6884000.0,
        "Net Income Common Stockholders": -6884000.0,
        "Net Income": -6884000.0,
        "Net Income Including Noncontrolling Interests": -6884000.0,
        "Net Income Continuous Operations": -6884000.0,
        "Tax Provision": -167000.0,
        "Pretax Income": -7051000.0,
        "Other Income Expense": -2900000.0,
        "Other Non Operating Income Expenses": -773000.0,
        "Special Income Charges": -225000.0,
        "Write Off": NaN,
        "Restructuring And Mergern Acquisition": 225000.0,
        "Earnings From Equity Interest": -3178000.0,
        "Gain On Sale Of Security": 1276000.0,
        "Net Non Operating Interest Income Expense": -2504000.0,
        "Total Other Finance Cost": NaN,
        "Interest Expense Non Operating": 2504000.0,
        "Operating Income": -1647000.0,
        "Operating Expense": 13516000.0,
        "Other Operating Expenses": 2849000.0,
        "Depreciation Amortization Depletion Income Statement": 2373000.0,
        "Depreciation And Amortization In Income Statement": 2373000.0,
        "Research And Development": 3057000.0,
        "Selling General And Administration": 5237000.0,
        "Selling And Marketing Expense": 566000.0,
        "General And Administrative Expense": 4671000.0,
        "Other Gand A": 4378000.0,
        "Salaries And Wages": 293000.0,
        "Gross Profit": 11869000.0,
        "Cost Of Revenue": 4008000.0,
        "Total Revenue": 15877000.0,
        "Operating Revenue": 15877000.0
    },
    "2022-12-31": {
        "Tax Effect Of Unusual Items": -83103.854561,
        "Tax Rate For Calcs": 0.00116,
        "Normalized EBITDA": -962000.0,
        "Total Unusual Items": -71668000.0,
        "Total Unusual Items Excluding Goodwill": -71668000.0,
        "Net Income From Continuing Operation Net Minority Interest": -74941000.0,
        "Reconciled Depreciation": 3166000.0,
        "Reconciled Cost Of Revenue": 5403000.0,
        "EBITDA": -72630000.0,
        "EBIT": -75796000.0,
        "Net Interest Income": -1343000.0,
        "Interest Expense": -768000.0,
        "Normalized Income": -3356103.854561,
        "Net Income From Continuing And Discontinued Operation": -74941000.0,
        "Total Expenses": 20897000.0,
        "Total Operating Income As Reported": -3752000.0,
        "Diluted NI Availto Com Stockholders": -74941000.0,
        "Net Income Common Stockholders": -74941000.0,
        "Net Income": -74941000.0,
        "Net Income Including Noncontrolling Interests": -74941000.0,
        "Net Income Continuous Operations": -74941000.0,
        "Tax Provision": -87000.0,
        "Pretax Income": -75028000.0,
        "Other Income Expense": -69934000.0,
        "Other Non Operating Income Expenses": 1362000.0,
        "Special Income Charges": -71212000.0,
        "Write Off": 31514000.0,
        "Restructuring And Mergern Acquisition": 1419000.0,
        "Earnings From Equity Interest": 372000.0,
        "Gain On Sale Of Security": -456000.0,
        "Net Non Operating Interest Income Expense": -1343000.0,
        "Total Other Finance Cost": NaN,
        "Interest Expense Non Operating": -768000.0,
        "Operating Income": -3751000.0,
        "Operating Expense": 15494000.0,
        "Other Operating Expenses": 3038000.0,
        "Depreciation Amortization Depletion Income Statement": 3166000.0,
        "Depreciation And Amortization In Income Statement": 3166000.0,
        "Research And Development": 3139000.0,
        "Selling General And Administration": 6151000.0,
        "Selling And Marketing Expense": 1035000.0,
        "General And Administrative Expense": 5116000.0,
        "Other Gand A": 4281000.0,
        "Salaries And Wages": 835000.0,
        "Gross Profit": 11743000.0,
        "Cost Of Revenue": 5403000.0,
        "Total Revenue": 17146000.0,
        "Operating Revenue": 17146000.0
    },
    "2022-09-30": {
        "Tax Effect Of Unusual Items": -15386.836603,
        "Tax Rate For Calcs": 0.004481,
        "Normalized EBITDA": -11101000.0,
        "Total Unusual Items": -3434000.0,
        "Total Unusual Items Excluding Goodwill": -3434000.0,
        "Net Income From Continuing Operation Net Minority Interest": -19996000.0,
        "Reconciled Depreciation": 3144000.0,
        "Reconciled Cost Of Revenue": 6422000.0,
        "EBITDA": -14535000.0,
        "EBIT": -17679000.0,
        "Net Interest Income": -2407000.0,
        "Interest Expense": 2407000.0,
        "Normalized Income": -16577386.836603,
        "Net Income From Continuing And Discontinued Operation": -19996000.0,
        "Total Expenses": 24890000.0,
        "Total Operating Income As Reported": -7634000.0,
        "Diluted Average Shares": 25318000.0,
        "Basic Average Shares": 25318000.0,
        "Diluted EPS": -0.79,
        "Basic EPS": -0.79,
        "Diluted NI Availto Com Stockholders": -19996000.0,
        "Net Income Common Stockholders": -19996000.0,
        "Net Income": -19996000.0,
        "Net Income Including Noncontrolling Interests": -19996000.0,
        "Net Income Continuous Operations": -19996000.0,
        "Tax Provision": -90000.0,
        "Pretax Income": -20086000.0,
        "Other Income Expense": -10046000.0,
        "Other Non Operating Income Expenses": 90000.0,
        "Special Income Charges": -1288000.0,
        "Write Off": 0.0,
        "Restructuring And Mergern Acquisition": 1288000.0,
        "Earnings From Equity Interest": -6612000.0,
        "Gain On Sale Of Security": -2146000.0,
        "Net Non Operating Interest Income Expense": -2407000.0,
        "Total Other Finance Cost": NaN,
        "Interest Expense Non Operating": 2407000.0,
        "Operating Income": -7633000.0,
        "Operating Expense": 18468000.0,
        "Other Operating Expenses": 3445000.0,
        "Depreciation Amortization Depletion Income Statement": 3144000.0,
        "Depreciation And Amortization In Income Statement": 3144000.0,
        "Research And Development": 3186000.0,
        "Selling General And Administration": 8693000.0,
        "Selling And Marketing Expense": 2061000.0,
        "General And Administrative Expense": 6632000.0,
        "Other Gand A": 4941000.0,
        "Salaries And Wages": 1691000.0,
        "Gross Profit": 10835000.0,
        "Cost Of Revenue": 6422000.0,
        "Total Revenue": 17257000.0,
        "Operating Revenue": 17257000.0
    },
    "2022-06-30": {
        "Tax Effect Of Unusual Items": -50435.569243,
        "Tax Rate For Calcs": 0.001617,
        "Normalized EBITDA": -15418000.0,
        "Total Unusual Items": -31195000.0,
        "Total Unusual Items Excluding Goodwill": -31195000.0,
        "Net Income From Continuing Operation Net Minority Interest": -51871000.0,
        "Reconciled Depreciation": 3146000.0,
        "Reconciled Cost Of Revenue": 5949000.0,
        "EBITDA": -46613000.0,
        "EBIT": -49759000.0,
        "Net Interest Income": -2196000.0,
        "Interest Expense": 2196000.0,
        "Normalized Income": -20726435.569243,
        "Net Income From Continuing And Discontinued Operation": -51871000.0,
        "Total Expenses": 27088000.0,
        "Total Operating Income As Reported": -9854000.0,
        "Diluted Average Shares": 25580999.0,
        "Basic Average Shares": 25580999.0,
        "Diluted EPS": -2.04,
        "Basic EPS": -2.04,
        "Diluted NI Availto Com Stockholders": -51871000.0,
        "Net Income Common Stockholders": -51871000.0,
        "Net Income": -51871000.0,
        "Net Income Including Noncontrolling Interests": -51871000.0,
        "Net Income Continuous Operations": -51871000.0,
        "Tax Provision": -84000.0,
        "Pretax Income": -51955000.0,
        "Other Income Expense": -39961000.0,
        "Other Non Operating Income Expenses": NaN,
        "Special Income Charges": -27798000.0,
        "Write Off": 26749000.0,
        "Restructuring And Mergern Acquisition": 1049000.0,
        "Earnings From Equity Interest": -8766000.0,
        "Gain On Sale Of Security": -3397000.0,
        "Net Non Operating Interest Income Expense": -2196000.0,
        "Total Other Finance Cost": NaN,
        "Interest Expense Non Operating": 2196000.0,
        "Operating Income": -9798000.0,
        "Operating Expense": 21139000.0,
        "Other Operating Expenses": 3527000.0,
        "Depreciation Amortization Depletion Income Statement": 3146000.0,
        "Depreciation And Amortization In Income Statement": 3146000.0,
        "Research And Development": 3301000.0,
        "Selling General And Administration": 11165000.0,
        "Selling And Marketing Expense": 3436000.0,
        "General And Administrative Expense": 7729000.0,
        "Other Gand A": 5155000.0,
        "Salaries And Wages": 2574000.0,
        "Gross Profit": 11341000.0,
        "Cost Of Revenue": 5949000.0,
        "Total Revenue": 17290000.0,
        "Operating Revenue": 17290000.0
    },
    "2022-03-31": {
        "Diluted EPS": -0.2,
        "Total Revenue": 14,
        "Gross Profit": 10,
        "Operating Income": -10,
        "EBIT": -7,
        "Net Income": -15
    },
    "2021-12-31": {
        "Diluted EPS": -0.38,
        "Total Revenue": 13,
        "Gross Profit": 10,
        "Operating Income": -9,
        "EBIT": -6,
        "Net Income": -24
    },
    "2021-09-30": {
        "Diluted EPS": -0.11,
        "Total Revenue": 12,
        "Gross Profit": 10,
        "Operating Income": -8,
        "EBIT": -5,
        "Net Income": -8
    },
    "2021-06-30": {
        "Diluted EPS": 0.11,
        "Total Revenue": 11,
        "Gross Profit": 10,
        "Operating Income": -8,
        "EBIT": -6,
        "Net Income": 7
    },
    "2021-03-31": {
        "Diluted EPS": -0.05,
        "Total Revenue": 9,
        "Gross Profit": 7,
        "Operating Income": -3,
        "EBIT": -1,
        "Net Income": -2
    },
    "2020-12-31": {
        "Diluted EPS": -0.07,
        "Total Revenue": 8,
        "Gross Profit": 6,
        "Operating Income": -1,
        "EBIT": 0,
        "Net Income": -2
    },
    "2020-09-30": {
        "Diluted EPS": 0.03,
        "Total Revenue": 7,
        "Gross Profit": 7,
        "Operating Income": 1,
        "EBIT": 3,
        "Net Income": 1
    },
    "2020-06-30": {
        "Diluted EPS": -0.04,
        "Total Revenue": 8,
        "Gross Profit": 7,
        "Operating Income": 1,
        "EBIT": 3,
        "Net Income": -1
    },
    "2020-03-31": {
        "Diluted EPS": -0.27,
        "Total Revenue": 10,
        "Gross Profit": 6,
        "Operating Income": -1,
        "EBIT": 0,
        "Net Income": -8
    },
    "2019-12-31": {
        "Diluted EPS": -0.22,
        "Total Revenue": 8,
        "Gross Profit": 7,
        "Operating Income": -1,
        "EBIT": 0,
        "Net Income": -5
    },
    "2019-09-30": {
        "Diluted EPS": -0.17,
        "Total Revenue": 13,
        "Gross Profit": 8,
        "Operating Income": -1,
        "EBIT": 1,
        "Net Income": -5
    },
    "2019-06-30": {
        "Diluted EPS": 0.23,
        "Total Revenue": 12,
        "Gross Profit": 8,
        "Operating Income": -1,
        "EBIT": 0,
        "Net Income": 6
    },
    "2019-03-31": {
        "Diluted EPS": -0.16,
        "Total Revenue": 12,
        "Gross Profit": 8,
        "Operating Income": 0,
        "EBIT": 2,
        "Net Income": -4
    },
    "2018-12-31": {
        "Diluted EPS": -0.17,
        "Total Revenue": 12,
        "Gross Profit": 8,
        "Operating Income": 0,
        "EBIT": 1,
        "Net Income": -4
    },
    "2018-09-30": {
        "Diluted EPS": -0.24,
        "Total Revenue": 12,
        "Gross Profit": 7,
        "Operating Income": -1,
        "EBIT": 1,
        "Net Income": -5
    },
    "2018-06-30": {
        "Diluted EPS": -0.21,
        "Total Revenue": 12,
        "Gross Profit": 8,
        "Operating Income": -1,
        "EBIT": 1,
        "Net Income": -5
    },
    "2018-03-31": {
        "Diluted EPS": -0.14,
        "Total Revenue": 11,
        "Gross Profit": 7,
        "Operating Income": -1,
        "EBIT": 0,
        "Net Income": -3
    },
    "2017-09-30": {
        "Diluted EPS": -0.16,
        "Total Revenue": 10,
        "Gross Profit": 7,
        "Operating Income": 0,
        "EBIT": 1,
        "Net Income": -3
    },
    "2017-06-30": {
        "Diluted EPS": -0.22,
        "Total Revenue": 9,
        "Gross Profit": 6,
        "Operating Income": -1,
        "EBIT": 0,
        "Net Income": -4
    },
    "2017-03-31": {
        "Diluted EPS": -0.19,
        "Total Revenue": 9,
        "Gross Profit": 6,
        "Operating Income": -1,
        "EBIT": 0,
        "Net Income": -3
    },
    "2016-12-31": {
        "Diluted EPS": -0.13,
        "Total Revenue": 9,
        "Gross Profit": 9,
        "Operating Income": 9,
        "EBIT": 9,
        "Net Income": -2
    },
    "2023-06-30": {
        "Tax Effect Of Unusual Items": -20173.341303,
        "Tax Rate For Calcs": 0.002989,
        "Normalized EBITDA": 643000.0,
        "Total Unusual Items": -6750000.0,
        "Total Unusual Items Excluding Goodwill": -6750000.0,
        "Net Income From Continuing Operation Net Minority Interest": -10008000.0,
        "Reconciled Depreciation": 2204000.0,
        "Reconciled Cost Of Revenue": 4065000.0,
        "EBITDA": -6107000.0,
        "EBIT": -8311000.0,
        "Net Interest Income": -2558000.0,
        "Interest Expense": 1727000.0,
        "Normalized Income": -3278173.341303,
        "Net Income From Continuing And Discontinued Operation": -10008000.0,
        "Total Expenses": 17169000.0,
        "Total Operating Income As Reported": -1161000.0,
        "Diluted NI Availto Com Stockholders": -10008000.0,
        "Net Income Common Stockholders": -10008000.0,
        "Net Income": -10008000.0,
        "Net Income Including Noncontrolling Interests": -10008000.0,
        "Net Income Continuous Operations": -10008000.0,
        "Tax Provision": -30000.0,
        "Pretax Income": -10038000.0,
        "Other Income Expense": -6319000.0,
        "Other Non Operating Income Expenses": 224000.0,
        "Special Income Charges": -6781000.0,
        "Write Off": 5295000.0,
        "Restructuring And Mergern Acquisition": 1486000.0,
        "Earnings From Equity Interest": 207000.0,
        "Gain On Sale Of Security": 31000.0,
        "Net Non Operating Interest Income Expense": -2558000.0,
        "Total Other Finance Cost": 831000.0,
        "Interest Expense Non Operating": 1727000.0,
        "Operating Income": -1161000.0,
        "Operating Expense": 13104000.0,
        "Other Operating Expenses": 2784000.0,
        "Depreciation Amortization Depletion Income Statement": 2204000.0,
        "Depreciation And Amortization In Income Statement": 2204000.0,
        "Research And Development": 2792000.0,
        "Selling General And Administration": 5324000.0,
        "Selling And Marketing Expense": 719000.0,
        "General And Administrative Expense": 4605000.0,
        "Other Gand A": 3804000.0,
        "Salaries And Wages": 801000.0,
        "Gross Profit": 11943000.0,
        "Cost Of Revenue": 4065000.0,
        "Total Revenue": 16008000.0,
        "Operating Revenue": 16008000.0
    },
    "2023-09-30": {
        "Tax Effect Of Unusual Items": -80850.109068,
        "Tax Rate For Calcs": 0.012777,
        "Normalized EBITDA": 555000.0,
        "Total Unusual Items": -6328000.0,
        "Total Unusual Items Excluding Goodwill": -6328000.0,
        "Net Income From Continuing Operation Net Minority Interest": -9504000.0,
        "Reconciled Depreciation": 2105000.0,
        "Reconciled Cost Of Revenue": 4793000.0,
        "EBITDA": -5773000.0,
        "EBIT": -7878000.0,
        "Net Interest Income": -2517000.0,
        "Interest Expense": 1749000.0,
        "Normalized Income": -3256850.109068,
        "Net Income From Continuing And Discontinued Operation": -9504000.0,
        "Total Expenses": 17023000.0,
        "Total Operating Income As Reported": -843000.0,
        "Diluted NI Availto Com Stockholders": -9504000.0,
        "Net Income Common Stockholders": -9504000.0,
        "Net Income": -9504000.0,
        "Net Income Including Noncontrolling Interests": -9504000.0,
        "Net Income Continuous Operations": -9504000.0,
        "Tax Provision": -123000.0,
        "Pretax Income": -9627000.0,
        "Other Income Expense": -6267000.0,
        "Other Non Operating Income Expenses": 61000.0,
        "Special Income Charges": -787000.0,
        "Write Off": 0.0,
        "Restructuring And Mergern Acquisition": 787000.0,
        "Earnings From Equity Interest": 0.0,
        "Gain On Sale Of Security": -5541000.0,
        "Net Non Operating Interest Income Expense": -2517000.0,
        "Total Other Finance Cost": 768000.0,
        "Interest Expense Non Operating": 1749000.0,
        "Operating Income": -843000.0,
        "Operating Expense": 12230000.0,
        "Other Operating Expenses": 2593000.0,
        "Depreciation Amortization Depletion Income Statement": 2105000.0,
        "Depreciation And Amortization In Income Statement": 2105000.0,
        "Research And Development": 2547000.0,
        "Selling General And Administration": 4985000.0,
        "Selling And Marketing Expense": 954000.0,
        "General And Administrative Expense": 4031000.0,
        "Other Gand A": 3227000.0,
        "Salaries And Wages": 804000.0,
        "Gross Profit": 11387000.0,
        "Cost Of Revenue": 4793000.0,
        "Total Revenue": 16180000.0,
        "Operating Revenue": 16180000.0
    }
}