{
    "2022-09-30": {
        "Diluted EPS": 0.0,
        "Total Revenue": NaN,
        "Gross Profit": NaN,
        "Operating Income": NaN,
        "Net Income": NaN
    },
    "2021-06-30": {
        "Diluted EPS": -1.8,
        "Total Revenue": 14,
        "Gross Profit": 8,
        "Operating Income": -15,
        "EBIT": -15,
        "Net Income": -15
    },
    "2021-03-31": {
        "Diluted EPS": -3.6,
        "Total Revenue": 16,
        "Gross Profit": 9,
        "Operating Income": -18,
        "EBIT": -18,
        "Net Income": -18
    },
    "2020-12-31": {
        "Diluted EPS": -0.6,
        "Total Revenue": 22,
        "Gross Profit": 15,
        "Operating Income": -19,
        "EBIT": -19,
        "Net Income": -6
    },
    "2020-09-30": {
        "Diluted EPS": -1.56,
        "Total Revenue": 17,
        "Gross Profit": 10,
        "Operating Income": -15,
        "EBIT": -15,
        "Net Income": -14
    },
    "2020-06-30": {
        "Diluted EPS": -0.0,
        "Total Revenue": 19,
        "Gross Profit": 12,
        "Operating Income": -13,
        "EBIT": -13,
        "Net Income": -13
    },
    "2020-03-31": {
        "Diluted EPS": -3.24,
        "Total Revenue": 15,
        "Gross Profit": 7,
        "Operating Income": -17,
        "EBIT": -17,
        "Net Income": -16
    },
    "2019-12-31": {
        "Diluted EPS": -25.81,
        "Total Revenue": 39,
        "Gross Profit": 25,
        "Operating Income": -229,
        "EBIT": -229,
        "Net Income": -235
    },
    "2019-09-30": {
        "Diluted EPS": -5.04,
        "Total Revenue": 28,
        "Gross Profit": 17,
        "Operating Income": -31,
        "EBIT": -31,
        "Net Income": -46
    },
    "2019-06-30": {
        "Diluted EPS": -1.92,
        "Total Revenue": 36,
        "Gross Profit": 27,
        "Operating Income": -15,
        "EBIT": -15,
        "Net Income": -18
    },
    "2018-12-31": {
        "Diluted EPS": -7.08,
        "Total Revenue": 53,
        "Gross Profit": 39,
        "Operating Income": -14,
        "EBIT": -14,
        "Net Income": -26
    },
    "2018-09-30": {
        "Diluted EPS": 0.0,
        "Total Revenue": NaN,
        "Gross Profit": NaN,
        "Operating Income": NaN,
        "EBIT": NaN,
        "Net Income": NaN
    },
    "2018-03-31": {
        "Diluted EPS": 0.0,
        "Total Revenue": NaN,
        "Gross Profit": NaN,
        "Operating Income": NaN,
        "EBIT": NaN,
        "Net Income": NaN
    }
}