{
    "2023-03-31": {
        "Tax Effect Of Unusual Items": NaN,
        "Tax Rate For Calcs": NaN,
        "Normalized EBITDA": NaN,
        "Total Unusual Items": NaN,
        "Total Unusual Items Excluding Goodwill": NaN,
        "Net Income From Continuing Operation Net Minority Interest": NaN,
        "Reconciled Depreciation": NaN,
        "EBITDA": NaN,
        "EBIT": NaN,
        "Net Interest Income": NaN,
        "Interest Expense": NaN,
        "Interest Income": NaN,
        "Normalized Income": NaN,
        "Net Income From Continuing And Discontinued Operation": NaN,
        "Total Expenses": NaN,
        "Total Operating Income As Reported": NaN,
        "Diluted Average Shares": 32556916.0,
        "Basic Average Shares": 32556916.0,
        "Diluted EPS": -0.45,
        "Basic EPS": -0.45,
        "Diluted NI Availto Com Stockholders": NaN,
        "Net Income Common Stockholders": NaN,
        "Net Income": NaN,
        "Net Income Including Noncontrolling Interests": NaN,
        "Net Income Continuous Operations": NaN,
        "Tax Provision": NaN,
        "Pretax Income": NaN,
        "Other Income Expense": NaN,
        "Gain On Sale Of Security": NaN,
        "Net Non Operating Interest Income Expense": NaN,
        "Total Other Finance Cost": NaN,
        "Interest Expense Non Operating": NaN,
        "Interest Income Non Operating": NaN,
        "Operating Income": NaN,
        "Operating Expense": NaN,
        "Other Operating Expenses": NaN,
        "Research And Development": NaN,
        "Selling General And Administration": NaN,
        "Total Revenue": NaN,
        "Operating Revenue": NaN
    },
    "2022-12-31": {
        "Tax Effect Of Unusual Items": NaN,
        "Tax Rate For Calcs": NaN,
        "Normalized EBITDA": NaN,
        "Total Unusual Items": NaN,
        "Total Unusual Items Excluding Goodwill": NaN,
        "Net Income From Continuing Operation Net Minority Interest": NaN,
        "Reconciled Depreciation": NaN,
        "EBITDA": NaN,
        "EBIT": NaN,
        "Net Interest Income": NaN,
        "Interest Expense": NaN,
        "Interest Income": NaN,
        "Normalized Income": NaN,
        "Net Income From Continuing And Discontinued Operation": NaN,
        "Total Expenses": NaN,
        "Total Operating Income As Reported": NaN,
        "Diluted Average Shares": NaN,
        "Basic Average Shares": NaN,
        "Diluted EPS": NaN,
        "Basic EPS": NaN,
        "Diluted NI Availto Com Stockholders": NaN,
        "Net Income Common Stockholders": NaN,
        "Net Income": NaN,
        "Net Income Including Noncontrolling Interests": NaN,
        "Net Income Continuous Operations": NaN,
        "Tax Provision": NaN,
        "Pretax Income": NaN,
        "Other Income Expense": NaN,
        "Gain On Sale Of Security": NaN,
        "Net Non Operating Interest Income Expense": NaN,
        "Total Other Finance Cost": NaN,
        "Interest Expense Non Operating": NaN,
        "Interest Income Non Operating": NaN,
        "Operating Income": NaN,
        "Operating Expense": NaN,
        "Other Operating Expenses": -3000.0,
        "Research And Development": NaN,
        "Selling General And Administration": NaN,
        "Total Revenue": NaN,
        "Operating Revenue": NaN
    },
    "2022-09-30": {
        "Tax Effect Of Unusual Items": NaN,
        "Tax Rate For Calcs": NaN,
        "Normalized EBITDA": NaN,
        "Total Unusual Items": NaN,
        "Total Unusual Items Excluding Goodwill": NaN,
        "Net Income From Continuing Operation Net Minority Interest": NaN,
        "Reconciled Depreciation": NaN,
        "EBITDA": NaN,
        "EBIT": NaN,
        "Net Interest Income": NaN,
        "Interest Expense": NaN,
        "Interest Income": NaN,
        "Normalized Income": NaN,
        "Net Income From Continuing And Discontinued Operation": NaN,
        "Total Expenses": NaN,
        "Total Operating Income As Reported": NaN,
        "Diluted Average Shares": 32514169.0,
        "Basic Average Shares": 32514169.0,
        "Diluted EPS": -0.41,
        "Basic EPS": -0.41,
        "Diluted NI Availto Com Stockholders": NaN,
        "Net Income Common Stockholders": NaN,
        "Net Income": NaN,
        "Net Income Including Noncontrolling Interests": NaN,
        "Net Income Continuous Operations": NaN,
        "Tax Provision": NaN,
        "Pretax Income": NaN,
        "Other Income Expense": NaN,
        "Gain On Sale Of Security": NaN,
        "Net Non Operating Interest Income Expense": NaN,
        "Total Other Finance Cost": NaN,
        "Interest Expense Non Operating": NaN,
        "Interest Income Non Operating": NaN,
        "Operating Income": NaN,
        "Operating Expense": NaN,
        "Other Operating Expenses": -27000.0,
        "Research And Development": NaN,
        "Selling General And Administration": NaN,
        "Total Revenue": NaN,
        "Operating Revenue": NaN
    },
    "2022-06-30": {
        "Tax Effect Of Unusual Items": 0.0,
        "Tax Rate For Calcs": 0.0,
        "Normalized EBITDA": -5558000.0,
        "Total Unusual Items": 1856000.0,
        "Total Unusual Items Excluding Goodwill": 1856000.0,
        "Net Income From Continuing Operation Net Minority Interest": -4522000.0,
        "Reconciled Depreciation": 582000.0,
        "EBITDA": -3702000.0,
        "EBIT": -4284000.0,
        "Net Interest Income": -85000.0,
        "Interest Expense": 238000.0,
        "Interest Income": 156000.0,
        "Normalized Income": -6378000.0,
        "Net Income From Continuing And Discontinued Operation": -4522000.0,
        "Total Expenses": 18042000.0,
        "Total Operating Income As Reported": -6294000.0,
        "Diluted Average Shares": 32502323.0,
        "Basic Average Shares": 32502323.0,
        "Diluted EPS": -0.14,
        "Basic EPS": -0.14,
        "Diluted NI Availto Com Stockholders": -4522000.0,
        "Net Income Common Stockholders": -4522000.0,
        "Net Income": -4522000.0,
        "Net Income Including Noncontrolling Interests": -4522000.0,
        "Net Income Continuous Operations": -4522000.0,
        "Tax Provision": 0.0,
        "Pretax Income": -4522000.0,
        "Other Income Expense": 1856000.0,
        "Gain On Sale Of Security": 1856000.0,
        "Net Non Operating Interest Income Expense": -85000.0,
        "Total Other Finance Cost": 3000.0,
        "Interest Expense Non Operating": 238000.0,
        "Interest Income Non Operating": 156000.0,
        "Operating Income": -6294000.0,
        "Operating Expense": 18042000.0,
        "Other Operating Expenses": -9000.0,
        "Research And Development": 12571000.0,
        "Selling General And Administration": 5480000.0,
        "Total Revenue": 11748000.0,
        "Operating Revenue": 11748000.0
    },
    "2022-03-31": {
        "Diluted EPS": 5.0,
        "Total Revenue": 187,
        "Gross Profit": 171,
        "Operating Income": 165,
        "EBIT": 166,
        "Net Income": 166
    },
    "2021-09-30": {
        "Diluted EPS": -0.41,
        "Total Revenue": 4,
        "Gross Profit": -9,
        "Operating Income": -14,
        "EBIT": -14,
        "Net Income": -13
    },
    "2021-03-31": {
        "Diluted EPS": -0.63,
        "Total Revenue": 1,
        "Gross Profit": -17,
        "Operating Income": -20,
        "EBIT": -20,
        "Net Income": -18
    },
    "2020-12-31": {
        "Diluted EPS": 0.0,
        "Total Revenue": NaN,
        "Gross Profit": NaN,
        "Operating Income": NaN,
        "EBIT": NaN,
        "Net Income": NaN
    },
    "2023-06-30": {
        "Tax Effect Of Unusual Items": 0.0,
        "Tax Rate For Calcs": 0.0,
        "Normalized EBITDA": -14197000.0,
        "Total Unusual Items": -1177000.0,
        "Total Unusual Items Excluding Goodwill": -1177000.0,
        "Net Income From Continuing Operation Net Minority Interest": -15987000.0,
        "Reconciled Depreciation": 604000.0,
        "EBITDA": -15374000.0,
        "EBIT": -15978000.0,
        "Net Interest Income": 1073000.0,
        "Interest Expense": 9000.0,
        "Interest Income": 1088000.0,
        "Normalized Income": -14810000.0,
        "Net Income From Continuing And Discontinued Operation": -15987000.0,
        "Total Expenses": 16298000.0,
        "Total Operating Income As Reported": -15883000.0,
        "Diluted Average Shares": 32830804.0,
        "Basic Average Shares": 32830804.0,
        "Diluted EPS": -0.49,
        "Basic EPS": -0.49,
        "Diluted NI Availto Com Stockholders": -15987000.0,
        "Net Income Common Stockholders": -15987000.0,
        "Net Income": -15987000.0,
        "Net Income Including Noncontrolling Interests": -15987000.0,
        "Net Income Continuous Operations": -15987000.0,
        "Tax Provision": 0.0,
        "Pretax Income": -15987000.0,
        "Other Income Expense": -1177000.0,
        "Gain On Sale Of Security": -1177000.0,
        "Net Non Operating Interest Income Expense": 1073000.0,
        "Total Other Finance Cost": 6000.0,
        "Interest Expense Non Operating": 9000.0,
        "Interest Income Non Operating": 1088000.0,
        "Operating Income": -15883000.0,
        "Operating Expense": 16298000.0,
        "Other Operating Expenses": NaN,
        "Research And Development": 11632000.0,
        "Selling General And Administration": 4666000.0,
        "Total Revenue": 415000.0,
        "Operating Revenue": 415000.0
    },
    "2023-09-30": {
        "Tax Effect Of Unusual Items": 0.0,
        "Tax Rate For Calcs": 0.0,
        "Normalized EBITDA": -11698000.0,
        "Total Unusual Items": 871000.0,
        "Total Unusual Items Excluding Goodwill": 871000.0,
        "Net Income From Continuing Operation Net Minority Interest": -11439000.0,
        "Reconciled Depreciation": 604000.0,
        "EBITDA": -10827000.0,
        "EBIT": -11431000.0,
        "Net Interest Income": 1179000.0,
        "Interest Expense": 8000.0,
        "Interest Income": 1190000.0,
        "Normalized Income": -12310000.0,
        "Net Income From Continuing And Discontinued Operation": -11439000.0,
        "Total Expenses": 16030000.0,
        "Total Operating Income As Reported": -13489000.0,
        "Diluted Average Shares": 32836681.0,
        "Basic Average Shares": 32836681.0,
        "Diluted EPS": -0.35,
        "Basic EPS": -0.35,
        "Diluted NI Availto Com Stockholders": -11439000.0,
        "Net Income Common Stockholders": -11439000.0,
        "Net Income": -11439000.0,
        "Net Income Including Noncontrolling Interests": -11439000.0,
        "Net Income Continuous Operations": -11439000.0,
        "Tax Provision": 0.0,
        "Pretax Income": -11439000.0,
        "Other Income Expense": 871000.0,
        "Gain On Sale Of Security": 871000.0,
        "Net Non Operating Interest Income Expense": 1179000.0,
        "Total Other Finance Cost": 3000.0,
        "Interest Expense Non Operating": 8000.0,
        "Interest Income Non Operating": 1190000.0,
        "Operating Income": -13489000.0,
        "Operating Expense": 16030000.0,
        "Other Operating Expenses": NaN,
        "Research And Development": 11607000.0,
        "Selling General And Administration": 4423000.0,
        "Total Revenue": 2541000.0,
        "Operating Revenue": 2541000.0
    },
    "2023-12-31": {
        "Tax Effect Of Unusual Items": 0.0,
        "Tax Rate For Calcs": 0.0,
        "Normalized EBITDA": -14915000.0,
        "Total Unusual Items": -4255000.0,
        "Total Unusual Items Excluding Goodwill": -4255000.0,
        "Net Income From Continuing Operation Net Minority Interest": -19780000.0,
        "Reconciled Depreciation": 602000.0,
        "EBITDA": -19170000.0,
        "EBIT": -19772000.0,
        "Net Interest Income": 1122000.0,
        "Interest Expense": 8000.0,
        "Interest Income": 1134000.0,
        "Normalized Income": -15525000.0,
        "Net Income From Continuing And Discontinued Operation": -19780000.0,
        "Total Expenses": 17680000.0,
        "Total Operating Income As Reported": -16648000.0,
        "Diluted Average Shares": NaN,
        "Basic Average Shares": NaN,
        "Diluted EPS": NaN,
        "Basic EPS": NaN,
        "Diluted NI Availto Com Stockholders": -19780000.0,
        "Net Income Common Stockholders": -19780000.0,
        "Net Income": -19780000.0,
        "Net Income Including Noncontrolling Interests": -19780000.0,
        "Net Income Continuous Operations": -19780000.0,
        "Tax Provision": 0.0,
        "Pretax Income": -19780000.0,
        "Other Income Expense": -4255000.0,
        "Gain On Sale Of Security": -4255000.0,
        "Net Non Operating Interest Income Expense": 1122000.0,
        "Total Other Finance Cost": 4000.0,
        "Interest Expense Non Operating": 8000.0,
        "Interest Income Non Operating": 1134000.0,
        "Operating Income": -16648000.0,
        "Operating Expense": 17680000.0,
        "Other Operating Expenses": NaN,
        "Research And Development": 12850000.0,
        "Selling General And Administration": 4463000.0,
        "Total Revenue": 1032000.0,
        "Operating Revenue": 1032000.0
    },
    "2024-03-31": {
        "Tax Effect Of Unusual Items": 0.0,
        "Tax Rate For Calcs": 0.0,
        "Normalized EBITDA": -14154000.0,
        "Total Unusual Items": 3441000.0,
        "Total Unusual Items Excluding Goodwill": 3441000.0,
        "Net Income From Continuing Operation Net Minority Interest": -11325000.0,
        "Reconciled Depreciation": 605000.0,
        "EBITDA": -10713000.0,
        "EBIT": -11318000.0,
        "Net Interest Income": 1092000.0,
        "Interest Expense": 7000.0,
        "Interest Income": 1102000.0,
        "Normalized Income": -14766000.0,
        "Net Income From Continuing And Discontinued Operation": -11325000.0,
        "Total Expenses": 18596000.0,
        "Total Operating Income As Reported": -15858000.0,
        "Diluted Average Shares": 32868901.0,
        "Basic Average Shares": 32868901.0,
        "Diluted EPS": -0.34,
        "Basic EPS": -0.34,
        "Diluted NI Availto Com Stockholders": -11325000.0,
        "Net Income Common Stockholders": -11325000.0,
        "Net Income": -11325000.0,
        "Net Income Including Noncontrolling Interests": -11325000.0,
        "Net Income Continuous Operations": -11325000.0,
        "Tax Provision": 0.0,
        "Pretax Income": -11325000.0,
        "Other Income Expense": 3441000.0,
        "Gain On Sale Of Security": 3441000.0,
        "Net Non Operating Interest Income Expense": 1092000.0,
        "Total Other Finance Cost": 3000.0,
        "Interest Expense Non Operating": 7000.0,
        "Interest Income Non Operating": 1102000.0,
        "Operating Income": -15858000.0,
        "Operating Expense": 18596000.0,
        "Other Operating Expenses": NaN,
        "Research And Development": 14104000.0,
        "Selling General And Administration": 4492000.0,
        "Total Revenue": 2738000.0,
        "Operating Revenue": 2738000.0
    },
    "2024-06-30": {
        "Tax Effect Of Unusual Items": 0.0,
        "Tax Rate For Calcs": 0.0,
        "Normalized EBITDA": -14464000.0,
        "Total Unusual Items": -9000.0,
        "Total Unusual Items Excluding Goodwill": -9000.0,
        "Net Income From Continuing Operation Net Minority Interest": -15082000.0,
        "Reconciled Depreciation": 603000.0,
        "EBITDA": -14473000.0,
        "EBIT": -15076000.0,
        "Net Interest Income": 903000.0,
        "Interest Expense": 6000.0,
        "Interest Income": 912000.0,
        "Normalized Income": -15073000.0,
        "Net Income From Continuing And Discontinued Operation": -15082000.0,
        "Total Expenses": 17527000.0,
        "Total Operating Income As Reported": -15976000.0,
        "Diluted Average Shares": 33182251.0,
        "Basic Average Shares": 33182251.0,
        "Diluted EPS": -0.46,
        "Basic EPS": -0.46,
        "Diluted NI Availto Com Stockholders": -15082000.0,
        "Net Income Common Stockholders": -15082000.0,
        "Net Income": -15082000.0,
        "Net Income Including Noncontrolling Interests": -15082000.0,
        "Net Income Continuous Operations": -15082000.0,
        "Tax Provision": 0.0,
        "Pretax Income": -15082000.0,
        "Other Income Expense": -9000.0,
        "Gain On Sale Of Security": -9000.0,
        "Net Non Operating Interest Income Expense": 903000.0,
        "Total Other Finance Cost": 3000.0,
        "Interest Expense Non Operating": 6000.0,
        "Interest Income Non Operating": 912000.0,
        "Operating Income": -15976000.0,
        "Operating Expense": 17527000.0,
        "Other Operating Expenses": NaN,
        "Research And Development": 13087000.0,
        "Selling General And Administration": 4440000.0,
        "Total Revenue": 1551000.0,
        "Operating Revenue": 1551000.0
    }
}