{
    "2023-03-31": {
        "Tax Effect Of Unusual Items": 0.0,
        "Tax Rate For Calcs": 0.0,
        "Normalized EBITDA": -13952425.0,
        "Total Unusual Items": 545000.0,
        "Total Unusual Items Excluding Goodwill": 545000.0,
        "Net Income From Continuing Operation Net Minority Interest": -44431639.0,
        "Reconciled Depreciation": 2763084.0,
        "Reconciled Cost Of Revenue": 20985363.0,
        "EBITDA": -13407425.0,
        "EBIT": -16170509.0,
        "Net Interest Income": 26741574.0,
        "Interest Expense": 28261130.0,
        "Interest Income": 55002704.0,
        "Normalized Income": -44976639.0,
        "Net Income From Continuing And Discontinued Operation": -44431639.0,
        "Total Expenses": 131819516.0,
        "Total Operating Income As Reported": -69501057.0,
        "Diluted Average Shares": 136663852.0,
        "Basic Average Shares": 136663852.0,
        "Diluted EPS": -0.325,
        "Basic EPS": -0.325,
        "Diluted NI Availto Com Stockholders": -44431639.0,
        "Net Income Common Stockholders": -44431639.0,
        "Net Income": -44431639.0,
        "Net Income Including Noncontrolling Interests": -44431639.0,
        "Net Income Continuous Operations": -44431639.0,
        "Earnings From Equity Interest Net Of Tax": NaN,
        "Tax Provision": 0.0,
        "Pretax Income": -44431639.0,
        "Other Income Expense": -1672156.0,
        "Other Non Operating Income Expenses": 275249.0,
        "Special Income Charges": 545000.0,
        "Write Off": -545000.0,
        "Impairment Of Capital Assets": NaN,
        "Earnings From Equity Interest": -2492405.0,
        "Net Non Operating Interest Income Expense": 26741574.0,
        "Interest Expense Non Operating": 28261130.0,
        "Interest Income Non Operating": 55002704.0,
        "Operating Income": -69501057.0,
        "Operating Expense": 110834153.0,
        "Research And Development": 83070765.0,
        "Selling General And Administration": 27763388.0,
        "Selling And Marketing Expense": 16878450.0,
        "General And Administrative Expense": 10884938.0,
        "Other Gand A": 10884938.0,
        "Gross Profit": 41333096.0,
        "Cost Of Revenue": 20985363.0,
        "Total Revenue": 62318459.0,
        "Operating Revenue": 62318459.0
    },
    "2022-12-31": {
        "Tax Effect Of Unusual Items": -9569499.760187,
        "Tax Rate For Calcs": 0.343967,
        "Normalized EBITDA": 230961932.0,
        "Total Unusual Items": -27821000.0,
        "Total Unusual Items Excluding Goodwill": -27821000.0,
        "Net Income From Continuing Operation Net Minority Interest": 329441810.0,
        "Reconciled Depreciation": NaN,
        "Reconciled Cost Of Revenue": 15420000.0,
        "EBITDA": 203140932.0,
        "EBIT": 203140932.0,
        "Net Interest Income": 599073000.0,
        "Interest Expense": -298880000.0,
        "Interest Income": -82482000.0,
        "Normalized Income": 347693310.239813,
        "Net Income From Continuing And Discontinued Operation": 329441810.0,
        "Total Expenses": 149978160.0,
        "Total Operating Income As Reported": -68411033.0,
        "Diluted Average Shares": NaN,
        "Basic Average Shares": NaN,
        "Diluted EPS": NaN,
        "Basic EPS": NaN,
        "Diluted NI Availto Com Stockholders": 329441810.0,
        "Net Income Common Stockholders": 329441810.0,
        "Net Income": 329441810.0,
        "Net Income Including Noncontrolling Interests": 329441810.0,
        "Net Income Continuous Operations": 329341810.0,
        "Earnings From Equity Interest Net Of Tax": NaN,
        "Tax Provision": 172678523.0,
        "Pretax Income": 502020932.0,
        "Other Income Expense": -28641026.0,
        "Other Non Operating Income Expenses": 3185000.0,
        "Special Income Charges": 388000.0,
        "Write Off": -388000.0,
        "Impairment Of Capital Assets": NaN,
        "Earnings From Equity Interest": -4005026.0,
        "Net Non Operating Interest Income Expense": 599073000.0,
        "Interest Expense Non Operating": -298880000.0,
        "Interest Income Non Operating": -82482000.0,
        "Operating Income": -68411042.0,
        "Operating Expense": 134558160.0,
        "Research And Development": 94012160.0,
        "Selling General And Administration": -21775000.0,
        "Selling And Marketing Expense": -63071000.0,
        "General And Administrative Expense": 41296000.0,
        "Other Gand A": -39720000.0,
        "Gross Profit": 66147118.0,
        "Cost Of Revenue": 15420000.0,
        "Total Revenue": 81667003.0,
        "Operating Revenue": 81667003.0
    },
    "2022-09-30": {
        "Tax Effect Of Unusual Items": NaN,
        "Tax Rate For Calcs": NaN,
        "Normalized EBITDA": NaN,
        "Total Unusual Items": NaN,
        "Total Unusual Items Excluding Goodwill": NaN,
        "Net Income From Continuing Operation Net Minority Interest": NaN,
        "Reconciled Depreciation": NaN,
        "Reconciled Cost Of Revenue": NaN,
        "EBITDA": NaN,
        "EBIT": NaN,
        "Net Interest Income": NaN,
        "Interest Expense": NaN,
        "Interest Income": 70300000.0,
        "Normalized Income": NaN,
        "Net Income From Continuing And Discontinued Operation": NaN,
        "Total Expenses": NaN,
        "Total Operating Income As Reported": NaN,
        "Diluted Average Shares": 136555556.0,
        "Basic Average Shares": 136555556.0,
        "Diluted EPS": -0.9,
        "Basic EPS": -0.9,
        "Diluted NI Availto Com Stockholders": NaN,
        "Net Income Common Stockholders": NaN,
        "Net Income": NaN,
        "Net Income Including Noncontrolling Interests": NaN,
        "Net Income Continuous Operations": NaN,
        "Earnings From Equity Interest Net Of Tax": NaN,
        "Tax Provision": NaN,
        "Pretax Income": NaN,
        "Other Income Expense": NaN,
        "Other Non Operating Income Expenses": NaN,
        "Special Income Charges": NaN,
        "Write Off": NaN,
        "Impairment Of Capital Assets": 0.0,
        "Earnings From Equity Interest": -300000.0,
        "Net Non Operating Interest Income Expense": NaN,
        "Interest Expense Non Operating": NaN,
        "Interest Income Non Operating": 70300000.0,
        "Operating Income": NaN,
        "Operating Expense": NaN,
        "Research And Development": NaN,
        "Selling General And Administration": NaN,
        "Selling And Marketing Expense": NaN,
        "General And Administrative Expense": NaN,
        "Other Gand A": NaN,
        "Gross Profit": NaN,
        "Cost Of Revenue": NaN,
        "Total Revenue": NaN,
        "Operating Revenue": NaN
    },
    "2022-06-30": {
        "Tax Effect Of Unusual Items": -16002.185133,
        "Tax Rate For Calcs": 0.016827,
        "Normalized EBITDA": -50343697.0,
        "Total Unusual Items": -951000.0,
        "Total Unusual Items Excluding Goodwill": -951000.0,
        "Net Income From Continuing Operation Net Minority Interest": -234990711.0,
        "Reconciled Depreciation": 2570898.0,
        "Reconciled Cost Of Revenue": 17241932.0,
        "EBITDA": -51294697.0,
        "EBIT": -53865595.0,
        "Net Interest Income": -178974013.0,
        "Interest Expense": 185146906.0,
        "Interest Income": 6172893.0,
        "Normalized Income": -234055713.185133,
        "Net Income From Continuing And Discontinued Operation": -234990711.0,
        "Total Expenses": 114547835.0,
        "Total Operating Income As Reported": -55106212.0,
        "Diluted Average Shares": 136605844.0,
        "Basic Average Shares": 136605844.0,
        "Diluted EPS": -1.72,
        "Basic EPS": -1.72,
        "Diluted NI Availto Com Stockholders": -234990711.0,
        "Net Income Common Stockholders": -234990711.0,
        "Net Income": -234990711.0,
        "Net Income Including Noncontrolling Interests": -234990711.0,
        "Net Income Continuous Operations": -234990711.0,
        "Earnings From Equity Interest Net Of Tax": NaN,
        "Tax Provision": -4021790.0,
        "Pretax Income": -239012501.0,
        "Other Income Expense": -4932276.0,
        "Other Non Operating Income Expenses": -3981276.0,
        "Special Income Charges": -951000.0,
        "Write Off": 951000.0,
        "Earnings From Equity Interest": NaN,
        "Net Non Operating Interest Income Expense": -178974013.0,
        "Interest Expense Non Operating": 185146906.0,
        "Interest Income Non Operating": 6172893.0,
        "Operating Income": -55106212.0,
        "Operating Expense": 97305903.0,
        "Research And Development": 60916933.0,
        "Selling General And Administration": 36388970.0,
        "Selling And Marketing Expense": 24004235.0,
        "General And Administrative Expense": 12384735.0,
        "Other Gand A": 12384735.0,
        "Gross Profit": 42199691.0,
        "Cost Of Revenue": 17241932.0,
        "Total Revenue": 59441623.0,
        "Operating Revenue": 59441623.0
    },
    "2022-03-31": {
        "Diluted EPS": -1.01,
        "Total Revenue": 47,
        "Gross Profit": 38,
        "Operating Income": -76,
        "EBIT": -73,
        "Net Income": -138
    },
    "2021-12-31": {
        "Diluted EPS": -3.38,
        "Total Revenue": 61,
        "Gross Profit": 50,
        "Operating Income": -111,
        "EBIT": -108,
        "Net Income": -451
    },
    "2021-09-30": {
        "Diluted EPS": -0.97,
        "Total Revenue": 49,
        "Gross Profit": 40,
        "Operating Income": -97,
        "EBIT": -94,
        "Net Income": -133
    },
    "2021-06-30": {
        "Diluted EPS": 0.18,
        "Total Revenue": 46,
        "Gross Profit": 34,
        "Operating Income": -86,
        "EBIT": -83,
        "Net Income": 25
    },
    "2021-03-31": {
        "Diluted EPS": -0.38,
        "Total Revenue": 57,
        "Gross Profit": 51,
        "Operating Income": -34,
        "EBIT": -32,
        "Net Income": -50
    },
    "2020-12-31": {
        "Diluted EPS": 0.19,
        "Total Revenue": 51,
        "Gross Profit": 41,
        "Operating Income": -78,
        "EBIT": -75,
        "Net Income": 31
    },
    "2020-09-30": {
        "Diluted EPS": -0.59,
        "Total Revenue": 26,
        "Gross Profit": 21,
        "Operating Income": -73,
        "EBIT": -70,
        "Net Income": -76
    },
    "2020-06-30": {
        "Diluted EPS": -0.45,
        "Total Revenue": 20,
        "Gross Profit": 28,
        "Operating Income": -53,
        "EBIT": -51,
        "Net Income": -58
    },
    "2020-03-31": {
        "Diluted EPS": 1.69,
        "Total Revenue": 277,
        "Gross Profit": 274,
        "Operating Income": 225,
        "EBIT": 227,
        "Net Income": 216
    },
    "2019-12-31": {
        "Diluted EPS": -0.44,
        "Total Revenue": 12,
        "Gross Profit": 11,
        "Operating Income": -57,
        "EBIT": -55,
        "Net Income": -56
    },
    "2019-09-30": {
        "Diluted EPS": -0.21,
        "Total Revenue": 14,
        "Gross Profit": 13,
        "Operating Income": -31,
        "EBIT": -29,
        "Net Income": -27
    },
    "2019-06-30": {
        "Diluted EPS": -0.05,
        "Total Revenue": 39,
        "Gross Profit": 33,
        "Operating Income": -6,
        "EBIT": -5,
        "Net Income": -7
    },
    "2019-03-31": {
        "Diluted EPS": -0.21,
        "Total Revenue": 15,
        "Gross Profit": 10,
        "Operating Income": -27,
        "EBIT": -25,
        "Net Income": -26
    },
    "2018-12-31": {
        "Diluted EPS": -0.37,
        "Total Revenue": 13,
        "Gross Profit": 12,
        "Operating Income": -53,
        "EBIT": -52,
        "Net Income": -49
    },
    "2018-09-30": {
        "Diluted EPS": 0.28,
        "Total Revenue": 64,
        "Gross Profit": 63,
        "Operating Income": 35,
        "EBIT": 36,
        "Net Income": 35
    },
    "2018-06-30": {
        "Diluted EPS": -0.23,
        "Total Revenue": 10,
        "Gross Profit": 10,
        "Operating Income": -29,
        "EBIT": -28,
        "Net Income": -28
    },
    "2018-03-31": {
        "Diluted EPS": -0.21,
        "Total Revenue": 3,
        "Gross Profit": 3,
        "Operating Income": -23,
        "EBIT": -22,
        "Net Income": -24
    },
    "2017-12-31": {
        "Diluted EPS": -0.15,
        "Total Revenue": 33,
        "Gross Profit": 33,
        "Operating Income": 33,
        "EBIT": 33,
        "Net Income": -17
    },
    "2023-06-30": {
        "Tax Effect Of Unusual Items": 0.0,
        "Tax Rate For Calcs": 0.0,
        "Normalized EBITDA": -40900461.0,
        "Total Unusual Items": 45967.0,
        "Total Unusual Items Excluding Goodwill": 45967.0,
        "Net Income From Continuing Operation Net Minority Interest": -73967160.0,
        "Reconciled Depreciation": 2979311.0,
        "Reconciled Cost Of Revenue": 7701399.0,
        "EBITDA": -40854494.0,
        "EBIT": -43833805.0,
        "Net Interest Income": -21727038.0,
        "Interest Expense": 28321425.0,
        "Interest Income": 6594387.0,
        "Normalized Income": -74013127.0,
        "Net Income From Continuing And Discontinued Operation": -73967160.0,
        "Total Expenses": 103709026.0,
        "Total Operating Income As Reported": -50544011.0,
        "Diluted Average Shares": 136666620.0,
        "Basic Average Shares": 136666620.0,
        "Diluted EPS": -0.54,
        "Basic EPS": -0.54,
        "Diluted NI Availto Com Stockholders": -73967160.0,
        "Net Income Common Stockholders": -73967160.0,
        "Net Income": -73967160.0,
        "Net Income Including Noncontrolling Interests": -73967160.0,
        "Net Income Continuous Operations": -73967160.0,
        "Earnings From Equity Interest Net Of Tax": -1811930.0,
        "Tax Provision": 0.0,
        "Pretax Income": -72155230.0,
        "Other Income Expense": 115819.0,
        "Other Non Operating Income Expenses": 69852.0,
        "Special Income Charges": 45967.0,
        "Write Off": -45967.0,
        "Impairment Of Capital Assets": NaN,
        "Earnings From Equity Interest": NaN,
        "Net Non Operating Interest Income Expense": -21727038.0,
        "Interest Expense Non Operating": 28321425.0,
        "Interest Income Non Operating": 6594387.0,
        "Operating Income": -50544011.0,
        "Operating Expense": 96007627.0,
        "Research And Development": 57007626.0,
        "Selling General And Administration": 39000001.0,
        "Selling And Marketing Expense": 22023297.0,
        "General And Administrative Expense": 16976704.0,
        "Other Gand A": 16976704.0,
        "Gross Profit": 45463616.0,
        "Cost Of Revenue": 7701399.0,
        "Total Revenue": 53165015.0,
        "Operating Revenue": 53165015.0
    },
    "2023-09-30": {
        "Tax Effect Of Unusual Items": -240000.0,
        "Tax Rate For Calcs": 0.15,
        "Normalized EBITDA": -50400000.0,
        "Total Unusual Items": -1600000.0,
        "Total Unusual Items Excluding Goodwill": -1600000.0,
        "Net Income From Continuing Operation Net Minority Interest": -119600000.0,
        "Reconciled Depreciation": NaN,
        "Reconciled Cost Of Revenue": 15100000.0,
        "EBITDA": -52000000.0,
        "EBIT": -52000000.0,
        "Net Interest Income": -67100000.0,
        "Interest Expense": 67100000.0,
        "Interest Income": NaN,
        "Normalized Income": -118240000.0,
        "Net Income From Continuing And Discontinued Operation": -119600000.0,
        "Total Expenses": 113200000.0,
        "Total Operating Income As Reported": -51000000.0,
        "Diluted Average Shares": 136685714.0,
        "Basic Average Shares": 136685714.0,
        "Diluted EPS": -0.875,
        "Basic EPS": -0.875,
        "Diluted NI Availto Com Stockholders": -119600000.0,
        "Net Income Common Stockholders": -119600000.0,
        "Net Income": -119600000.0,
        "Net Income Including Noncontrolling Interests": -119600000.0,
        "Net Income Continuous Operations": -119600000.0,
        "Earnings From Equity Interest Net Of Tax": NaN,
        "Tax Provision": 500000.0,
        "Pretax Income": -119100000.0,
        "Other Income Expense": -2600000.0,
        "Other Non Operating Income Expenses": 1300000.0,
        "Special Income Charges": -1600000.0,
        "Write Off": 0.0,
        "Impairment Of Capital Assets": 1600000.0,
        "Earnings From Equity Interest": -2300000.0,
        "Net Non Operating Interest Income Expense": -67100000.0,
        "Interest Expense Non Operating": 67100000.0,
        "Interest Income Non Operating": NaN,
        "Operating Income": -49400000.0,
        "Operating Expense": 98100000.0,
        "Research And Development": 63200000.0,
        "Selling General And Administration": 34900000.0,
        "Selling And Marketing Expense": 19900000.0,
        "General And Administrative Expense": 15000000.0,
        "Other Gand A": 15000000.0,
        "Gross Profit": 48700000.0,
        "Cost Of Revenue": 15100000.0,
        "Total Revenue": 63800000.0,
        "Operating Revenue": 63800000.0
    },
    "2023-12-31": {
        "Tax Effect Of Unusual Items": 4231492.05,
        "Tax Rate For Calcs": 0.15,
        "Normalized EBITDA": 26926532.0,
        "Total Unusual Items": 28209947.0,
        "Total Unusual Items Excluding Goodwill": 28209947.0,
        "Net Income From Continuing Operation Net Minority Interest": 48265801.0,
        "Reconciled Depreciation": NaN,
        "Reconciled Cost Of Revenue": 14555000.0,
        "EBITDA": 55136479.0,
        "EBIT": 55136479.0,
        "Net Interest Income": 102031000.0,
        "Interest Expense": 8658000.0,
        "Interest Income": -20784000.0,
        "Normalized Income": 24287346.05,
        "Net Income From Continuing And Discontinued Operation": 48265801.0,
        "Total Expenses": 140335139.0,
        "Total Operating Income As Reported": -81375802.0,
        "Diluted Average Shares": NaN,
        "Basic Average Shares": NaN,
        "Diluted EPS": NaN,
        "Basic EPS": NaN,
        "Diluted NI Availto Com Stockholders": 48265801.0,
        "Net Income Common Stockholders": 48265801.0,
        "Net Income": 48265801.0,
        "Net Income Including Noncontrolling Interests": 48265801.0,
        "Net Income Continuous Operations": 48265801.0,
        "Earnings From Equity Interest Net Of Tax": NaN,
        "Tax Provision": -1688537.0,
        "Pretax Income": 46478479.0,
        "Other Income Expense": 25803340.0,
        "Other Non Operating Income Expenses": -832000.0,
        "Special Income Charges": -151053.0,
        "Write Off": 131820.0,
        "Impairment Of Capital Assets": 19233.0,
        "Earnings From Equity Interest": -1574607.0,
        "Net Non Operating Interest Income Expense": 102031000.0,
        "Interest Expense Non Operating": 8658000.0,
        "Interest Income Non Operating": -20784000.0,
        "Operating Income": -81355861.0,
        "Operating Expense": 125780139.0,
        "Research And Development": 80314139.0,
        "Selling General And Administration": -9162000.0,
        "Selling And Marketing Expense": -52480000.0,
        "General And Administrative Expense": 43318000.0,
        "Other Gand A": -39654000.0,
        "Gross Profit": 44424278.0,
        "Cost Of Revenue": 14555000.0,
        "Total Revenue": 59078313.0,
        "Operating Revenue": 59078313.0
    }
}