{
    "2023-06-30": {
        "Tax Effect Of Unusual Items": 63000.0,
        "Tax Rate For Calcs": 0.21,
        "Normalized EBITDA": 94200000.0,
        "Total Unusual Items": 300000.0,
        "Total Unusual Items Excluding Goodwill": 300000.0,
        "Net Income From Continuing Operation Net Minority Interest": 36100000.0,
        "Reconciled Depreciation": 47000000.0,
        "Reconciled Cost Of Revenue": 216400000.0,
        "EBITDA": 94500000.0,
        "EBIT": 47500000.0,
        "Net Interest Income": -14100000.0,
        "Interest Expense": 15800000.0,
        "Interest Income": 1700000.0,
        "Normalized Income": 35863000.0,
        "Net Income From Continuing And Discontinued Operation": 36100000.0,
        "Total Expenses": 463000000.0,
        "Total Operating Income As Reported": 41700000.0,
        "Diluted Average Shares": 42800000.0,
        "Basic Average Shares": 42600000.0,
        "Diluted EPS": 0.84,
        "Basic EPS": 0.85,
        "Diluted NI Availto Com Stockholders": 36100000.0,
        "Net Income Common Stockholders": 36100000.0,
        "Net Income": 36100000.0,
        "Net Income Including Noncontrolling Interests": 36100000.0,
        "Net Income Continuous Operations": 36100000.0,
        "Earnings From Equity Interest Net Of Tax": -1800000.0,
        "Tax Provision": -6200000.0,
        "Pretax Income": 31700000.0,
        "Other Income Expense": 4100000.0,
        "Other Non Operating Income Expenses": 3800000.0,
        "Earnings From Equity Interest": 0.0,
        "Gain On Sale Of Security": 300000.0,
        "Net Non Operating Interest Income Expense": -14100000.0,
        "Interest Expense Non Operating": 15800000.0,
        "Interest Income Non Operating": 1700000.0,
        "Operating Income": 41700000.0,
        "Operating Expense": 246600000.0,
        "Depreciation Amortization Depletion Income Statement": 47000000.0,
        "Depreciation And Amortization In Income Statement": 47000000.0,
        "Selling General And Administration": 199600000.0,
        "Selling And Marketing Expense": 109500000.0,
        "General And Administrative Expense": 90100000.0,
        "Other Gand A": 90100000.0,
        "Salaries And Wages": 7600000.0,
        "Gross Profit": 288300000.0,
        "Cost Of Revenue": 216400000.0,
        "Total Revenue": 504700000.0,
        "Operating Revenue": 504700000.0
    },
    "2023-03-31": {
        "Tax Effect Of Unusual Items": NaN,
        "Tax Rate For Calcs": NaN,
        "Normalized EBITDA": NaN,
        "Total Unusual Items": NaN,
        "Total Unusual Items Excluding Goodwill": NaN,
        "Net Income From Continuing Operation Net Minority Interest": NaN,
        "Reconciled Depreciation": NaN,
        "Reconciled Cost Of Revenue": NaN,
        "EBITDA": NaN,
        "EBIT": NaN,
        "Net Interest Income": NaN,
        "Interest Expense": NaN,
        "Interest Income": NaN,
        "Normalized Income": NaN,
        "Net Income From Continuing And Discontinued Operation": NaN,
        "Total Expenses": NaN,
        "Total Operating Income As Reported": NaN,
        "Diluted Average Shares": NaN,
        "Basic Average Shares": NaN,
        "Diluted EPS": NaN,
        "Basic EPS": NaN,
        "Diluted NI Availto Com Stockholders": NaN,
        "Net Income Common Stockholders": NaN,
        "Net Income": NaN,
        "Net Income Including Noncontrolling Interests": NaN,
        "Net Income Continuous Operations": NaN,
        "Earnings From Equity Interest Net Of Tax": NaN,
        "Tax Provision": NaN,
        "Pretax Income": NaN,
        "Other Income Expense": NaN,
        "Other Non Operating Income Expenses": NaN,
        "Earnings From Equity Interest": -11800000.0,
        "Gain On Sale Of Security": NaN,
        "Net Non Operating Interest Income Expense": NaN,
        "Interest Expense Non Operating": NaN,
        "Interest Income Non Operating": NaN,
        "Operating Income": NaN,
        "Operating Expense": NaN,
        "Depreciation Amortization Depletion Income Statement": NaN,
        "Depreciation And Amortization In Income Statement": NaN,
        "Selling General And Administration": NaN,
        "Selling And Marketing Expense": NaN,
        "General And Administrative Expense": NaN,
        "Other Gand A": NaN,
        "Salaries And Wages": 7200000.0,
        "Gross Profit": NaN,
        "Cost Of Revenue": NaN,
        "Total Revenue": NaN,
        "Operating Revenue": NaN
    },
    "2022-12-31": {
        "Tax Effect Of Unusual Items": NaN,
        "Tax Rate For Calcs": NaN,
        "Normalized EBITDA": NaN,
        "Total Unusual Items": NaN,
        "Total Unusual Items Excluding Goodwill": NaN,
        "Net Income From Continuing Operation Net Minority Interest": NaN,
        "Reconciled Depreciation": NaN,
        "Reconciled Cost Of Revenue": NaN,
        "EBITDA": NaN,
        "EBIT": NaN,
        "Net Interest Income": NaN,
        "Interest Expense": NaN,
        "Interest Income": NaN,
        "Normalized Income": NaN,
        "Net Income From Continuing And Discontinued Operation": NaN,
        "Total Expenses": NaN,
        "Total Operating Income As Reported": NaN,
        "Diluted Average Shares": NaN,
        "Basic Average Shares": NaN,
        "Diluted EPS": NaN,
        "Basic EPS": NaN,
        "Diluted NI Availto Com Stockholders": NaN,
        "Net Income Common Stockholders": NaN,
        "Net Income": NaN,
        "Net Income Including Noncontrolling Interests": NaN,
        "Net Income Continuous Operations": NaN,
        "Earnings From Equity Interest Net Of Tax": NaN,
        "Tax Provision": NaN,
        "Pretax Income": NaN,
        "Other Income Expense": NaN,
        "Other Non Operating Income Expenses": NaN,
        "Earnings From Equity Interest": NaN,
        "Gain On Sale Of Security": NaN,
        "Net Non Operating Interest Income Expense": NaN,
        "Interest Expense Non Operating": NaN,
        "Interest Income Non Operating": NaN,
        "Operating Income": NaN,
        "Operating Expense": NaN,
        "Depreciation Amortization Depletion Income Statement": NaN,
        "Depreciation And Amortization In Income Statement": NaN,
        "Selling General And Administration": NaN,
        "Selling And Marketing Expense": NaN,
        "General And Administrative Expense": NaN,
        "Other Gand A": NaN,
        "Salaries And Wages": 19500000.0,
        "Gross Profit": NaN,
        "Cost Of Revenue": NaN,
        "Total Revenue": NaN,
        "Operating Revenue": NaN
    },
    "2022-09-30": {
        "Tax Effect Of Unusual Items": NaN,
        "Tax Rate For Calcs": NaN,
        "Normalized EBITDA": NaN,
        "Total Unusual Items": NaN,
        "Total Unusual Items Excluding Goodwill": NaN,
        "Net Income From Continuing Operation Net Minority Interest": NaN,
        "Reconciled Depreciation": NaN,
        "Reconciled Cost Of Revenue": NaN,
        "EBITDA": NaN,
        "EBIT": NaN,
        "Net Interest Income": NaN,
        "Interest Expense": NaN,
        "Interest Income": NaN,
        "Normalized Income": NaN,
        "Net Income From Continuing And Discontinued Operation": NaN,
        "Total Expenses": NaN,
        "Total Operating Income As Reported": NaN,
        "Diluted Average Shares": NaN,
        "Basic Average Shares": NaN,
        "Diluted EPS": NaN,
        "Basic EPS": NaN,
        "Diluted NI Availto Com Stockholders": NaN,
        "Net Income Common Stockholders": NaN,
        "Net Income": NaN,
        "Net Income Including Noncontrolling Interests": NaN,
        "Net Income Continuous Operations": NaN,
        "Earnings From Equity Interest Net Of Tax": NaN,
        "Tax Provision": NaN,
        "Pretax Income": NaN,
        "Other Income Expense": NaN,
        "Other Non Operating Income Expenses": NaN,
        "Earnings From Equity Interest": 0.0,
        "Gain On Sale Of Security": NaN,
        "Net Non Operating Interest Income Expense": NaN,
        "Interest Expense Non Operating": NaN,
        "Interest Income Non Operating": NaN,
        "Operating Income": NaN,
        "Operating Expense": NaN,
        "Depreciation Amortization Depletion Income Statement": NaN,
        "Depreciation And Amortization In Income Statement": NaN,
        "Selling General And Administration": NaN,
        "Selling And Marketing Expense": NaN,
        "General And Administrative Expense": NaN,
        "Other Gand A": NaN,
        "Salaries And Wages": 15300000.0,
        "Gross Profit": NaN,
        "Cost Of Revenue": NaN,
        "Total Revenue": NaN,
        "Operating Revenue": NaN
    },
    "2022-06-30": {
        "Tax Effect Of Unusual Items": 0.0,
        "Tax Rate For Calcs": 0.197,
        "Normalized EBITDA": 83700000.0,
        "Total Unusual Items": -3100000.0,
        "Total Unusual Items Excluding Goodwill": -3100000.0,
        "Net Income From Continuing Operation Net Minority Interest": 30100000.0,
        "Reconciled Depreciation": 40000000.0,
        "Reconciled Cost Of Revenue": 197600000.0,
        "EBITDA": 83700000.0,
        "EBIT": 43700000.0,
        "Net Interest Income": -4400000.0,
        "Interest Expense": 4400000.0,
        "Interest Income": 100000.0,
        "Normalized Income": 30100000.0,
        "Net Income From Continuing And Discontinued Operation": 30100000.0,
        "Total Expenses": 416500000.0,
        "Total Operating Income As Reported": 53900000.0,
        "Diluted Average Shares": 42900000.0,
        "Basic Average Shares": 42600000.0,
        "Diluted EPS": 0.7,
        "Basic EPS": 0.71,
        "Diluted NI Availto Com Stockholders": 30100000.0,
        "Net Income Common Stockholders": 30100000.0,
        "Net Income": 30100000.0,
        "Net Income Including Noncontrolling Interests": 30100000.0,
        "Net Income Continuous Operations": 30100000.0,
        "Earnings From Equity Interest Net Of Tax": -1800000.0,
        "Tax Provision": 7400000.0,
        "Pretax Income": 39300000.0,
        "Other Income Expense": -10200000.0,
        "Other Non Operating Income Expenses": -10200000.0,
        "Special Income Charges": NaN,
        "Gain On Sale Of Business": NaN,
        "Earnings From Equity Interest": NaN,
        "Gain On Sale Of Security": -3100000.0,
        "Net Non Operating Interest Income Expense": -4400000.0,
        "Interest Expense Non Operating": 4400000.0,
        "Interest Income Non Operating": 100000.0,
        "Operating Income": 53900000.0,
        "Operating Expense": 218900000.0,
        "Depreciation Amortization Depletion Income Statement": 40000000.0,
        "Depreciation And Amortization In Income Statement": 40000000.0,
        "Selling General And Administration": 178900000.0,
        "Selling And Marketing Expense": 91800000.0,
        "General And Administrative Expense": 87100000.0,
        "Other Gand A": 87100000.0,
        "Salaries And Wages": NaN,
        "Gross Profit": 272800000.0,
        "Cost Of Revenue": 197600000.0,
        "Total Revenue": 470400000.0,
        "Operating Revenue": 470400000.0
    },
    "2022-03-31": {
        "Diluted EPS": 1.06,
        "Total Revenue": 457,
        "Gross Profit": 266,
        "Operating Income": 56,
        "EBIT": 94,
        "Net Income": 46
    },
    "2021-12-31": {
        "Diluted EPS": 1.29,
        "Total Revenue": 462,
        "Gross Profit": 273,
        "Operating Income": 75,
        "EBIT": 113,
        "Net Income": 57
    },
    "2021-09-30": {
        "Diluted EPS": 1.13,
        "Total Revenue": 429,
        "Gross Profit": 246,
        "Operating Income": 68,
        "EBIT": 106,
        "Net Income": 49
    },
    "2021-06-30": {
        "Diluted EPS": 0.76,
        "Total Revenue": 415,
        "Gross Profit": 247,
        "Operating Income": 47,
        "EBIT": 85,
        "Net Income": 33
    },
    "2021-03-31": {
        "Diluted EPS": 1.27,
        "Total Revenue": 393,
        "Gross Profit": 236,
        "Operating Income": 67,
        "EBIT": 104,
        "Net Income": 55
    },
    "2020-12-31": {
        "Diluted EPS": 1.75,
        "Total Revenue": 380,
        "Gross Profit": 231,
        "Operating Income": 65,
        "EBIT": 101,
        "Net Income": 75
    },
    "2020-09-30": {
        "Diluted EPS": 1.76,
        "Total Revenue": 357,
        "Gross Profit": 219,
        "Operating Income": 44,
        "EBIT": 80,
        "Net Income": 76
    },
    "2020-06-30": {
        "Diluted EPS": 1.12,
        "Total Revenue": 328,
        "Gross Profit": 197,
        "Operating Income": 61,
        "EBIT": 95,
        "Net Income": 48
    },
    "2020-03-31": {
        "Diluted EPS": 0.55,
        "Total Revenue": 324,
        "Gross Profit": 187,
        "Operating Income": 45,
        "EBIT": 79,
        "Net Income": 24
    },
    "2019-12-31": {
        "Diluted EPS": 0.63,
        "Total Revenue": 332,
        "Gross Profit": 190,
        "Operating Income": 40,
        "EBIT": 73,
        "Net Income": 28
    },
    "2019-09-30": {
        "Diluted EPS": 1.14,
        "Total Revenue": 314,
        "Gross Profit": 185,
        "Operating Income": 50,
        "EBIT": 84,
        "Net Income": 49
    },
    "2019-06-30": {
        "Diluted EPS": 0.98,
        "Total Revenue": 274,
        "Gross Profit": 166,
        "Operating Income": 51,
        "EBIT": 77,
        "Net Income": 42
    },
    "2019-03-31": {
        "Diluted EPS": 0.77,
        "Total Revenue": 259,
        "Gross Profit": 154,
        "Operating Income": 50,
        "EBIT": 73,
        "Net Income": 33
    },
    "2018-12-31": {
        "Diluted EPS": 0.98,
        "Total Revenue": 263,
        "Gross Profit": 154,
        "Operating Income": 49,
        "EBIT": 75,
        "Net Income": 42
    },
    "2018-09-30": {
        "Diluted EPS": 1.32,
        "Total Revenue": 261,
        "Gross Profit": 161,
        "Operating Income": 65,
        "EBIT": 90,
        "Net Income": 57
    },
    "2018-06-30": {
        "Diluted EPS": 0.97,
        "Total Revenue": 252,
        "Gross Profit": 153,
        "Operating Income": 54,
        "EBIT": 77,
        "Net Income": 42
    },
    "2018-03-31": {
        "Diluted EPS": 0.98,
        "Total Revenue": 244,
        "Gross Profit": 141,
        "Operating Income": 48,
        "EBIT": 70,
        "Net Income": 42
    },
    "2017-12-31": {
        "Diluted EPS": 0.9,
        "Total Revenue": 243,
        "Gross Profit": 140,
        "Operating Income": 43,
        "EBIT": 69,
        "Net Income": 39
    },
    "2017-09-30": {
        "Diluted EPS": 0.79,
        "Total Revenue": 230,
        "Gross Profit": 139,
        "Operating Income": 53,
        "EBIT": 75,
        "Net Income": 34
    },
    "2017-06-30": {
        "Diluted EPS": 1.07,
        "Total Revenue": 229,
        "Gross Profit": 134,
        "Operating Income": 46,
        "EBIT": 68,
        "Net Income": 46
    },
    "2017-03-31": {
        "Diluted EPS": 0.42,
        "Total Revenue": 210,
        "Gross Profit": 113,
        "Operating Income": 28,
        "EBIT": 50,
        "Net Income": 18
    },
    "2016-12-31": {
        "Diluted EPS": 1.62,
        "Total Revenue": 212,
        "Gross Profit": 124,
        "Operating Income": 50,
        "EBIT": 69,
        "Net Income": 70
    },
    "2016-09-30": {
        "Diluted EPS": 0.7,
        "Total Revenue": 196,
        "Gross Profit": 111,
        "Operating Income": 44,
        "EBIT": 62,
        "Net Income": 30
    },
    "2016-06-30": {
        "Diluted EPS": 0.73,
        "Total Revenue": 198,
        "Gross Profit": 112,
        "Operating Income": 44,
        "EBIT": 62,
        "Net Income": 32
    },
    "2016-03-31": {
        "Diluted EPS": 0.67,
        "Total Revenue": 192,
        "Gross Profit": 107,
        "Operating Income": 42,
        "EBIT": 59,
        "Net Income": 29
    },
    "2015-12-31": {
        "Diluted EPS": 0.85,
        "Total Revenue": 202,
        "Gross Profit": 117,
        "Operating Income": 50,
        "EBIT": 67,
        "Net Income": 37
    },
    "2015-09-30": {
        "Diluted EPS": 0.76,
        "Total Revenue": 195,
        "Gross Profit": 112,
        "Operating Income": 46,
        "EBIT": 63,
        "Net Income": 34
    },
    "2015-06-30": {
        "Diluted EPS": 0.72,
        "Total Revenue": 202,
        "Gross Profit": 119,
        "Operating Income": 50,
        "EBIT": 66,
        "Net Income": 32
    },
    "2015-03-31": {
        "Diluted EPS": 0.67,
        "Total Revenue": 190,
        "Gross Profit": 111,
        "Operating Income": 45,
        "EBIT": 60,
        "Net Income": 30
    },
    "2014-12-31": {
        "Diluted EPS": 0.71,
        "Total Revenue": 196,
        "Gross Profit": 115,
        "Operating Income": 47,
        "EBIT": 61,
        "Net Income": 32
    },
    "2014-09-30": {
        "Diluted EPS": 0.67,
        "Total Revenue": 193,
        "Gross Profit": 113,
        "Operating Income": 45,
        "EBIT": 60,
        "Net Income": 30
    },
    "2014-06-30": {
        "Diluted EPS": -0.22,
        "Total Revenue": 189,
        "Gross Profit": 108,
        "Operating Income": -25,
        "EBIT": -11,
        "Net Income": -10
    },
    "2014-03-31": {
        "Diluted EPS": 0.58,
        "Total Revenue": 181,
        "Gross Profit": 105,
        "Operating Income": 39,
        "EBIT": 51,
        "Net Income": 26
    },
    "2013-12-31": {
        "Diluted EPS": 0.69,
        "Total Revenue": 181,
        "Gross Profit": 108,
        "Operating Income": 42,
        "EBIT": 54,
        "Net Income": 31
    },
    "2013-09-30": {
        "Diluted EPS": 0.68,
        "Total Revenue": 173,
        "Gross Profit": 101,
        "Operating Income": 45,
        "EBIT": 56,
        "Net Income": 31
    },
    "2013-06-30": {
        "Diluted EPS": 0.66,
        "Total Revenue": 175,
        "Gross Profit": 111,
        "Operating Income": 44,
        "EBIT": 55,
        "Net Income": 31
    },
    "2013-03-31": {
        "Diluted EPS": 0.63,
        "Total Revenue": 169,
        "Gross Profit": 107,
        "Operating Income": 41,
        "EBIT": 52,
        "Net Income": 30
    },
    "2012-12-31": {
        "Diluted EPS": 0.68,
        "Total Revenue": 171,
        "Gross Profit": 84,
        "Operating Income": 39,
        "EBIT": 51,
        "Net Income": 33
    },
    "2012-09-30": {
        "Diluted EPS": 0.56,
        "Total Revenue": 161,
        "Gross Profit": 100,
        "Operating Income": 40,
        "EBIT": 51,
        "Net Income": 27
    },
    "2012-06-30": {
        "Diluted EPS": 0.56,
        "Total Revenue": 166,
        "Gross Profit": 117,
        "Operating Income": 41,
        "EBIT": 52,
        "Net Income": 28
    },
    "2012-03-31": {
        "Diluted EPS": 0.4,
        "Total Revenue": 161,
        "Gross Profit": 110,
        "Operating Income": 30,
        "EBIT": 41,
        "Net Income": 20
    },
    "2011-12-31": {
        "Diluted EPS": 0.54,
        "Total Revenue": 159,
        "Gross Profit": 57,
        "Operating Income": 34,
        "EBIT": 45,
        "Net Income": 28
    },
    "2011-09-30": {
        "Diluted EPS": 0.42,
        "Total Revenue": 160,
        "Gross Profit": 112,
        "Operating Income": 34,
        "EBIT": 45,
        "Net Income": 21
    },
    "2011-06-30": {
        "Diluted EPS": 0.52,
        "Total Revenue": 161,
        "Gross Profit": 116,
        "Operating Income": 39,
        "EBIT": 49,
        "Net Income": 26
    },
    "2011-03-31": {
        "Diluted EPS": 0.44,
        "Total Revenue": 152,
        "Gross Profit": 111,
        "Operating Income": 32,
        "EBIT": 42,
        "Net Income": 23
    },
    "2010-12-31": {
        "Diluted EPS": 0.45,
        "Total Revenue": 151,
        "Gross Profit": 109,
        "Operating Income": 32,
        "EBIT": 44,
        "Net Income": 24
    },
    "2010-09-30": {
        "Diluted EPS": 0.49,
        "Total Revenue": 140,
        "Gross Profit": 99,
        "Operating Income": 30,
        "EBIT": 40,
        "Net Income": 25
    },
    "2010-06-30": {
        "Diluted EPS": 0.36,
        "Total Revenue": 136,
        "Gross Profit": 96,
        "Operating Income": 28,
        "EBIT": 37,
        "Net Income": 18
    },
    "2010-03-31": {
        "Diluted EPS": 0.4,
        "Total Revenue": 128,
        "Gross Profit": 94,
        "Operating Income": 31,
        "EBIT": 40,
        "Net Income": 20
    },
    "2009-12-31": {
        "Diluted EPS": 0.28,
        "Total Revenue": 123,
        "Gross Profit": 87,
        "Operating Income": 24,
        "EBIT": 32,
        "Net Income": 14
    },
    "2009-09-30": {
        "Diluted EPS": 0.45,
        "Total Revenue": 120,
        "Gross Profit": 88,
        "Operating Income": 34,
        "EBIT": 40,
        "Net Income": 23
    },
    "2009-06-30": {
        "Diluted EPS": 0.41,
        "Total Revenue": 120,
        "Gross Profit": 89,
        "Operating Income": 33,
        "EBIT": 42,
        "Net Income": 21
    },
    "2009-03-31": {
        "Diluted EPS": 0.51,
        "Total Revenue": 117,
        "Gross Profit": 86,
        "Operating Income": 35,
        "EBIT": 42,
        "Net Income": 25
    },
    "2023-09-30": {
        "Tax Effect Of Unusual Items": 568100.0,
        "Tax Rate For Calcs": 0.299,
        "Normalized EBITDA": 117900000.0,
        "Total Unusual Items": 1900000.0,
        "Total Unusual Items Excluding Goodwill": 1900000.0,
        "Net Income From Continuing Operation Net Minority Interest": 39100000.0,
        "Reconciled Depreciation": 46600000.0,
        "Reconciled Cost Of Revenue": 202900000.0,
        "EBITDA": 119800000.0,
        "EBIT": 73200000.0,
        "Net Interest Income": -12800000.0,
        "Interest Expense": 15800000.0,
        "Interest Income": 3000000.0,
        "Normalized Income": 37768100.0,
        "Net Income From Continuing And Discontinued Operation": 39100000.0,
        "Total Expenses": 445500000.0,
        "Total Operating Income As Reported": 70000000.0,
        "Diluted Average Shares": 42900000.0,
        "Basic Average Shares": 42700000.0,
        "Diluted EPS": 0.91,
        "Basic EPS": 0.92,
        "Diluted NI Availto Com Stockholders": 39100000.0,
        "Net Income Common Stockholders": 39100000.0,
        "Net Income": 39100000.0,
        "Net Income Including Noncontrolling Interests": 39100000.0,
        "Net Income Continuous Operations": 39100000.0,
        "Earnings From Equity Interest Net Of Tax": -1600000.0,
        "Tax Provision": 16700000.0,
        "Pretax Income": 57400000.0,
        "Other Income Expense": 200000.0,
        "Other Non Operating Income Expenses": -1700000.0,
        "Earnings From Equity Interest": 0.0,
        "Gain On Sale Of Security": 1900000.0,
        "Net Non Operating Interest Income Expense": -12800000.0,
        "Interest Expense Non Operating": 15800000.0,
        "Interest Income Non Operating": 3000000.0,
        "Operating Income": 70000000.0,
        "Operating Expense": 242600000.0,
        "Depreciation Amortization Depletion Income Statement": 46600000.0,
        "Depreciation And Amortization In Income Statement": 46600000.0,
        "Selling General And Administration": 196000000.0,
        "Selling And Marketing Expense": 106300000.0,
        "General And Administrative Expense": 89700000.0,
        "Other Gand A": 89700000.0,
        "Salaries And Wages": NaN,
        "Gross Profit": 312600000.0,
        "Cost Of Revenue": 202900000.0,
        "Total Revenue": 515500000.0,
        "Operating Revenue": 515500000.0
    },
    "2023-12-31": {
        "Tax Effect Of Unusual Items": 78073.089701,
        "Tax Rate For Calcs": 0.156146,
        "Normalized EBITDA": 150900000.0,
        "Total Unusual Items": 500000.0,
        "Total Unusual Items Excluding Goodwill": 500000.0,
        "Net Income From Continuing Operation Net Minority Interest": 73500000.0,
        "Reconciled Depreciation": 46500000.0,
        "Reconciled Cost Of Revenue": 205400000.0,
        "EBITDA": 151400000.0,
        "EBIT": 104900000.0,
        "Net Interest Income": -11500000.0,
        "Interest Expense": 14600000.0,
        "Interest Income": 3100000.0,
        "Normalized Income": 73078073.089701,
        "Net Income From Continuing And Discontinued Operation": 73500000.0,
        "Total Expenses": 444300000.0,
        "Total Operating Income As Reported": 94400000.0,
        "Diluted Average Shares": 43000000.0,
        "Basic Average Shares": 42700000.0,
        "Diluted EPS": 1.71,
        "Basic EPS": 1.72,
        "Diluted NI Availto Com Stockholders": 73500000.0,
        "Net Income Common Stockholders": 73500000.0,
        "Net Income": 73500000.0,
        "Net Income Including Noncontrolling Interests": 73500000.0,
        "Net Income Continuous Operations": 73500000.0,
        "Earnings From Equity Interest Net Of Tax": -2700000.0,
        "Tax Provision": 14100000.0,
        "Pretax Income": 90300000.0,
        "Other Income Expense": 7400000.0,
        "Other Non Operating Income Expenses": 6900000.0,
        "Earnings From Equity Interest": 0.0,
        "Gain On Sale Of Security": 500000.0,
        "Net Non Operating Interest Income Expense": -11500000.0,
        "Interest Expense Non Operating": 14600000.0,
        "Interest Income Non Operating": 3100000.0,
        "Operating Income": 94400000.0,
        "Operating Expense": 238900000.0,
        "Depreciation Amortization Depletion Income Statement": 46500000.0,
        "Depreciation And Amortization In Income Statement": 46500000.0,
        "Selling General And Administration": 192400000.0,
        "Selling And Marketing Expense": 100400000.0,
        "General And Administrative Expense": 92000000.0,
        "Other Gand A": 92000000.0,
        "Salaries And Wages": NaN,
        "Gross Profit": 333300000.0,
        "Cost Of Revenue": 205400000.0,
        "Total Revenue": 538700000.0,
        "Operating Revenue": 538700000.0
    },
    "2024-03-31": {
        "Tax Effect Of Unusual Items": 647400.0,
        "Tax Rate For Calcs": 0.249,
        "Normalized EBITDA": 145600000.0,
        "Total Unusual Items": 2600000.0,
        "Total Unusual Items Excluding Goodwill": 2600000.0,
        "Net Income From Continuing Operation Net Minority Interest": 64200000.0,
        "Reconciled Depreciation": 47200000.0,
        "Reconciled Cost Of Revenue": 218100000.0,
        "EBITDA": 148200000.0,
        "EBIT": 101000000.0,
        "Net Interest Income": -11500000.0,
        "Interest Expense": 14000000.0,
        "Interest Income": 2500000.0,
        "Normalized Income": 62247400.0,
        "Net Income From Continuing And Discontinued Operation": 64200000.0,
        "Total Expenses": 450200000.0,
        "Total Operating Income As Reported": 92600000.0,
        "Diluted Average Shares": 43000000.0,
        "Basic Average Shares": 42700000.0,
        "Diluted EPS": 1.49,
        "Basic EPS": 1.5,
        "Diluted NI Availto Com Stockholders": 64200000.0,
        "Net Income Common Stockholders": 64200000.0,
        "Net Income": 64200000.0,
        "Net Income Including Noncontrolling Interests": 64200000.0,
        "Net Income Continuous Operations": 64200000.0,
        "Earnings From Equity Interest Net Of Tax": -1500000.0,
        "Tax Provision": 21300000.0,
        "Pretax Income": 87000000.0,
        "Other Income Expense": 5900000.0,
        "Other Non Operating Income Expenses": 3300000.0,
        "Earnings From Equity Interest": NaN,
        "Gain On Sale Of Security": 2600000.0,
        "Net Non Operating Interest Income Expense": -11500000.0,
        "Interest Expense Non Operating": 14000000.0,
        "Interest Income Non Operating": 2500000.0,
        "Operating Income": 92600000.0,
        "Operating Expense": 232100000.0,
        "Depreciation Amortization Depletion Income Statement": 47200000.0,
        "Depreciation And Amortization In Income Statement": 47200000.0,
        "Selling General And Administration": 184900000.0,
        "Selling And Marketing Expense": 104600000.0,
        "General And Administrative Expense": 80300000.0,
        "Other Gand A": 80300000.0,
        "Salaries And Wages": NaN,
        "Gross Profit": 324700000.0,
        "Cost Of Revenue": 218100000.0,
        "Total Revenue": 542800000.0,
        "Operating Revenue": 542800000.0
    },
    "2024-06-30": {
        "Tax Effect Of Unusual Items": 42905.027933,
        "Tax Rate For Calcs": 0.214525,
        "Normalized EBITDA": 151500000.0,
        "Total Unusual Items": 200000.0,
        "Total Unusual Items Excluding Goodwill": 200000.0,
        "Net Income From Continuing Operation Net Minority Interest": 69100000.0,
        "Reconciled Depreciation": 49100000.0,
        "Reconciled Cost Of Revenue": 222700000.0,
        "EBITDA": 151700000.0,
        "EBIT": 102600000.0,
        "Net Interest Income": -10300000.0,
        "Interest Expense": 13100000.0,
        "Interest Income": 2800000.0,
        "Normalized Income": 68942905.027933,
        "Net Income From Continuing And Discontinued Operation": 69100000.0,
        "Total Expenses": 463400000.0,
        "Total Operating Income As Reported": 108500000.0,
        "Diluted Average Shares": 43100000.0,
        "Basic Average Shares": 42800000.0,
        "Diluted EPS": 1.6,
        "Basic EPS": 1.61,
        "Diluted NI Availto Com Stockholders": 69100000.0,
        "Net Income Common Stockholders": 69100000.0,
        "Net Income": 69100000.0,
        "Net Income Including Noncontrolling Interests": 69100000.0,
        "Net Income Continuous Operations": 69100000.0,
        "Earnings From Equity Interest Net Of Tax": -1200000.0,
        "Tax Provision": 19200000.0,
        "Pretax Income": 89500000.0,
        "Other Income Expense": -8700000.0,
        "Other Non Operating Income Expenses": -8900000.0,
        "Earnings From Equity Interest": NaN,
        "Gain On Sale Of Security": 200000.0,
        "Net Non Operating Interest Income Expense": -10300000.0,
        "Interest Expense Non Operating": 13100000.0,
        "Interest Income Non Operating": 2800000.0,
        "Operating Income": 108500000.0,
        "Operating Expense": 240700000.0,
        "Depreciation Amortization Depletion Income Statement": 49100000.0,
        "Depreciation And Amortization In Income Statement": 49100000.0,
        "Selling General And Administration": 191600000.0,
        "Selling And Marketing Expense": 111300000.0,
        "General And Administrative Expense": 80300000.0,
        "Other Gand A": 80300000.0,
        "Salaries And Wages": NaN,
        "Gross Profit": 349200000.0,
        "Cost Of Revenue": 222700000.0,
        "Total Revenue": 571900000.0,
        "Operating Revenue": 571900000.0
    }
}