{
    "2023-04-30": {
        "Tax Effect Of Unusual Items": 0.0,
        "Tax Rate For Calcs": 0.215,
        "Normalized EBITDA": 14481000.0,
        "Net Income From Continuing Operation Net Minority Interest": 9128000.0,
        "Reconciled Depreciation": 2557000.0,
        "Reconciled Cost Of Revenue": 62902000.0,
        "EBITDA": 14481000.0,
        "EBIT": 11924000.0,
        "Net Interest Income": -113000.0,
        "Interest Expense": 113000.0,
        "Normalized Income": 9128000.0,
        "Net Income From Continuing And Discontinued Operation": 9128000.0,
        "Total Expenses": 134006000.0,
        "Total Operating Income As Reported": 10899000.0,
        "Diluted Average Shares": 22672000.0,
        "Basic Average Shares": 22226000.0,
        "Diluted EPS": 0.4,
        "Basic EPS": 0.41,
        "Diluted NI Availto Com Stockholders": 9128000.0,
        "Net Income Common Stockholders": 9128000.0,
        "Net Income": 9128000.0,
        "Minority Interests": -149000.0,
        "Net Income Including Noncontrolling Interests": 9277000.0,
        "Net Income Continuous Operations": 9277000.0,
        "Tax Provision": 2534000.0,
        "Pretax Income": 11811000.0,
        "Other Income Expense": 1025000.0,
        "Other Non Operating Income Expenses": 1025000.0,
        "Net Non Operating Interest Income Expense": -113000.0,
        "Interest Expense Non Operating": 113000.0,
        "Operating Income": 10899000.0,
        "Operating Expense": 71104000.0,
        "Other Operating Expenses": NaN,
        "Selling General And Administration": 71104000.0,
        "Gross Profit": 82003000.0,
        "Cost Of Revenue": 62902000.0,
        "Total Revenue": 144905000.0,
        "Operating Revenue": 144905000.0
    },
    "2023-01-31": {
        "Tax Effect Of Unusual Items": 0.0,
        "Tax Rate For Calcs": 0.148,
        "Normalized EBITDA": 27497000.0,
        "Net Income From Continuing Operation Net Minority Interest": 22726000.0,
        "Reconciled Depreciation": 2591000.0,
        "Reconciled Cost Of Revenue": 85017000.0,
        "EBITDA": 27497000.0,
        "EBIT": 27497000.0,
        "Net Interest Income": -162000.0,
        "Interest Expense": 162000.0,
        "Normalized Income": 22726000.0,
        "Net Income From Continuing And Discontinued Operation": 22726000.0,
        "Total Expenses": 168141000.0,
        "Total Operating Income As Reported": 26132000.0,
        "Diluted Average Shares": 22688000.0,
        "Basic Average Shares": 22246000.0,
        "Diluted EPS": 1.0,
        "Basic EPS": 1.026608,
        "Diluted NI Availto Com Stockholders": 22726000.0,
        "Net Income Common Stockholders": 22726000.0,
        "Net Income": 22726000.0,
        "Minority Interests": -595000.0,
        "Net Income Including Noncontrolling Interests": 23321000.0,
        "Net Income Continuous Operations": 23321000.0,
        "Tax Provision": 4014000.0,
        "Pretax Income": 27335000.0,
        "Other Income Expense": 1365000.0,
        "Other Non Operating Income Expenses": 1365000.0,
        "Net Non Operating Interest Income Expense": -162000.0,
        "Interest Expense Non Operating": 162000.0,
        "Operating Income": 26132000.0,
        "Operating Expense": 83124000.0,
        "Other Operating Expenses": 83124000.0,
        "Selling General And Administration": 83124000.0,
        "Gross Profit": 109256000.0,
        "Cost Of Revenue": 85017000.0,
        "Total Revenue": 194273000.0,
        "Operating Revenue": 194273000.0
    },
    "2022-10-31": {
        "Tax Effect Of Unusual Items": 0.0,
        "Tax Rate For Calcs": 0.219,
        "Normalized EBITDA": 41276000.0,
        "Net Income From Continuing Operation Net Minority Interest": 29286000.0,
        "Reconciled Depreciation": 2583000.0,
        "Reconciled Cost Of Revenue": 90370000.0,
        "EBITDA": 41276000.0,
        "EBIT": 38693000.0,
        "Net Interest Income": -143000.0,
        "Interest Expense": 143000.0,
        "Normalized Income": 29286000.0,
        "Net Income From Continuing And Discontinued Operation": 29286000.0,
        "Total Expenses": 173126000.0,
        "Total Operating Income As Reported": 38271000.0,
        "Diluted Average Shares": 22794000.0,
        "Basic Average Shares": 22379000.0,
        "Diluted EPS": 1.28,
        "Basic EPS": 1.31,
        "Diluted NI Availto Com Stockholders": 29286000.0,
        "Net Income Common Stockholders": 29286000.0,
        "Net Income": 29286000.0,
        "Minority Interests": -825000.0,
        "Net Income Including Noncontrolling Interests": 30111000.0,
        "Net Income Continuous Operations": 30111000.0,
        "Tax Provision": 8439000.0,
        "Pretax Income": 38550000.0,
        "Other Income Expense": 422000.0,
        "Other Non Operating Income Expenses": 422000.0,
        "Net Non Operating Interest Income Expense": -143000.0,
        "Interest Expense Non Operating": 143000.0,
        "Operating Income": 38271000.0,
        "Operating Expense": 82756000.0,
        "Other Operating Expenses": NaN,
        "Selling General And Administration": 82756000.0,
        "Gross Profit": 121027000.0,
        "Cost Of Revenue": 90370000.0,
        "Total Revenue": 211397000.0,
        "Operating Revenue": 211397000.0
    },
    "2022-07-31": {
        "Tax Effect Of Unusual Items": 0.0,
        "Tax Rate For Calcs": 0.209,
        "Normalized EBITDA": 33559000.0,
        "Net Income From Continuing Operation Net Minority Interest": 24003000.0,
        "Reconciled Depreciation": 2703000.0,
        "Reconciled Cost Of Revenue": 75877000.0,
        "EBITDA": 33559000.0,
        "EBIT": 30856000.0,
        "Net Interest Income": -101000.0,
        "Interest Expense": 101000.0,
        "Normalized Income": 24003000.0,
        "Net Income From Continuing And Discontinued Operation": 24003000.0,
        "Total Expenses": 152147000.0,
        "Total Operating Income As Reported": 30657000.0,
        "Diluted Average Shares": 22966000.0,
        "Basic Average Shares": 22558000.0,
        "Diluted EPS": 1.05,
        "Basic EPS": 1.06,
        "Diluted NI Availto Com Stockholders": 24003000.0,
        "Net Income Common Stockholders": 24003000.0,
        "Net Income": 24003000.0,
        "Minority Interests": -334000.0,
        "Net Income Including Noncontrolling Interests": 24337000.0,
        "Net Income Continuous Operations": 24337000.0,
        "Tax Provision": 6418000.0,
        "Pretax Income": 30755000.0,
        "Other Income Expense": 199000.0,
        "Other Non Operating Income Expenses": 199000.0,
        "Net Non Operating Interest Income Expense": -101000.0,
        "Interest Expense Non Operating": 101000.0,
        "Operating Income": 30657000.0,
        "Operating Expense": 76270000.0,
        "Other Operating Expenses": NaN,
        "Selling General And Administration": 76270000.0,
        "Gross Profit": 106927000.0,
        "Cost Of Revenue": 75877000.0,
        "Total Revenue": 182804000.0,
        "Operating Revenue": 182804000.0
    },
    "2022-04-30": {
        "Diluted EPS": 0.79,
        "Total Revenue": 163,
        "Gross Profit": 97,
        "Operating Income": 25,
        "EBIT": 28,
        "Net Income": 19
    },
    "2022-01-31": {
        "Diluted EPS": 1.4,
        "Total Revenue": 206,
        "Gross Profit": 121,
        "Operating Income": 38,
        "EBIT": 41,
        "Net Income": 31
    },
    "2021-10-31": {
        "Diluted EPS": 1.33,
        "Total Revenue": 218,
        "Gross Profit": 126,
        "Operating Income": 41,
        "EBIT": 45,
        "Net Income": 31
    },
    "2021-07-31": {
        "Diluted EPS": 0.82,
        "Total Revenue": 174,
        "Gross Profit": 98,
        "Operating Income": 25,
        "EBIT": 28,
        "Net Income": 19
    },
    "2021-04-30": {
        "Diluted EPS": 0.4,
        "Total Revenue": 135,
        "Gross Profit": 74,
        "Operating Income": 13,
        "EBIT": 16,
        "Net Income": 9
    },
    "2021-01-31": {
        "Diluted EPS": 1.33,
        "Total Revenue": 178,
        "Gross Profit": 101,
        "Operating Income": 26,
        "EBIT": 29,
        "Net Income": 30
    },
    "2020-10-31": {
        "Diluted EPS": 0.63,
        "Total Revenue": 170,
        "Gross Profit": 92,
        "Operating Income": 23,
        "EBIT": 26,
        "Net Income": 15
    },
    "2020-07-31": {
        "Diluted EPS": -0.28,
        "Total Revenue": 89,
        "Gross Profit": 45,
        "Operating Income": -9,
        "EBIT": -6,
        "Net Income": -7
    },
    "2020-04-30": {
        "Diluted EPS": -6.48,
        "Total Revenue": 70,
        "Gross Profit": 32,
        "Operating Income": -182,
        "EBIT": -22,
        "Net Income": -150
    },
    "2020-01-31": {
        "Diluted EPS": 0.15,
        "Total Revenue": 191,
        "Gross Profit": 101,
        "Operating Income": 7,
        "EBIT": 11,
        "Net Income": 4
    },
    "2019-10-31": {
        "Diluted EPS": 0.76,
        "Total Revenue": 206,
        "Gross Profit": 110,
        "Operating Income": 23,
        "EBIT": 27,
        "Net Income": 18
    },
    "2019-07-31": {
        "Diluted EPS": 0.75,
        "Total Revenue": 158,
        "Gross Profit": 85,
        "Operating Income": 9,
        "EBIT": 13,
        "Net Income": 18
    },
    "2019-04-30": {
        "Diluted EPS": 0.17,
        "Total Revenue": 147,
        "Gross Profit": 79,
        "Operating Income": 5,
        "EBIT": 9,
        "Net Income": 4
    },
    "2019-01-31": {
        "Diluted EPS": 0.73,
        "Total Revenue": 199,
        "Gross Profit": 111,
        "Operating Income": 17,
        "EBIT": 21,
        "Net Income": 17
    },
    "2018-10-31": {
        "Diluted EPS": 1.14,
        "Total Revenue": 209,
        "Gross Profit": 113,
        "Operating Income": 24,
        "EBIT": 28,
        "Net Income": 27
    },
    "2018-07-31": {
        "Diluted EPS": 0.39,
        "Total Revenue": 144,
        "Gross Profit": 78,
        "Operating Income": 13,
        "EBIT": 16,
        "Net Income": 9
    },
    "2018-04-30": {
        "Diluted EPS": 0.35,
        "Total Revenue": 127,
        "Gross Profit": 68,
        "Operating Income": 8,
        "EBIT": 12,
        "Net Income": 8
    },
    "2018-01-31": {
        "Diluted EPS": -1.47,
        "Total Revenue": 149,
        "Gross Profit": 79,
        "Operating Income": 13,
        "EBIT": 17,
        "Net Income": -34
    },
    "2017-10-31": {
        "Diluted EPS": 0.75,
        "Total Revenue": 191,
        "Gross Profit": 104,
        "Operating Income": 25,
        "EBIT": 29,
        "Net Income": 17
    },
    "2017-07-31": {
        "Diluted EPS": 0.24,
        "Total Revenue": 129,
        "Gross Profit": 66,
        "Operating Income": 8,
        "EBIT": 11,
        "Net Income": 5
    },
    "2017-04-30": {
        "Diluted EPS": -0.18,
        "Total Revenue": 99,
        "Gross Profit": 49,
        "Operating Income": -4,
        "EBIT": -1,
        "Net Income": -4
    },
    "2017-01-31": {
        "Diluted EPS": 0.23,
        "Total Revenue": 131,
        "Gross Profit": 65,
        "Operating Income": 7,
        "EBIT": 10,
        "Net Income": 5
    },
    "2016-10-31": {
        "Diluted EPS": 0.87,
        "Total Revenue": 180,
        "Gross Profit": 99,
        "Operating Income": 31,
        "EBIT": 34,
        "Net Income": 20
    },
    "2016-07-31": {
        "Diluted EPS": 0.27,
        "Total Revenue": 128,
        "Gross Profit": 70,
        "Operating Income": 10,
        "EBIT": 13,
        "Net Income": 6
    },
    "2016-04-30": {
        "Diluted EPS": 0.14,
        "Total Revenue": 114,
        "Gross Profit": 61,
        "Operating Income": 5,
        "EBIT": 8,
        "Net Income": 3
    },
    "2016-01-31": {
        "Diluted EPS": 0.33,
        "Total Revenue": 143,
        "Gross Profit": 75,
        "Operating Income": 12,
        "EBIT": 15,
        "Net Income": 8
    },
    "2015-10-31": {
        "Diluted EPS": 0.92,
        "Total Revenue": 186,
        "Gross Profit": 100,
        "Operating Income": 33,
        "EBIT": 37,
        "Net Income": 22
    },
    "2015-07-31": {
        "Diluted EPS": 0.5,
        "Total Revenue": 146,
        "Gross Profit": 79,
        "Operating Income": 18,
        "EBIT": 21,
        "Net Income": 12
    },
    "2015-04-30": {
        "Diluted EPS": 0.15,
        "Total Revenue": 120,
        "Gross Profit": 62,
        "Operating Income": 7,
        "EBIT": 10,
        "Net Income": 4
    },
    "2015-01-31": {
        "Diluted EPS": 0.39,
        "Total Revenue": 134,
        "Gross Profit": 67,
        "Operating Income": 10,
        "EBIT": 13,
        "Net Income": 10
    },
    "2014-10-31": {
        "Diluted EPS": 0.87,
        "Total Revenue": 189,
        "Gross Profit": 100,
        "Operating Income": 33,
        "EBIT": 36,
        "Net Income": 22
    },
    "2014-07-31": {
        "Diluted EPS": 0.47,
        "Total Revenue": 144,
        "Gross Profit": 78,
        "Operating Income": 17,
        "EBIT": 20,
        "Net Income": 12
    },
    "2014-04-30": {
        "Diluted EPS": 0.29,
        "Total Revenue": 121,
        "Gross Profit": 65,
        "Operating Income": 11,
        "EBIT": 14,
        "Net Income": 7
    },
    "2014-01-31": {
        "Diluted EPS": 0.28,
        "Total Revenue": 132,
        "Gross Profit": 69,
        "Operating Income": 7,
        "EBIT": 10,
        "Net Income": 7
    },
    "2013-10-31": {
        "Diluted EPS": 0.89,
        "Total Revenue": 190,
        "Gross Profit": 101,
        "Operating Income": 34,
        "EBIT": 37,
        "Net Income": 23
    },
    "2013-07-31": {
        "Diluted EPS": 0.48,
        "Total Revenue": 138,
        "Gross Profit": 75,
        "Operating Income": 17,
        "EBIT": 20,
        "Net Income": 12
    },
    "2013-04-30": {
        "Diluted EPS": 0.32,
        "Total Revenue": 110,
        "Gross Profit": 60,
        "Operating Income": 10,
        "EBIT": 13,
        "Net Income": 8
    },
    "2013-01-31": {
        "Diluted EPS": 0.3,
        "Total Revenue": 124,
        "Gross Profit": 63,
        "Operating Income": 5,
        "EBIT": 8,
        "Net Income": 8
    },
    "2012-10-31": {
        "Diluted EPS": 1.34,
        "Total Revenue": 160,
        "Gross Profit": 90,
        "Operating Income": 25,
        "EBIT": 27,
        "Net Income": 34
    },
    "2012-07-31": {
        "Diluted EPS": 0.32,
        "Total Revenue": 118,
        "Gross Profit": 66,
        "Operating Income": 11,
        "EBIT": 13,
        "Net Income": 8
    },
    "2012-04-30": {
        "Diluted EPS": 0.26,
        "Total Revenue": 104,
        "Gross Profit": 59,
        "Operating Income": 8,
        "EBIT": 12,
        "Net Income": 7
    },
    "2012-01-31": {
        "Diluted EPS": 0.42,
        "Total Revenue": 122,
        "Gross Profit": 66,
        "Operating Income": 8,
        "EBIT": 10,
        "Net Income": 11
    },
    "2011-10-31": {
        "Diluted EPS": 0.65,
        "Total Revenue": 143,
        "Gross Profit": 81,
        "Operating Income": 19,
        "EBIT": 22,
        "Net Income": 16
    },
    "2011-07-31": {
        "Diluted EPS": 0.18,
        "Total Revenue": 113,
        "Gross Profit": 61,
        "Operating Income": 5,
        "EBIT": 8,
        "Net Income": 4
    },
    "2011-04-30": {
        "Diluted EPS": 0.02,
        "Total Revenue": 90,
        "Gross Profit": 49,
        "Operating Income": 2,
        "EBIT": 5,
        "Net Income": 0
    },
    "2011-01-31": {
        "Diluted EPS": -1.26,
        "Total Revenue": 101,
        "Gross Profit": 31,
        "Operating Income": -23,
        "EBIT": -20,
        "Net Income": -31
    },
    "2010-10-31": {
        "Diluted EPS": 0.69,
        "Total Revenue": 123,
        "Gross Profit": 69,
        "Operating Income": 18,
        "EBIT": 22,
        "Net Income": 17
    },
    "2010-07-31": {
        "Diluted EPS": -0.84,
        "Total Revenue": 85,
        "Gross Profit": 44,
        "Operating Income": -2,
        "EBIT": 2,
        "Net Income": -21
    },
    "2010-04-30": {
        "Diluted EPS": -0.5,
        "Total Revenue": 73,
        "Gross Profit": 38,
        "Operating Income": -5,
        "EBIT": -2,
        "Net Income": -12
    },
    "2010-01-31": {
        "Diluted EPS": -0.96,
        "Total Revenue": 76,
        "Gross Profit": 26,
        "Operating Income": -20,
        "EBIT": -16,
        "Net Income": -24
    },
    "2009-10-31": {
        "Diluted EPS": -0.85,
        "Total Revenue": 123,
        "Gross Profit": 57,
        "Operating Income": 6,
        "EBIT": 10,
        "Net Income": -21
    },
    "2009-07-31": {
        "Diluted EPS": -0.01,
        "Total Revenue": 83,
        "Gross Profit": 47,
        "Operating Income": 4,
        "EBIT": 8,
        "Net Income": 0
    },
    "2009-04-30": {
        "Diluted EPS": -0.41,
        "Total Revenue": 68,
        "Gross Profit": 36,
        "Operating Income": -12,
        "EBIT": -8,
        "Net Income": -10
    },
    "2009-01-31": {
        "Diluted EPS": -0.9,
        "Total Revenue": 59,
        "Gross Profit": 29,
        "Operating Income": -7,
        "EBIT": -7,
        "Net Income": -23
    },
    "2023-07-31": {
        "Tax Effect Of Unusual Items": 0.0,
        "Tax Rate For Calcs": 0.260567,
        "Normalized EBITDA": 11185000.0,
        "Net Income From Continuing Operation Net Minority Interest": 8049000.0,
        "Reconciled Depreciation": 2482000.0,
        "Reconciled Cost Of Revenue": 71104000.0,
        "EBITDA": 11185000.0,
        "EBIT": 11185000.0,
        "Net Interest Income": -113000.0,
        "Interest Expense": 113000.0,
        "Normalized Income": 8049000.0,
        "Net Income From Continuing And Discontinued Operation": 8049000.0,
        "Total Expenses": 150742000.0,
        "Total Operating Income As Reported": 9648000.0,
        "Diluted Average Shares": 22616000.0,
        "Basic Average Shares": 22231000.0,
        "Diluted EPS": 0.36,
        "Basic EPS": 0.36,
        "Diluted NI Availto Com Stockholders": 8049000.0,
        "Net Income Common Stockholders": 8049000.0,
        "Net Income": 8049000.0,
        "Minority Interests": -138000.0,
        "Net Income Including Noncontrolling Interests": 8187000.0,
        "Net Income Continuous Operations": 8187000.0,
        "Tax Provision": 2885000.0,
        "Pretax Income": 11072000.0,
        "Other Income Expense": 1537000.0,
        "Other Non Operating Income Expenses": 1537000.0,
        "Net Non Operating Interest Income Expense": -113000.0,
        "Interest Expense Non Operating": 113000.0,
        "Operating Income": 9648000.0,
        "Operating Expense": 79638000.0,
        "Other Operating Expenses": 79638000.0,
        "Selling General And Administration": 79638000.0,
        "Gross Profit": 89286000.0,
        "Cost Of Revenue": 71104000.0,
        "Total Revenue": 160390000.0,
        "Operating Revenue": 160390000.0
    }
}