{
    "2023-03-31": {
        "Tax Effect Of Unusual Items": 1414980.0,
        "Tax Rate For Calcs": 0.21,
        "Normalized EBITDA": 20117000.0,
        "Total Unusual Items": 6738000.0,
        "Total Unusual Items Excluding Goodwill": 6738000.0,
        "Net Income From Continuing Operation Net Minority Interest": 1459000.0,
        "Reconciled Depreciation": 3122000.0,
        "Reconciled Cost Of Revenue": 158576000.0,
        "EBITDA": 26855000.0,
        "EBIT": 23733000.0,
        "Net Interest Income": -11880000.0,
        "Interest Expense": 11880000.0,
        "Normalized Income": -3864020.0,
        "Net Income From Continuing And Discontinued Operation": 1459000.0,
        "Total Expenses": 177732000.0,
        "Total Operating Income As Reported": 23733000.0,
        "Diluted Average Shares": 19603394.0,
        "Basic Average Shares": 19492962.0,
        "Diluted EPS": 0.07,
        "Basic EPS": 0.07,
        "Diluted NI Availto Com Stockholders": 1459000.0,
        "Net Income Common Stockholders": 1459000.0,
        "Net Income": 1459000.0,
        "Net Income Including Noncontrolling Interests": 1459000.0,
        "Net Income Continuous Operations": 1459000.0,
        "Tax Provision": 10394000.0,
        "Pretax Income": 11853000.0,
        "Other Income Expense": 6738000.0,
        "Special Income Charges": NaN,
        "Other Special Charges": NaN,
        "Gain On Sale Of Security": 6738000.0,
        "Net Non Operating Interest Income Expense": -11880000.0,
        "Interest Expense Non Operating": 11880000.0,
        "Operating Income": 16995000.0,
        "Operating Expense": 19156000.0,
        "Research And Development": 1992000.0,
        "Selling General And Administration": 17164000.0,
        "Selling And Marketing Expense": 4487000.0,
        "General And Administrative Expense": 12677000.0,
        "Other Gand A": 12677000.0,
        "Gross Profit": 36151000.0,
        "Cost Of Revenue": 158576000.0,
        "Total Revenue": 194727000.0,
        "Operating Revenue": 194727000.0
    },
    "2022-12-31": {
        "Tax Effect Of Unusual Items": NaN,
        "Tax Rate For Calcs": NaN,
        "Normalized EBITDA": NaN,
        "Total Unusual Items": NaN,
        "Total Unusual Items Excluding Goodwill": NaN,
        "Net Income From Continuing Operation Net Minority Interest": NaN,
        "Reconciled Depreciation": NaN,
        "Reconciled Cost Of Revenue": NaN,
        "EBITDA": NaN,
        "EBIT": NaN,
        "Net Interest Income": NaN,
        "Interest Expense": NaN,
        "Normalized Income": NaN,
        "Net Income From Continuing And Discontinued Operation": NaN,
        "Total Expenses": NaN,
        "Total Operating Income As Reported": NaN,
        "Diluted Average Shares": 19634153.0,
        "Basic Average Shares": 19474871.0,
        "Diluted EPS": 0.05,
        "Basic EPS": 0.05,
        "Diluted NI Availto Com Stockholders": NaN,
        "Net Income Common Stockholders": NaN,
        "Net Income": NaN,
        "Net Income Including Noncontrolling Interests": NaN,
        "Net Income Continuous Operations": NaN,
        "Tax Provision": NaN,
        "Pretax Income": NaN,
        "Other Income Expense": NaN,
        "Special Income Charges": 0.0,
        "Other Special Charges": NaN,
        "Gain On Sale Of Security": NaN,
        "Net Non Operating Interest Income Expense": NaN,
        "Interest Expense Non Operating": NaN,
        "Operating Income": NaN,
        "Operating Expense": NaN,
        "Research And Development": NaN,
        "Selling General And Administration": NaN,
        "Selling And Marketing Expense": NaN,
        "General And Administrative Expense": NaN,
        "Other Gand A": NaN,
        "Gross Profit": NaN,
        "Cost Of Revenue": NaN,
        "Total Revenue": NaN,
        "Operating Revenue": NaN
    },
    "2022-09-30": {
        "Tax Effect Of Unusual Items": NaN,
        "Tax Rate For Calcs": NaN,
        "Normalized EBITDA": NaN,
        "Total Unusual Items": NaN,
        "Total Unusual Items Excluding Goodwill": NaN,
        "Net Income From Continuing Operation Net Minority Interest": NaN,
        "Reconciled Depreciation": NaN,
        "Reconciled Cost Of Revenue": NaN,
        "EBITDA": NaN,
        "EBIT": NaN,
        "Net Interest Income": NaN,
        "Interest Expense": NaN,
        "Normalized Income": NaN,
        "Net Income From Continuing And Discontinued Operation": NaN,
        "Total Expenses": NaN,
        "Total Operating Income As Reported": NaN,
        "Diluted Average Shares": NaN,
        "Basic Average Shares": NaN,
        "Diluted EPS": NaN,
        "Basic EPS": NaN,
        "Diluted NI Availto Com Stockholders": NaN,
        "Net Income Common Stockholders": NaN,
        "Net Income": NaN,
        "Net Income Including Noncontrolling Interests": NaN,
        "Net Income Continuous Operations": NaN,
        "Tax Provision": NaN,
        "Pretax Income": NaN,
        "Other Income Expense": NaN,
        "Special Income Charges": 0.0,
        "Other Special Charges": NaN,
        "Gain On Sale Of Security": NaN,
        "Net Non Operating Interest Income Expense": NaN,
        "Interest Expense Non Operating": NaN,
        "Operating Income": NaN,
        "Operating Expense": NaN,
        "Research And Development": NaN,
        "Selling General And Administration": NaN,
        "Selling And Marketing Expense": NaN,
        "General And Administrative Expense": NaN,
        "Other Gand A": NaN,
        "Gross Profit": NaN,
        "Cost Of Revenue": NaN,
        "Total Revenue": NaN,
        "Operating Revenue": NaN
    },
    "2022-06-30": {
        "Tax Effect Of Unusual Items": -271200.0,
        "Tax Rate For Calcs": 0.4,
        "Normalized EBITDA": 11137000.0,
        "Total Unusual Items": -678000.0,
        "Total Unusual Items Excluding Goodwill": -678000.0,
        "Net Income From Continuing Operation Net Minority Interest": -175000.0,
        "Reconciled Depreciation": 3124000.0,
        "Reconciled Cost Of Revenue": 133683000.0,
        "EBITDA": 10459000.0,
        "EBIT": 7335000.0,
        "Net Interest Income": -6921000.0,
        "Interest Expense": 6921000.0,
        "Normalized Income": 231800.0,
        "Net Income From Continuing And Discontinued Operation": -175000.0,
        "Total Expenses": 155972000.0,
        "Total Operating Income As Reported": 7335000.0,
        "Diluted Average Shares": 19123354.0,
        "Basic Average Shares": 19123354.0,
        "Diluted EPS": -0.01,
        "Basic EPS": -0.01,
        "Diluted NI Availto Com Stockholders": -175000.0,
        "Net Income Common Stockholders": -175000.0,
        "Net Income": -175000.0,
        "Net Income Including Noncontrolling Interests": -175000.0,
        "Net Income Continuous Operations": -175000.0,
        "Tax Provision": 589000.0,
        "Pretax Income": 414000.0,
        "Other Income Expense": -678000.0,
        "Gain On Sale Of Security": -678000.0,
        "Net Non Operating Interest Income Expense": -6921000.0,
        "Interest Expense Non Operating": 6921000.0,
        "Operating Income": 8013000.0,
        "Operating Expense": 22289000.0,
        "Research And Development": 3113000.0,
        "Selling General And Administration": 19176000.0,
        "Selling And Marketing Expense": 5542000.0,
        "General And Administrative Expense": 13634000.0,
        "Other Gand A": 13634000.0,
        "Gross Profit": 30302000.0,
        "Cost Of Revenue": 133683000.0,
        "Total Revenue": 163985000.0,
        "Operating Revenue": 163985000.0
    },
    "2022-03-31": {
        "Diluted EPS": -0.01,
        "Total Revenue": 164,
        "Gross Profit": 26,
        "Operating Income": 5,
        "EBIT": 11,
        "Net Income": 0
    },
    "2021-12-31": {
        "Diluted EPS": 0.16,
        "Total Revenue": 162,
        "Gross Profit": 33,
        "Operating Income": 9,
        "EBIT": 15,
        "Net Income": 3
    },
    "2021-09-30": {
        "Diluted EPS": 0.19,
        "Total Revenue": 176,
        "Gross Profit": 36,
        "Operating Income": 10,
        "EBIT": 16,
        "Net Income": 4
    },
    "2021-06-30": {
        "Diluted EPS": 0.04,
        "Total Revenue": 149,
        "Gross Profit": 24,
        "Operating Income": 6,
        "EBIT": 12,
        "Net Income": 1
    },
    "2021-03-31": {
        "Diluted EPS": 0.05,
        "Total Revenue": 168,
        "Gross Profit": 32,
        "Operating Income": 5,
        "EBIT": 12,
        "Net Income": 1
    },
    "2020-12-31": {
        "Diluted EPS": 0.44,
        "Total Revenue": 123,
        "Gross Profit": 24,
        "Operating Income": 16,
        "EBIT": 21,
        "Net Income": 8
    },
    "2020-09-30": {
        "Diluted EPS": 0.78,
        "Total Revenue": 155,
        "Gross Profit": 40,
        "Operating Income": 25,
        "EBIT": 30,
        "Net Income": 15
    },
    "2020-06-30": {
        "Diluted EPS": -0.16,
        "Total Revenue": 95,
        "Gross Profit": 13,
        "Operating Income": 0,
        "EBIT": 4,
        "Net Income": -3
    },
    "2020-03-31": {
        "Diluted EPS": -0.42,
        "Total Revenue": 151,
        "Gross Profit": 37,
        "Operating Income": -5,
        "EBIT": -2,
        "Net Income": -8
    },
    "2019-12-31": {
        "Diluted EPS": 0.04,
        "Total Revenue": 126,
        "Gross Profit": 28,
        "Operating Income": 9,
        "EBIT": 13,
        "Net Income": 1
    },
    "2019-09-30": {
        "Diluted EPS": 0.32,
        "Total Revenue": 150,
        "Gross Profit": 37,
        "Operating Income": 15,
        "EBIT": 19,
        "Net Income": 6
    },
    "2019-06-30": {
        "Diluted EPS": -0.33,
        "Total Revenue": 109,
        "Gross Profit": 18,
        "Operating Income": -2,
        "EBIT": 2,
        "Net Income": -6
    },
    "2019-03-31": {
        "Diluted EPS": -0.15,
        "Total Revenue": 129,
        "Gross Profit": 26,
        "Operating Income": 5,
        "EBIT": 13,
        "Net Income": -3
    },
    "2018-12-31": {
        "Diluted EPS": -0.16,
        "Total Revenue": 124,
        "Gross Profit": 21,
        "Operating Income": 2,
        "EBIT": 3,
        "Net Income": -3
    },
    "2018-09-30": {
        "Diluted EPS": 0.18,
        "Total Revenue": 128,
        "Gross Profit": 26,
        "Operating Income": 10,
        "EBIT": 12,
        "Net Income": 4
    },
    "2018-06-30": {
        "Diluted EPS": -0.29,
        "Total Revenue": 92,
        "Gross Profit": 16,
        "Operating Income": -2,
        "EBIT": 0,
        "Net Income": -5
    },
    "2018-03-31": {
        "Diluted EPS": 0.41,
        "Total Revenue": 119,
        "Gross Profit": 28,
        "Operating Income": 14,
        "EBIT": 19,
        "Net Income": 8
    },
    "2017-12-31": {
        "Diluted EPS": -0.13,
        "Total Revenue": 103,
        "Gross Profit": 26,
        "Operating Income": 8,
        "EBIT": 10,
        "Net Income": -3
    },
    "2017-09-30": {
        "Diluted EPS": 0.29,
        "Total Revenue": 110,
        "Gross Profit": 26,
        "Operating Income": 13,
        "EBIT": 14,
        "Net Income": 6
    },
    "2017-06-30": {
        "Diluted EPS": 0.42,
        "Total Revenue": 96,
        "Gross Profit": 27,
        "Operating Income": 16,
        "EBIT": 17,
        "Net Income": 8
    },
    "2017-03-31": {
        "Diluted EPS": 0.56,
        "Total Revenue": 115,
        "Gross Profit": 33,
        "Operating Income": 19,
        "EBIT": 24,
        "Net Income": 11
    },
    "2016-12-31": {
        "Diluted EPS": 0.57,
        "Total Revenue": 113,
        "Gross Profit": 32,
        "Operating Income": 20,
        "EBIT": 21,
        "Net Income": 11
    },
    "2016-09-30": {
        "Diluted EPS": 0.47,
        "Total Revenue": 109,
        "Gross Profit": 31,
        "Operating Income": 17,
        "EBIT": 18,
        "Net Income": 9
    },
    "2016-06-30": {
        "Diluted EPS": 0.39,
        "Total Revenue": 85,
        "Gross Profit": 20,
        "Operating Income": 13,
        "EBIT": 14,
        "Net Income": 8
    },
    "2016-03-31": {
        "Diluted EPS": 0.12,
        "Total Revenue": 97,
        "Gross Profit": 24,
        "Operating Income": 10,
        "EBIT": 11,
        "Net Income": 2
    },
    "2015-12-31": {
        "Diluted EPS": 0.41,
        "Total Revenue": 94,
        "Gross Profit": 29,
        "Operating Income": 17,
        "EBIT": 18,
        "Net Income": 8
    },
    "2015-09-30": {
        "Diluted EPS": -0.08,
        "Total Revenue": 92,
        "Gross Profit": 22,
        "Operating Income": 0,
        "EBIT": 1,
        "Net Income": -1
    },
    "2015-06-30": {
        "Diluted EPS": 0.1,
        "Total Revenue": 86,
        "Gross Profit": 26,
        "Operating Income": 12,
        "EBIT": 13,
        "Net Income": 2
    },
    "2015-03-31": {
        "Diluted EPS": 0.15,
        "Total Revenue": 84,
        "Gross Profit": 21,
        "Operating Income": 8,
        "EBIT": 9,
        "Net Income": 3
    },
    "2014-12-31": {
        "Diluted EPS": 0.16,
        "Total Revenue": 84,
        "Gross Profit": 24,
        "Operating Income": 9,
        "EBIT": 10,
        "Net Income": 3
    },
    "2014-09-30": {
        "Diluted EPS": 0.09,
        "Total Revenue": 71,
        "Gross Profit": 18,
        "Operating Income": 6,
        "EBIT": 7,
        "Net Income": 1
    },
    "2014-06-30": {
        "Diluted EPS": 0.25,
        "Total Revenue": 63,
        "Gross Profit": 18,
        "Operating Income": 10,
        "EBIT": 11,
        "Net Income": 4
    },
    "2014-03-31": {
        "Diluted EPS": -0.12,
        "Total Revenue": 77,
        "Gross Profit": 24,
        "Operating Income": 10,
        "EBIT": 11,
        "Net Income": 3
    },
    "2013-12-31": {
        "Diluted EPS": 0.07,
        "Total Revenue": 66,
        "Gross Profit": 22,
        "Operating Income": 10,
        "EBIT": 14,
        "Net Income": 1
    },
    "2013-09-30": {
        "Diluted EPS": 0.15,
        "Total Revenue": 66,
        "Gross Profit": 20,
        "Operating Income": 8,
        "EBIT": 10,
        "Net Income": 2
    },
    "2013-06-30": {
        "Diluted EPS": 6.91,
        "Total Revenue": 50,
        "Gross Profit": 16,
        "Operating Income": 4,
        "EBIT": 5,
        "Net Income": 101
    },
    "2013-03-31": {
        "Diluted EPS": -5.09,
        "Total Revenue": 89,
        "Gross Profit": 3,
        "Operating Income": -94,
        "EBIT": -93,
        "Net Income": -74
    },
    "2012-12-31": {
        "Diluted EPS": 0.06,
        "Total Revenue": 51,
        "Gross Profit": 16,
        "Operating Income": 5,
        "EBIT": 6,
        "Net Income": 1
    },
    "2012-09-30": {
        "Diluted EPS": -0.62,
        "Total Revenue": 58,
        "Gross Profit": 20,
        "Operating Income": 14,
        "EBIT": 15,
        "Net Income": -9
    },
    "2012-06-30": {
        "Diluted EPS": -0.7,
        "Total Revenue": 47,
        "Gross Profit": 15,
        "Operating Income": 7,
        "EBIT": 8,
        "Net Income": -10
    },
    "2012-03-31": {
        "Diluted EPS": -1.03,
        "Total Revenue": 101,
        "Gross Profit": 7,
        "Operating Income": -6,
        "EBIT": -13,
        "Net Income": -13
    },
    "2011-12-31": {
        "Diluted EPS": -1.74,
        "Total Revenue": 84,
        "Gross Profit": -2,
        "Operating Income": -17,
        "EBIT": -15,
        "Net Income": -22
    },
    "2011-09-30": {
        "Diluted EPS": -0.44,
        "Total Revenue": 108,
        "Gross Profit": 15,
        "Operating Income": 0,
        "EBIT": 3,
        "Net Income": -5
    },
    "2011-06-30": {
        "Diluted EPS": -0.68,
        "Total Revenue": 71,
        "Gross Profit": 7,
        "Operating Income": -5,
        "EBIT": 2,
        "Net Income": -8
    },
    "2011-03-31": {
        "Diluted EPS": 0.19,
        "Total Revenue": 43,
        "Gross Profit": 14,
        "Operating Income": 6,
        "EBIT": 7,
        "Net Income": 2
    },
    "2010-12-31": {
        "Diluted EPS": 0.3,
        "Total Revenue": 41,
        "Gross Profit": 13,
        "Operating Income": 7,
        "EBIT": 8,
        "Net Income": 4
    },
    "2010-09-30": {
        "Diluted EPS": 0.29,
        "Total Revenue": 41,
        "Gross Profit": 13,
        "Operating Income": 8,
        "EBIT": 8,
        "Net Income": 4
    },
    "2010-06-30": {
        "Diluted EPS": 0.21,
        "Total Revenue": 36,
        "Gross Profit": 12,
        "Operating Income": 5,
        "EBIT": 6,
        "Net Income": 3
    },
    "2010-03-31": {
        "Diluted EPS": 0.24,
        "Total Revenue": 39,
        "Gross Profit": 12,
        "Operating Income": 5,
        "EBIT": 6,
        "Net Income": 3
    },
    "2009-12-31": {
        "Diluted EPS": 0.18,
        "Total Revenue": 36,
        "Gross Profit": 11,
        "Operating Income": 5,
        "EBIT": 6,
        "Net Income": 2
    },
    "2009-09-30": {
        "Diluted EPS": 0.28,
        "Total Revenue": 39,
        "Gross Profit": 11,
        "Operating Income": 5,
        "EBIT": 6,
        "Net Income": 3
    },
    "2009-06-30": {
        "Diluted EPS": 0.1,
        "Total Revenue": 33,
        "Gross Profit": 7,
        "Operating Income": 3,
        "EBIT": 4,
        "Net Income": 1
    },
    "2009-03-31": {
        "Diluted EPS": -0.09,
        "Total Revenue": 30,
        "Gross Profit": 6,
        "Operating Income": -1,
        "EBIT": 0,
        "Net Income": -1
    },
    "2023-06-30": {
        "Tax Effect Of Unusual Items": 24780.0,
        "Tax Rate For Calcs": 0.006,
        "Normalized EBITDA": 9204000.0,
        "Total Unusual Items": 4130000.0,
        "Total Unusual Items Excluding Goodwill": 4130000.0,
        "Net Income From Continuing Operation Net Minority Interest": -1410000.0,
        "Reconciled Depreciation": 3033000.0,
        "Reconciled Cost Of Revenue": 133138000.0,
        "EBITDA": 13334000.0,
        "EBIT": 10301000.0,
        "Net Interest Income": -11720000.0,
        "Interest Expense": 11720000.0,
        "Normalized Income": -5515220.0,
        "Net Income From Continuing And Discontinued Operation": -1410000.0,
        "Total Expenses": 153534000.0,
        "Total Operating Income As Reported": 10441000.0,
        "Diluted Average Shares": 19508626.0,
        "Basic Average Shares": 19508626.0,
        "Diluted EPS": -0.07,
        "Basic EPS": -0.07,
        "Diluted NI Availto Com Stockholders": -1410000.0,
        "Net Income Common Stockholders": -1410000.0,
        "Net Income": -1410000.0,
        "Net Income Including Noncontrolling Interests": -1410000.0,
        "Net Income Continuous Operations": -1410000.0,
        "Tax Provision": -9000.0,
        "Pretax Income": -1419000.0,
        "Other Income Expense": 4130000.0,
        "Special Income Charges": NaN,
        "Other Special Charges": NaN,
        "Gain On Sale Of Security": 4130000.0,
        "Net Non Operating Interest Income Expense": -11720000.0,
        "Interest Expense Non Operating": 11720000.0,
        "Operating Income": 6171000.0,
        "Operating Expense": 20396000.0,
        "Research And Development": 2375000.0,
        "Selling General And Administration": 18021000.0,
        "Selling And Marketing Expense": 5419000.0,
        "General And Administrative Expense": 12602000.0,
        "Other Gand A": 12602000.0,
        "Gross Profit": 26567000.0,
        "Cost Of Revenue": 133138000.0,
        "Total Revenue": 159705000.0,
        "Operating Revenue": 159705000.0
    },
    "2023-09-30": {
        "Tax Effect Of Unusual Items": -122314.0,
        "Tax Rate For Calcs": 0.023,
        "Normalized EBITDA": 21630000.0,
        "Total Unusual Items": -5318000.0,
        "Total Unusual Items Excluding Goodwill": -5318000.0,
        "Net Income From Continuing Operation Net Minority Interest": -1958000.0,
        "Reconciled Depreciation": 2933000.0,
        "Reconciled Cost Of Revenue": 155491000.0,
        "EBITDA": 16312000.0,
        "EBIT": 13379000.0,
        "Net Interest Income": -15383000.0,
        "Interest Expense": 15383000.0,
        "Normalized Income": 3237686.0,
        "Net Income From Continuing And Discontinued Operation": -1958000.0,
        "Total Expenses": 177942000.0,
        "Total Operating Income As Reported": 13937000.0,
        "Diluted Average Shares": 19599162.0,
        "Basic Average Shares": 19599162.0,
        "Diluted EPS": -0.1,
        "Basic EPS": -0.1,
        "Diluted NI Availto Com Stockholders": -1958000.0,
        "Net Income Common Stockholders": -1958000.0,
        "Net Income": -1958000.0,
        "Net Income Including Noncontrolling Interests": -1958000.0,
        "Net Income Continuous Operations": -1958000.0,
        "Tax Provision": -46000.0,
        "Pretax Income": -2004000.0,
        "Other Income Expense": -5318000.0,
        "Special Income Charges": -168000.0,
        "Other Special Charges": 168000.0,
        "Gain On Sale Of Security": -5150000.0,
        "Net Non Operating Interest Income Expense": -15383000.0,
        "Interest Expense Non Operating": 15383000.0,
        "Operating Income": 18697000.0,
        "Operating Expense": 22451000.0,
        "Research And Development": 2438000.0,
        "Selling General And Administration": 20013000.0,
        "Selling And Marketing Expense": 5688000.0,
        "General And Administrative Expense": 14325000.0,
        "Other Gand A": 14325000.0,
        "Gross Profit": 41148000.0,
        "Cost Of Revenue": 155491000.0,
        "Total Revenue": 196639000.0,
        "Operating Revenue": 196639000.0
    },
    "2023-12-31": {
        "Tax Effect Of Unusual Items": 417690.0,
        "Tax Rate For Calcs": 0.21,
        "Normalized EBITDA": 9253000.0,
        "Total Unusual Items": 1989000.0,
        "Total Unusual Items Excluding Goodwill": 1989000.0,
        "Net Income From Continuing Operation Net Minority Interest": -47214000.0,
        "Reconciled Depreciation": 2878000.0,
        "Reconciled Cost Of Revenue": 141819000.0,
        "EBITDA": 11242000.0,
        "EBIT": 8364000.0,
        "Net Interest Income": -18297000.0,
        "Interest Expense": 18297000.0,
        "Normalized Income": -48785310.0,
        "Net Income From Continuing And Discontinued Operation": -47214000.0,
        "Total Expenses": 165487000.0,
        "Total Operating Income As Reported": 9524000.0,
        "Diluted Average Shares": 19634306.0,
        "Basic Average Shares": 19634306.0,
        "Diluted EPS": -2.4,
        "Basic EPS": -2.4,
        "Diluted NI Availto Com Stockholders": -47214000.0,
        "Net Income Common Stockholders": -47214000.0,
        "Net Income": -47214000.0,
        "Net Income Including Noncontrolling Interests": -47214000.0,
        "Net Income Continuous Operations": -47214000.0,
        "Tax Provision": 37281000.0,
        "Pretax Income": -9933000.0,
        "Other Income Expense": 1989000.0,
        "Special Income Charges": 0.0,
        "Other Special Charges": NaN,
        "Gain On Sale Of Security": 1989000.0,
        "Net Non Operating Interest Income Expense": -18297000.0,
        "Interest Expense Non Operating": 18297000.0,
        "Operating Income": 6375000.0,
        "Operating Expense": 23668000.0,
        "Research And Development": 2539000.0,
        "Selling General And Administration": 21129000.0,
        "Selling And Marketing Expense": 5931000.0,
        "General And Administrative Expense": 15198000.0,
        "Other Gand A": 15198000.0,
        "Gross Profit": 30043000.0,
        "Cost Of Revenue": 141819000.0,
        "Total Revenue": 171862000.0,
        "Operating Revenue": 171862000.0
    },
    "2024-03-31": {
        "Tax Effect Of Unusual Items": 811650.0,
        "Tax Rate For Calcs": 0.21,
        "Normalized EBITDA": 13838000.0,
        "Total Unusual Items": 3865000.0,
        "Total Unusual Items Excluding Goodwill": 3865000.0,
        "Net Income From Continuing Operation Net Minority Interest": 1338000.0,
        "Reconciled Depreciation": 2775000.0,
        "Reconciled Cost Of Revenue": 154685000.0,
        "EBITDA": 17703000.0,
        "EBIT": 14928000.0,
        "Net Interest Income": -14640000.0,
        "Interest Expense": 14640000.0,
        "Normalized Income": -1715350.0,
        "Net Income From Continuing And Discontinued Operation": 1338000.0,
        "Total Expenses": 178415000.0,
        "Total Operating Income As Reported": 12218000.0,
        "Diluted Average Shares": NaN,
        "Basic Average Shares": NaN,
        "Diluted EPS": NaN,
        "Basic EPS": NaN,
        "Diluted NI Availto Com Stockholders": 1338000.0,
        "Net Income Common Stockholders": 1338000.0,
        "Net Income": 1338000.0,
        "Net Income Including Noncontrolling Interests": 1338000.0,
        "Net Income Continuous Operations": 1338000.0,
        "Tax Provision": -1050000.0,
        "Pretax Income": 288000.0,
        "Other Income Expense": 3865000.0,
        "Special Income Charges": 0.0,
        "Other Special Charges": 0.0,
        "Gain On Sale Of Security": 3865000.0,
        "Net Non Operating Interest Income Expense": -14640000.0,
        "Interest Expense Non Operating": 14640000.0,
        "Operating Income": 11063000.0,
        "Operating Expense": 23730000.0,
        "Research And Development": 2643000.0,
        "Selling General And Administration": 21087000.0,
        "Selling And Marketing Expense": 5443000.0,
        "General And Administrative Expense": 15644000.0,
        "Other Gand A": 15644000.0,
        "Gross Profit": 34793000.0,
        "Cost Of Revenue": 154685000.0,
        "Total Revenue": 189478000.0,
        "Operating Revenue": 189478000.0
    }
}