{
    "2023-06-30": {
        "Tax Effect Of Unusual Items": -223012.454801,
        "Tax Rate For Calcs": 0.028526,
        "Total Unusual Items": -7818000.0,
        "Total Unusual Items Excluding Goodwill": -7818000.0,
        "Net Income From Continuing Operation Net Minority Interest": 4836000.0,
        "Reconciled Depreciation": 2725000.0,
        "Net Interest Income": 36444000.0,
        "Interest Expense": 20135000.0,
        "Interest Income": 56579000.0,
        "Normalized Income": 12430987.545199,
        "Net Income From Continuing And Discontinued Operation": 4836000.0,
        "Diluted Average Shares": 16255278.0,
        "Basic Average Shares": 16233473.0,
        "Diluted EPS": 0.29,
        "Basic EPS": 0.29,
        "Diluted NI Availto Com Stockholders": 4836000.0,
        "Net Income Common Stockholders": 4836000.0,
        "Net Income": 4836000.0,
        "Net Income Including Noncontrolling Interests": 4836000.0,
        "Net Income Continuous Operations": 4836000.0,
        "Tax Provision": 142000.0,
        "Pretax Income": 4978000.0,
        "Special Income Charges": -7944000.0,
        "Restructuring And Mergern Acquisition": 7944000.0,
        "Gain On Sale Of Security": 128000.0,
        "Depreciation Amortization Depletion Income Statement": 461000.0,
        "Depreciation And Amortization In Income Statement": 461000.0,
        "Amortization": 461000.0,
        "Amortization Of Intangibles Income Statement": 461000.0,
        "Selling General And Administration": 15711000.0,
        "General And Administrative Expense": 15711000.0,
        "Other Gand A": 2070000.0,
        "Insurance And Claims": 684000.0,
        "Salaries And Wages": 15027000.0,
        "Total Revenue": 41258000.0,
        "Operating Revenue": 41258000.0,
        "Occupancy And Equipment": 2998000.0,
        "Professional Expense And Contract Services Expense": 602000.0,
        "Other Non Interest Expense": 7006000.0
    },
    "2023-03-31": {
        "Tax Effect Of Unusual Items": NaN,
        "Tax Rate For Calcs": NaN,
        "Total Unusual Items": NaN,
        "Total Unusual Items Excluding Goodwill": NaN,
        "Net Income From Continuing Operation Net Minority Interest": NaN,
        "Reconciled Depreciation": NaN,
        "Net Interest Income": NaN,
        "Interest Expense": NaN,
        "Interest Income": NaN,
        "Normalized Income": NaN,
        "Net Income From Continuing And Discontinued Operation": NaN,
        "Diluted Average Shares": NaN,
        "Basic Average Shares": NaN,
        "Diluted EPS": NaN,
        "Basic EPS": NaN,
        "Diluted NI Availto Com Stockholders": NaN,
        "Net Income Common Stockholders": NaN,
        "Net Income": NaN,
        "Net Income Including Noncontrolling Interests": NaN,
        "Net Income Continuous Operations": NaN,
        "Tax Provision": NaN,
        "Pretax Income": NaN,
        "Special Income Charges": NaN,
        "Restructuring And Mergern Acquisition": NaN,
        "Gain On Sale Of Security": NaN,
        "Depreciation Amortization Depletion Income Statement": NaN,
        "Depreciation And Amortization In Income Statement": NaN,
        "Amortization": NaN,
        "Amortization Of Intangibles Income Statement": NaN,
        "Selling General And Administration": NaN,
        "General And Administrative Expense": NaN,
        "Other Gand A": 1946000.0,
        "Insurance And Claims": NaN,
        "Salaries And Wages": NaN,
        "Total Revenue": NaN,
        "Operating Revenue": NaN,
        "Occupancy And Equipment": NaN,
        "Professional Expense And Contract Services Expense": NaN,
        "Other Non Interest Expense": NaN
    },
    "2022-12-31": {
        "Tax Effect Of Unusual Items": NaN,
        "Tax Rate For Calcs": NaN,
        "Total Unusual Items": NaN,
        "Total Unusual Items Excluding Goodwill": NaN,
        "Net Income From Continuing Operation Net Minority Interest": NaN,
        "Reconciled Depreciation": NaN,
        "Net Interest Income": NaN,
        "Interest Expense": NaN,
        "Interest Income": NaN,
        "Normalized Income": NaN,
        "Net Income From Continuing And Discontinued Operation": NaN,
        "Diluted Average Shares": NaN,
        "Basic Average Shares": NaN,
        "Diluted EPS": NaN,
        "Basic EPS": NaN,
        "Diluted NI Availto Com Stockholders": NaN,
        "Net Income Common Stockholders": NaN,
        "Net Income": NaN,
        "Net Income Including Noncontrolling Interests": NaN,
        "Net Income Continuous Operations": NaN,
        "Tax Provision": NaN,
        "Pretax Income": NaN,
        "Special Income Charges": NaN,
        "Other Special Charges": 843000.0,
        "Restructuring And Mergern Acquisition": NaN,
        "Gain On Sale Of Security": NaN,
        "Depreciation Amortization Depletion Income Statement": NaN,
        "Depreciation And Amortization In Income Statement": NaN,
        "Amortization": NaN,
        "Amortization Of Intangibles Income Statement": NaN,
        "Selling General And Administration": NaN,
        "General And Administrative Expense": NaN,
        "Other Gand A": NaN,
        "Insurance And Claims": NaN,
        "Salaries And Wages": NaN,
        "Total Revenue": NaN,
        "Operating Revenue": NaN,
        "Occupancy And Equipment": NaN,
        "Professional Expense And Contract Services Expense": NaN,
        "Other Non Interest Expense": NaN
    },
    "2022-09-30": {
        "Tax Effect Of Unusual Items": NaN,
        "Tax Rate For Calcs": NaN,
        "Total Unusual Items": NaN,
        "Total Unusual Items Excluding Goodwill": NaN,
        "Net Income From Continuing Operation Net Minority Interest": NaN,
        "Reconciled Depreciation": NaN,
        "Net Interest Income": NaN,
        "Interest Expense": NaN,
        "Interest Income": NaN,
        "Normalized Income": NaN,
        "Net Income From Continuing And Discontinued Operation": NaN,
        "Diluted Average Shares": NaN,
        "Basic Average Shares": NaN,
        "Diluted EPS": NaN,
        "Basic EPS": NaN,
        "Diluted NI Availto Com Stockholders": NaN,
        "Net Income Common Stockholders": NaN,
        "Net Income": NaN,
        "Net Income Including Noncontrolling Interests": NaN,
        "Net Income Continuous Operations": NaN,
        "Tax Provision": NaN,
        "Pretax Income": NaN,
        "Special Income Charges": NaN,
        "Other Special Charges": NaN,
        "Restructuring And Mergern Acquisition": NaN,
        "Gain On Sale Of Security": NaN,
        "Depreciation Amortization Depletion Income Statement": NaN,
        "Depreciation And Amortization In Income Statement": NaN,
        "Amortization": NaN,
        "Amortization Of Intangibles Income Statement": NaN,
        "Selling General And Administration": NaN,
        "General And Administrative Expense": NaN,
        "Other Gand A": 1804000.0,
        "Insurance And Claims": NaN,
        "Salaries And Wages": NaN,
        "Total Revenue": NaN,
        "Operating Revenue": NaN
    },
    "2022-06-30": {
        "Tax Effect Of Unusual Items": -20350.0,
        "Tax Rate For Calcs": 0.185,
        "Total Unusual Items": -110000.0,
        "Total Unusual Items Excluding Goodwill": -110000.0,
        "Net Income From Continuing Operation Net Minority Interest": 12252000.0,
        "Reconciled Depreciation": 521000.0,
        "Net Interest Income": 35433000.0,
        "Interest Expense": 2787000.0,
        "Interest Income": 38220000.0,
        "Normalized Income": 12341650.0,
        "Net Income From Continuing And Discontinued Operation": 12252000.0,
        "Diluted Average Shares": 15948485.0,
        "Basic Average Shares": 15934083.0,
        "Diluted EPS": 0.77,
        "Basic EPS": 0.77,
        "Diluted NI Availto Com Stockholders": 12252000.0,
        "Net Income Common Stockholders": 12252000.0,
        "Net Income": 12252000.0,
        "Net Income Including Noncontrolling Interests": 12252000.0,
        "Net Income Continuous Operations": 12252000.0,
        "Tax Provision": 2771000.0,
        "Pretax Income": 15023000.0,
        "Special Income Charges": -125000.0,
        "Other Special Charges": 125000.0,
        "Restructuring And Mergern Acquisition": 0.0,
        "Gain On Sale Of Security": 0.0,
        "Depreciation Amortization Depletion Income Statement": 521000.0,
        "Depreciation And Amortization In Income Statement": 521000.0,
        "Amortization": 521000.0,
        "Amortization Of Intangibles Income Statement": 521000.0,
        "Selling General And Administration": 14667000.0,
        "General And Administrative Expense": 14667000.0,
        "Other Gand A": 1821000.0,
        "Insurance And Claims": 506000.0,
        "Salaries And Wages": 12340000.0,
        "Total Revenue": 40645000.0,
        "Operating Revenue": 40645000.0
    },
    "2022-03-31": {
        "Diluted EPS": 0.71,
        "Total Revenue": 43,
        "Gross Profit": 40,
        "Operating Income": 14,
        "EBIT": NaN,
        "Net Income": 11
    },
    "2021-12-31": {
        "Diluted EPS": -0.18,
        "Total Revenue": 38,
        "Gross Profit": 35,
        "Operating Income": 2,
        "EBIT": NaN,
        "Net Income": 1
    },
    "2021-09-30": {
        "Diluted EPS": 0.86,
        "Total Revenue": 36,
        "Gross Profit": 33,
        "Operating Income": 12,
        "EBIT": NaN,
        "Net Income": 10
    },
    "2021-06-30": {
        "Diluted EPS": 0.93,
        "Total Revenue": 36,
        "Gross Profit": 33,
        "Operating Income": 12,
        "EBIT": NaN,
        "Net Income": 10
    },
    "2021-03-31": {
        "Diluted EPS": 1.1,
        "Total Revenue": 34,
        "Gross Profit": 30,
        "Operating Income": 12,
        "EBIT": NaN,
        "Net Income": 9
    },
    "2020-12-31": {
        "Diluted EPS": 1.06,
        "Total Revenue": 38,
        "Gross Profit": 34,
        "Operating Income": 13,
        "EBIT": NaN,
        "Net Income": 9
    },
    "2020-09-30": {
        "Diluted EPS": 0.78,
        "Total Revenue": 31,
        "Gross Profit": 27,
        "Operating Income": 7,
        "EBIT": NaN,
        "Net Income": 7
    },
    "2020-06-30": {
        "Diluted EPS": 0.81,
        "Total Revenue": 30,
        "Gross Profit": 25,
        "Operating Income": 9,
        "EBIT": NaN,
        "Net Income": 7
    },
    "2020-03-31": {
        "Diluted EPS": 0.45,
        "Total Revenue": 27,
        "Gross Profit": 21,
        "Operating Income": 4,
        "EBIT": NaN,
        "Net Income": 4
    },
    "2019-12-31": {
        "Diluted EPS": 0.52,
        "Total Revenue": 29,
        "Gross Profit": 22,
        "Operating Income": 5,
        "EBIT": NaN,
        "Net Income": 4
    },
    "2019-09-30": {
        "Diluted EPS": 0.57,
        "Total Revenue": 28,
        "Gross Profit": 21,
        "Operating Income": 5,
        "EBIT": NaN,
        "Net Income": 5
    },
    "2019-06-30": {
        "Diluted EPS": 0.52,
        "Total Revenue": 27,
        "Gross Profit": 21,
        "Operating Income": 6,
        "EBIT": NaN,
        "Net Income": 4
    },
    "2019-03-31": {
        "Diluted EPS": 0.48,
        "Total Revenue": 25,
        "Gross Profit": 19,
        "Operating Income": 5,
        "EBIT": NaN,
        "Net Income": 4
    },
    "2018-12-31": {
        "Diluted EPS": 0.58,
        "Total Revenue": 24,
        "Gross Profit": 19,
        "Operating Income": 5,
        "EBIT": NaN,
        "Net Income": 5
    },
    "2018-09-30": {
        "Diluted EPS": 0.28,
        "Total Revenue": 22,
        "Gross Profit": 18,
        "Operating Income": 6,
        "EBIT": NaN,
        "Net Income": 2
    },
    "2018-06-30": {
        "Diluted EPS": 0.45,
        "Total Revenue": 16,
        "Gross Profit": 13,
        "Operating Income": 3,
        "EBIT": NaN,
        "Net Income": 3
    },
    "2018-03-31": {
        "Diluted EPS": 0.17,
        "Total Revenue": 15,
        "Gross Profit": 13,
        "Operating Income": 3,
        "EBIT": NaN,
        "Net Income": 1
    },
    "2017-12-31": {
        "Diluted EPS": 0.12,
        "Total Revenue": 13,
        "Gross Profit": 11,
        "Operating Income": 3,
        "EBIT": NaN,
        "Net Income": 1
    },
    "2017-09-30": {
        "Diluted EPS": 0.53,
        "Total Revenue": 13,
        "Gross Profit": 11,
        "Operating Income": 3,
        "EBIT": NaN,
        "Net Income": 2
    },
    "2017-06-30": {
        "Diluted EPS": 0.55,
        "Total Revenue": 12,
        "Gross Profit": 11,
        "Operating Income": 3,
        "EBIT": NaN,
        "Net Income": 2
    },
    "2017-03-31": {
        "Diluted EPS": 0.47,
        "Total Revenue": 12,
        "Gross Profit": 11,
        "Operating Income": 3,
        "EBIT": NaN,
        "Net Income": 2
    },
    "2016-12-31": {
        "Diluted EPS": 0.49,
        "Total Revenue": 12,
        "Gross Profit": 11,
        "Operating Income": 3,
        "EBIT": NaN,
        "Net Income": 2
    },
    "2016-09-30": {
        "Diluted EPS": 0.45,
        "Total Revenue": 12,
        "Gross Profit": 10,
        "Operating Income": 2,
        "EBIT": NaN,
        "Net Income": 2
    },
    "2016-06-30": {
        "Diluted EPS": 0.48,
        "Total Revenue": 11,
        "Gross Profit": 10,
        "Operating Income": 3,
        "EBIT": NaN,
        "Net Income": 2
    },
    "2016-03-31": {
        "Diluted EPS": 0.43,
        "Total Revenue": 11,
        "Gross Profit": 10,
        "Operating Income": 2,
        "EBIT": NaN,
        "Net Income": 2
    },
    "2015-12-31": {
        "Diluted EPS": 0.35,
        "Total Revenue": 10,
        "Gross Profit": 9,
        "Operating Income": 2,
        "EBIT": NaN,
        "Net Income": 1
    },
    "2015-09-30": {
        "Diluted EPS": 0.43,
        "Total Revenue": 10,
        "Gross Profit": 9,
        "Operating Income": 2,
        "EBIT": NaN,
        "Net Income": 2
    },
    "2015-06-30": {
        "Diluted EPS": 0.46,
        "Total Revenue": 11,
        "Gross Profit": 10,
        "Operating Income": 3,
        "EBIT": NaN,
        "Net Income": 2
    },
    "2015-03-31": {
        "Diluted EPS": 0.23,
        "Total Revenue": 9,
        "Gross Profit": 8,
        "Operating Income": 2,
        "EBIT": NaN,
        "Net Income": 1
    },
    "2014-12-31": {
        "Diluted EPS": 0.23,
        "Total Revenue": 9,
        "Gross Profit": 8,
        "Operating Income": 2,
        "EBIT": NaN,
        "Net Income": 1
    },
    "2014-09-30": {
        "Diluted EPS": 0.43,
        "Total Revenue": 8,
        "Gross Profit": 7,
        "Operating Income": 2,
        "EBIT": NaN,
        "Net Income": 2
    },
    "2014-06-30": {
        "Diluted EPS": 0.46,
        "Total Revenue": 9,
        "Gross Profit": 8,
        "Operating Income": 2,
        "EBIT": NaN,
        "Net Income": 2
    },
    "2014-03-31": {
        "Diluted EPS": 0.41,
        "Total Revenue": 8,
        "Gross Profit": 7,
        "Operating Income": 2,
        "EBIT": NaN,
        "Net Income": 1
    },
    "2013-12-31": {
        "Diluted EPS": 0.37,
        "Total Revenue": 8,
        "Gross Profit": 7,
        "Operating Income": 2,
        "EBIT": NaN,
        "Net Income": 1
    },
    "2013-09-30": {
        "Diluted EPS": 0.4,
        "Total Revenue": 8,
        "Gross Profit": 7,
        "Operating Income": 2,
        "EBIT": NaN,
        "Net Income": 1
    },
    "2013-06-30": {
        "Diluted EPS": 0.37,
        "Total Revenue": 8,
        "Gross Profit": 7,
        "Operating Income": 1,
        "EBIT": NaN,
        "Net Income": 1
    },
    "2013-03-31": {
        "Diluted EPS": 0.18,
        "Total Revenue": 8,
        "Gross Profit": 6,
        "Operating Income": 1,
        "EBIT": NaN,
        "Net Income": 1
    },
    "2012-12-31": {
        "Diluted EPS": 0.3,
        "Total Revenue": 8,
        "Gross Profit": 7,
        "Operating Income": 1,
        "EBIT": NaN,
        "Net Income": 1
    },
    "2012-09-30": {
        "Diluted EPS": 0.33,
        "Total Revenue": 9,
        "Gross Profit": 7,
        "Operating Income": 2,
        "EBIT": NaN,
        "Net Income": 1
    },
    "2012-06-30": {
        "Diluted EPS": 0.35,
        "Total Revenue": 9,
        "Gross Profit": 7,
        "Operating Income": 2,
        "EBIT": NaN,
        "Net Income": 1
    },
    "2012-03-31": {
        "Diluted EPS": 0.29,
        "Total Revenue": 8,
        "Gross Profit": 6,
        "Operating Income": 1,
        "EBIT": NaN,
        "Net Income": 1
    },
    "2011-12-31": {
        "Diluted EPS": 0.35,
        "Total Revenue": 9,
        "Gross Profit": 7,
        "Operating Income": 2,
        "EBIT": NaN,
        "Net Income": 1
    },
    "2011-09-30": {
        "Diluted EPS": 0.29,
        "Total Revenue": 9,
        "Gross Profit": 6,
        "Operating Income": 1,
        "EBIT": NaN,
        "Net Income": 1
    },
    "2011-06-30": {
        "Diluted EPS": 0.27,
        "Total Revenue": 9,
        "Gross Profit": 6,
        "Operating Income": 1,
        "EBIT": NaN,
        "Net Income": 1
    },
    "2011-03-31": {
        "Diluted EPS": 0.25,
        "Total Revenue": 8,
        "Gross Profit": 6,
        "Operating Income": 1,
        "EBIT": NaN,
        "Net Income": 1
    },
    "2010-12-31": {
        "Diluted EPS": 0.17,
        "Total Revenue": 8,
        "Gross Profit": 6,
        "Operating Income": 1,
        "EBIT": NaN,
        "Net Income": 1
    },
    "2010-09-30": {
        "Diluted EPS": 0.11,
        "Total Revenue": 8,
        "Gross Profit": 6,
        "Operating Income": 0,
        "EBIT": NaN,
        "Net Income": 0
    },
    "2010-06-30": {
        "Diluted EPS": 0.19,
        "Total Revenue": 9,
        "Gross Profit": 6,
        "Operating Income": 1,
        "EBIT": NaN,
        "Net Income": 1
    },
    "2010-03-31": {
        "Diluted EPS": 0.17,
        "Total Revenue": 8,
        "Gross Profit": 5,
        "Operating Income": 1,
        "EBIT": NaN,
        "Net Income": 1
    },
    "2009-12-31": {
        "Diluted EPS": -1.06,
        "Total Revenue": 9,
        "Gross Profit": 6,
        "Operating Income": -6,
        "EBIT": NaN,
        "Net Income": -4
    },
    "2009-09-30": {
        "Diluted EPS": 0.06,
        "Total Revenue": 9,
        "Gross Profit": 6,
        "Operating Income": 0,
        "EBIT": NaN,
        "Net Income": 0
    },
    "2009-06-30": {
        "Diluted EPS": 0.19,
        "Total Revenue": 9,
        "Gross Profit": 6,
        "Operating Income": 1,
        "EBIT": NaN,
        "Net Income": 1
    },
    "2009-03-31": {
        "Diluted EPS": 0.02,
        "Total Revenue": 9,
        "Gross Profit": 5,
        "Operating Income": 0,
        "EBIT": NaN,
        "Net Income": 0
    },
    "2023-09-30": {
        "Tax Effect Of Unusual Items": -66132.0,
        "Tax Rate For Calcs": 0.198,
        "Total Unusual Items": -334000.0,
        "Total Unusual Items Excluding Goodwill": -334000.0,
        "Net Income From Continuing Operation Net Minority Interest": 9236000.0,
        "Reconciled Depreciation": 752000.0,
        "Net Interest Income": 37480000.0,
        "Interest Expense": 25937000.0,
        "Interest Income": 63417000.0,
        "Normalized Income": 9503868.0,
        "Net Income From Continuing And Discontinued Operation": 9236000.0,
        "Diluted Average Shares": 16594999.0,
        "Basic Average Shares": 16571825.0,
        "Diluted EPS": 0.56,
        "Basic EPS": 0.56,
        "Diluted NI Availto Com Stockholders": 9236000.0,
        "Net Income Common Stockholders": 9236000.0,
        "Net Income": 9236000.0,
        "Net Income Including Noncontrolling Interests": 9236000.0,
        "Net Income Continuous Operations": 9236000.0,
        "Tax Provision": 2274000.0,
        "Pretax Income": 11510000.0,
        "Special Income Charges": -352000.0,
        "Restructuring And Mergern Acquisition": 352000.0,
        "Gain On Sale Of Security": 67000.0,
        "Depreciation Amortization Depletion Income Statement": 484000.0,
        "Depreciation And Amortization In Income Statement": 484000.0,
        "Amortization": 484000.0,
        "Amortization Of Intangibles Income Statement": 484000.0,
        "Selling General And Administration": 17005000.0,
        "General And Administrative Expense": 17005000.0,
        "Other Gand A": NaN,
        "Insurance And Claims": 1746000.0,
        "Salaries And Wages": 15259000.0,
        "Total Revenue": 42203000.0,
        "Operating Revenue": 42203000.0,
        "Occupancy And Equipment": 3053000.0,
        "Professional Expense And Contract Services Expense": 890000.0,
        "Other Non Interest Expense": 7482000.0
    },
    "2023-12-31": {
        "Tax Effect Of Unusual Items": 3825.458588,
        "Tax Rate For Calcs": 0.159394,
        "Total Unusual Items": 24000.0,
        "Total Unusual Items Excluding Goodwill": 24000.0,
        "Net Income From Continuing Operation Net Minority Interest": 12098000.0,
        "Reconciled Depreciation": 1792000.0,
        "Net Interest Income": 37000000.0,
        "Interest Expense": 29117000.0,
        "Interest Income": 66117000.0,
        "Normalized Income": 12077825.458588,
        "Net Income From Continuing And Discontinued Operation": 12098000.0,
        "Diluted Average Shares": 16574199.0,
        "Basic Average Shares": 16574199.0,
        "Diluted EPS": 0.73,
        "Basic EPS": 0.73,
        "Diluted NI Availto Com Stockholders": 12098000.0,
        "Net Income Common Stockholders": 12098000.0,
        "Net Income": 12098000.0,
        "Net Income Including Noncontrolling Interests": 12098000.0,
        "Net Income Continuous Operations": 12098000.0,
        "Tax Provision": 2294000.0,
        "Pretax Income": 14392000.0,
        "Special Income Charges": 24000.0,
        "Restructuring And Mergern Acquisition": -24000.0,
        "Gain On Sale Of Security": 109000.0,
        "Depreciation Amortization Depletion Income Statement": 491000.0,
        "Depreciation And Amortization In Income Statement": 491000.0,
        "Amortization": 491000.0,
        "Amortization Of Intangibles Income Statement": 491000.0,
        "Selling General And Administration": 15945000.0,
        "General And Administrative Expense": 15945000.0,
        "Other Gand A": NaN,
        "Insurance And Claims": 730000.0,
        "Salaries And Wages": 15215000.0,
        "Total Revenue": 41675000.0,
        "Operating Revenue": 41675000.0,
        "Occupancy And Equipment": 3282000.0,
        "Professional Expense And Contract Services Expense": 653000.0,
        "Other Non Interest Expense": 6715000.0
    },
    "2024-03-31": {
        "Tax Effect Of Unusual Items": 0.0,
        "Tax Rate For Calcs": 0.175,
        "Total Unusual Items": 0.0,
        "Total Unusual Items Excluding Goodwill": 0.0,
        "Net Income From Continuing Operation Net Minority Interest": 12133000.0,
        "Reconciled Depreciation": 1664000.0,
        "Net Interest Income": 36456000.0,
        "Interest Expense": 31735000.0,
        "Interest Income": 68191000.0,
        "Normalized Income": 12133000.0,
        "Net Income From Continuing And Discontinued Operation": 12133000.0,
        "Diluted Average Shares": 16613373.0,
        "Basic Average Shares": 16567902.0,
        "Diluted EPS": 0.73,
        "Basic EPS": 0.73,
        "Diluted NI Availto Com Stockholders": 12133000.0,
        "Net Income Common Stockholders": 12133000.0,
        "Net Income": 12133000.0,
        "Net Income Including Noncontrolling Interests": 12133000.0,
        "Net Income Continuous Operations": 12133000.0,
        "Tax Provision": 2577000.0,
        "Pretax Income": 14710000.0,
        "Special Income Charges": 0.0,
        "Restructuring And Mergern Acquisition": 0.0,
        "Gain On Sale Of Security": 0.0,
        "Depreciation Amortization Depletion Income Statement": 428000.0,
        "Depreciation And Amortization In Income Statement": 428000.0,
        "Amortization": 428000.0,
        "Amortization Of Intangibles Income Statement": 428000.0,
        "Selling General And Administration": 16407000.0,
        "General And Administrative Expense": 16407000.0,
        "Other Gand A": NaN,
        "Insurance And Claims": 945000.0,
        "Salaries And Wages": 15462000.0,
        "Total Revenue": 41759000.0,
        "Operating Revenue": 41759000.0,
        "Occupancy And Equipment": 3204000.0,
        "Professional Expense And Contract Services Expense": 998000.0,
        "Other Non Interest Expense": 6949000.0
    },
    "2024-06-30": {
        "Tax Effect Of Unusual Items": -7347.865704,
        "Tax Rate For Calcs": 0.174949,
        "Total Unusual Items": -42000.0,
        "Total Unusual Items Excluding Goodwill": -42000.0,
        "Net Income From Continuing Operation Net Minority Interest": 11771000.0,
        "Reconciled Depreciation": 2739000.0,
        "Net Interest Income": 38766000.0,
        "Interest Expense": 32473000.0,
        "Interest Income": 71239000.0,
        "Normalized Income": 11805652.134296,
        "Net Income From Continuing And Discontinued Operation": 11771000.0,
        "Diluted Average Shares": 16605353.0,
        "Basic Average Shares": 16576283.0,
        "Diluted EPS": 0.71,
        "Basic EPS": 0.71,
        "Diluted NI Availto Com Stockholders": 11771000.0,
        "Net Income Common Stockholders": 11771000.0,
        "Net Income": 11771000.0,
        "Net Income Including Noncontrolling Interests": 11771000.0,
        "Net Income Continuous Operations": 11771000.0,
        "Tax Provision": 2496000.0,
        "Pretax Income": 14267000.0,
        "Special Income Charges": 0.0,
        "Restructuring And Mergern Acquisition": 0.0,
        "Gain On Sale Of Security": 0.0,
        "Depreciation Amortization Depletion Income Statement": 425000.0,
        "Depreciation And Amortization In Income Statement": 425000.0,
        "Amortization": 425000.0,
        "Amortization Of Intangibles Income Statement": 425000.0,
        "Selling General And Administration": 16765000.0,
        "General And Administrative Expense": 16765000.0,
        "Other Gand A": NaN,
        "Insurance And Claims": 1232000.0,
        "Salaries And Wages": 15533000.0,
        "Total Revenue": 43543000.0,
        "Operating Revenue": 43543000.0,
        "Occupancy And Equipment": 3148000.0,
        "Professional Expense And Contract Services Expense": 689000.0,
        "Other Non Interest Expense": 6645000.0
    }
}