{
    "2023-12-31": {
        "Tax Effect Of Unusual Items": 0.0,
        "Tax Rate For Calcs": 0.21,
        "Normalized EBITDA": 173000.0,
        "Net Income From Continuing Operation Net Minority Interest": 73000.0,
        "Reconciled Depreciation": 233000.0,
        "Reconciled Cost Of Revenue": 6080000.0,
        "EBITDA": 173000.0,
        "EBIT": -60000.0,
        "Net Interest Income": 13000.0,
        "Interest Expense": NaN,
        "Normalized Income": 73000.0,
        "Net Income From Continuing And Discontinued Operation": 73000.0,
        "Total Expenses": 10833000.0,
        "Total Operating Income As Reported": -60000.0,
        "Diluted Average Shares": NaN,
        "Basic Average Shares": NaN,
        "Diluted EPS": NaN,
        "Basic EPS": NaN,
        "Diluted NI Availto Com Stockholders": 73000.0,
        "Net Income Common Stockholders": 73000.0,
        "Net Income": 73000.0,
        "Net Income Including Noncontrolling Interests": 73000.0,
        "Net Income Continuous Operations": 73000.0,
        "Tax Provision": -20000.0,
        "Pretax Income": 53000.0,
        "Other Income Expense": 100000.0,
        "Other Non Operating Income Expenses": 100000.0,
        "Net Non Operating Interest Income Expense": 13000.0,
        "Total Other Finance Cost": -13000.0,
        "Interest Expense Non Operating": NaN,
        "Operating Income": -60000.0,
        "Operating Expense": 4753000.0,
        "Selling General And Administration": 4753000.0,
        "Gross Profit": 4693000.0,
        "Cost Of Revenue": 6080000.0,
        "Total Revenue": 10773000.0,
        "Operating Revenue": 10773000.0
    },
    "2023-09-30": {
        "Tax Effect Of Unusual Items": 0.0,
        "Tax Rate For Calcs": 0.225,
        "Normalized EBITDA": 2238000.0,
        "Net Income From Continuing Operation Net Minority Interest": 1586000.0,
        "Reconciled Depreciation": 205000.0,
        "Reconciled Cost Of Revenue": 6230000.0,
        "EBITDA": 2238000.0,
        "EBIT": 2033000.0,
        "Net Interest Income": 1000.0,
        "Interest Expense": NaN,
        "Normalized Income": 1586000.0,
        "Net Income From Continuing And Discontinued Operation": 1586000.0,
        "Total Expenses": 8855000.0,
        "Total Operating Income As Reported": 2033000.0,
        "Diluted Average Shares": 2759780.0,
        "Basic Average Shares": 2703840.0,
        "Diluted EPS": 0.57,
        "Basic EPS": 0.59,
        "Diluted NI Availto Com Stockholders": 1586000.0,
        "Net Income Common Stockholders": 1586000.0,
        "Net Income": 1586000.0,
        "Net Income Including Noncontrolling Interests": 1586000.0,
        "Net Income Continuous Operations": 1586000.0,
        "Tax Provision": 460000.0,
        "Pretax Income": 2046000.0,
        "Other Income Expense": 12000.0,
        "Other Non Operating Income Expenses": 12000.0,
        "Net Non Operating Interest Income Expense": 1000.0,
        "Total Other Finance Cost": -1000.0,
        "Interest Expense Non Operating": NaN,
        "Operating Income": 2033000.0,
        "Operating Expense": 2625000.0,
        "Selling General And Administration": 2625000.0,
        "Gross Profit": 4658000.0,
        "Cost Of Revenue": 6230000.0,
        "Total Revenue": 10888000.0,
        "Operating Revenue": 10888000.0
    },
    "2023-06-30": {
        "Tax Effect Of Unusual Items": NaN,
        "Tax Rate For Calcs": NaN,
        "Normalized EBITDA": NaN,
        "Net Income From Continuing Operation Net Minority Interest": NaN,
        "Reconciled Depreciation": NaN,
        "Reconciled Cost Of Revenue": NaN,
        "EBITDA": NaN,
        "EBIT": NaN,
        "Net Interest Income": NaN,
        "Interest Expense": 5000.0,
        "Normalized Income": NaN,
        "Net Income From Continuing And Discontinued Operation": NaN,
        "Total Expenses": NaN,
        "Total Operating Income As Reported": NaN,
        "Diluted Average Shares": 2711266.0,
        "Basic Average Shares": 2697696.0,
        "Diluted EPS": 0.47,
        "Basic EPS": 0.473367,
        "Diluted NI Availto Com Stockholders": NaN,
        "Net Income Common Stockholders": NaN,
        "Net Income": NaN,
        "Net Income Including Noncontrolling Interests": NaN,
        "Net Income Continuous Operations": NaN,
        "Tax Provision": NaN,
        "Pretax Income": NaN,
        "Other Income Expense": NaN,
        "Other Non Operating Income Expenses": NaN,
        "Net Non Operating Interest Income Expense": NaN,
        "Total Other Finance Cost": NaN,
        "Interest Expense Non Operating": 5000.0,
        "Operating Income": NaN,
        "Operating Expense": NaN,
        "Selling General And Administration": NaN,
        "Gross Profit": NaN,
        "Cost Of Revenue": NaN,
        "Total Revenue": NaN,
        "Operating Revenue": NaN
    },
    "2023-03-31": {
        "Tax Effect Of Unusual Items": NaN,
        "Tax Rate For Calcs": NaN,
        "Normalized EBITDA": NaN,
        "Net Income From Continuing Operation Net Minority Interest": NaN,
        "Reconciled Depreciation": NaN,
        "Reconciled Cost Of Revenue": NaN,
        "EBITDA": NaN,
        "EBIT": NaN,
        "Net Interest Income": NaN,
        "Interest Expense": 2000.0,
        "Normalized Income": NaN,
        "Net Income From Continuing And Discontinued Operation": NaN,
        "Total Expenses": NaN,
        "Total Operating Income As Reported": NaN,
        "Diluted Average Shares": NaN,
        "Basic Average Shares": NaN,
        "Diluted EPS": NaN,
        "Basic EPS": NaN,
        "Diluted NI Availto Com Stockholders": NaN,
        "Net Income Common Stockholders": NaN,
        "Net Income": NaN,
        "Net Income Including Noncontrolling Interests": NaN,
        "Net Income Continuous Operations": NaN,
        "Tax Provision": NaN,
        "Pretax Income": NaN,
        "Other Income Expense": NaN,
        "Other Non Operating Income Expenses": NaN,
        "Net Non Operating Interest Income Expense": NaN,
        "Total Other Finance Cost": NaN,
        "Interest Expense Non Operating": 2000.0,
        "Operating Income": NaN,
        "Operating Expense": NaN,
        "Selling General And Administration": NaN,
        "Gross Profit": NaN,
        "Cost Of Revenue": NaN,
        "Total Revenue": NaN,
        "Operating Revenue": NaN
    },
    "2024-03-31": {
        "Tax Effect Of Unusual Items": 0.0,
        "Tax Rate For Calcs": 0.202,
        "Normalized EBITDA": 2013000.0,
        "Net Income From Continuing Operation Net Minority Interest": 1486000.0,
        "Reconciled Depreciation": 224000.0,
        "Reconciled Cost Of Revenue": 6406000.0,
        "EBITDA": 2013000.0,
        "EBIT": 1789000.0,
        "Net Interest Income": 32000.0,
        "Interest Expense": NaN,
        "Normalized Income": 1486000.0,
        "Net Income From Continuing And Discontinued Operation": 1486000.0,
        "Total Expenses": 9396000.0,
        "Total Operating Income As Reported": 1789000.0,
        "Diluted Average Shares": 2784960.0,
        "Basic Average Shares": 2716202.0,
        "Diluted EPS": 0.53,
        "Basic EPS": 0.55,
        "Diluted NI Availto Com Stockholders": 1486000.0,
        "Net Income Common Stockholders": 1486000.0,
        "Net Income": 1486000.0,
        "Net Income Including Noncontrolling Interests": 1486000.0,
        "Net Income Continuous Operations": 1486000.0,
        "Tax Provision": 377000.0,
        "Pretax Income": 1863000.0,
        "Other Income Expense": 42000.0,
        "Other Non Operating Income Expenses": 42000.0,
        "Net Non Operating Interest Income Expense": 32000.0,
        "Total Other Finance Cost": -32000.0,
        "Interest Expense Non Operating": NaN,
        "Operating Income": 1789000.0,
        "Operating Expense": 2990000.0,
        "Selling General And Administration": 2990000.0,
        "Gross Profit": 4779000.0,
        "Cost Of Revenue": 6406000.0,
        "Total Revenue": 11185000.0,
        "Operating Revenue": 11185000.0
    },
    "2022-12-31": {
        "Tax Effect Of Unusual Items": NaN,
        "Tax Rate For Calcs": NaN,
        "Normalized EBITDA": NaN,
        "Net Income From Continuing Operation Net Minority Interest": NaN,
        "Reconciled Depreciation": NaN,
        "Reconciled Cost Of Revenue": NaN,
        "EBITDA": NaN,
        "EBIT": NaN,
        "Net Interest Income": NaN,
        "Interest Expense": 5000.0,
        "Normalized Income": NaN,
        "Net Income From Continuing And Discontinued Operation": NaN,
        "Total Expenses": NaN,
        "Total Operating Income As Reported": NaN,
        "Diluted Average Shares": NaN,
        "Basic Average Shares": NaN,
        "Diluted EPS": NaN,
        "Basic EPS": NaN,
        "Diluted NI Availto Com Stockholders": NaN,
        "Net Income Common Stockholders": NaN,
        "Net Income": NaN,
        "Net Income Including Noncontrolling Interests": NaN,
        "Net Income Continuous Operations": NaN,
        "Tax Provision": NaN,
        "Pretax Income": NaN,
        "Other Income Expense": NaN,
        "Other Non Operating Income Expenses": NaN,
        "Net Non Operating Interest Income Expense": NaN,
        "Total Other Finance Cost": NaN,
        "Interest Expense Non Operating": 5000.0,
        "Operating Income": NaN,
        "Operating Expense": NaN,
        "Selling General And Administration": NaN,
        "Gross Profit": NaN,
        "Cost Of Revenue": NaN,
        "Total Revenue": NaN,
        "Operating Revenue": NaN
    },
    "2022-09-30": {
        "Tax Effect Of Unusual Items": NaN,
        "Tax Rate For Calcs": NaN,
        "Normalized EBITDA": NaN,
        "Net Income From Continuing Operation Net Minority Interest": NaN,
        "Reconciled Depreciation": NaN,
        "Reconciled Cost Of Revenue": NaN,
        "EBITDA": NaN,
        "EBIT": NaN,
        "Net Interest Income": NaN,
        "Interest Expense": 1000.0,
        "Normalized Income": NaN,
        "Net Income From Continuing And Discontinued Operation": NaN,
        "Total Expenses": NaN,
        "Total Operating Income As Reported": NaN,
        "Diluted Average Shares": 2676469.0,
        "Basic Average Shares": 2676469.0,
        "Diluted EPS": 0.19,
        "Basic EPS": 0.19,
        "Diluted NI Availto Com Stockholders": NaN,
        "Net Income Common Stockholders": NaN,
        "Net Income": NaN,
        "Net Income Including Noncontrolling Interests": NaN,
        "Net Income Continuous Operations": NaN,
        "Tax Provision": NaN,
        "Pretax Income": NaN,
        "Other Income Expense": NaN,
        "Other Non Operating Income Expenses": NaN,
        "Net Non Operating Interest Income Expense": NaN,
        "Total Other Finance Cost": 1000.0,
        "Interest Expense Non Operating": 1000.0,
        "Operating Income": NaN,
        "Operating Expense": NaN,
        "Selling General And Administration": NaN,
        "Gross Profit": NaN,
        "Cost Of Revenue": NaN,
        "Total Revenue": NaN,
        "Operating Revenue": NaN
    },
    "2024-06-30": {
        "Tax Effect Of Unusual Items": 0.0,
        "Tax Rate For Calcs": 0.187,
        "Normalized EBITDA": 2327000.0,
        "Net Income From Continuing Operation Net Minority Interest": 1744000.0,
        "Reconciled Depreciation": 220000.0,
        "Reconciled Cost Of Revenue": 6307000.0,
        "EBITDA": 2327000.0,
        "EBIT": 2107000.0,
        "Net Interest Income": 44000.0,
        "Interest Expense": NaN,
        "Normalized Income": 1744000.0,
        "Net Income From Continuing And Discontinued Operation": 1744000.0,
        "Total Expenses": 9701000.0,
        "Total Operating Income As Reported": 2107000.0,
        "Diluted Average Shares": 2779802.0,
        "Basic Average Shares": 2728599.0,
        "Diluted EPS": 0.63,
        "Basic EPS": 0.64,
        "Diluted NI Availto Com Stockholders": 1744000.0,
        "Net Income Common Stockholders": 1744000.0,
        "Net Income": 1744000.0,
        "Net Income Including Noncontrolling Interests": 1744000.0,
        "Net Income Continuous Operations": 1744000.0,
        "Tax Provision": 402000.0,
        "Pretax Income": 2146000.0,
        "Other Income Expense": -5000.0,
        "Other Non Operating Income Expenses": -5000.0,
        "Net Non Operating Interest Income Expense": 44000.0,
        "Total Other Finance Cost": -44000.0,
        "Interest Expense Non Operating": NaN,
        "Operating Income": 2107000.0,
        "Operating Expense": 3394000.0,
        "Selling General And Administration": 3394000.0,
        "Gross Profit": 5501000.0,
        "Cost Of Revenue": 6307000.0,
        "Total Revenue": 11808000.0,
        "Operating Revenue": 11808000.0
    },
    "2024-09-30": {
        "Tax Effect Of Unusual Items": 0.0,
        "Tax Rate For Calcs": 0.246,
        "Normalized EBITDA": 3199000.0,
        "Net Income From Continuing Operation Net Minority Interest": 2267000.0,
        "Reconciled Depreciation": 278000.0,
        "Reconciled Cost Of Revenue": 6904000.0,
        "EBITDA": 3199000.0,
        "EBIT": 2921000.0,
        "Net Interest Income": 63000.0,
        "Interest Expense": NaN,
        "Normalized Income": 2267000.0,
        "Net Income From Continuing And Discontinued Operation": 2267000.0,
        "Total Expenses": 10293000.0,
        "Total Operating Income As Reported": 2921000.0,
        "Diluted Average Shares": 2800820.0,
        "Basic Average Shares": 2751924.0,
        "Diluted EPS": 0.81,
        "Basic EPS": 0.82,
        "Diluted NI Availto Com Stockholders": 2267000.0,
        "Net Income Common Stockholders": 2267000.0,
        "Net Income": 2267000.0,
        "Net Income Including Noncontrolling Interests": 2267000.0,
        "Net Income Continuous Operations": 2267000.0,
        "Tax Provision": 741000.0,
        "Pretax Income": 3008000.0,
        "Other Income Expense": 24000.0,
        "Other Non Operating Income Expenses": 24000.0,
        "Net Non Operating Interest Income Expense": 63000.0,
        "Total Other Finance Cost": -63000.0,
        "Interest Expense Non Operating": NaN,
        "Operating Income": 2921000.0,
        "Operating Expense": 3389000.0,
        "Selling General And Administration": 3389000.0,
        "Gross Profit": 6310000.0,
        "Cost Of Revenue": 6904000.0,
        "Total Revenue": 13214000.0,
        "Operating Revenue": 13214000.0
    }
}