{
    "2023-06-30": {
        "Tax Effect Of Unusual Items": NaN,
        "Tax Rate For Calcs": NaN,
        "Normalized EBITDA": NaN,
        "Total Unusual Items": 112000.0,
        "Total Unusual Items Excluding Goodwill": 112000.0,
        "Net Income From Continuing Operation Net Minority Interest": NaN,
        "Reconciled Depreciation": NaN,
        "Reconciled Cost Of Revenue": NaN,
        "EBITDA": NaN,
        "EBIT": NaN,
        "Net Interest Income": NaN,
        "Interest Income": NaN,
        "Normalized Income": NaN,
        "Net Income From Continuing And Discontinued Operation": NaN,
        "Total Expenses": NaN,
        "Total Operating Income As Reported": NaN,
        "Diluted Average Shares": NaN,
        "Basic Average Shares": NaN,
        "Diluted EPS": NaN,
        "Basic EPS": NaN,
        "Diluted NI Availto Com Stockholders": NaN,
        "Net Income Common Stockholders": NaN,
        "Net Income": NaN,
        "Net Income Including Noncontrolling Interests": NaN,
        "Net Income Continuous Operations": NaN,
        "Tax Provision": NaN,
        "Pretax Income": NaN,
        "Other Income Expense": NaN,
        "Other Non Operating Income Expenses": NaN,
        "Special Income Charges": -3800000.0,
        "Other Special Charges": 3800000.0,
        "Securities Amortization": NaN,
        "Gain On Sale Of Security": 3912000.0,
        "Net Non Operating Interest Income Expense": NaN,
        "Interest Income Non Operating": NaN,
        "Operating Income": NaN,
        "Operating Expense": NaN,
        "Research And Development": NaN,
        "Selling General And Administration": NaN,
        "Gross Profit": NaN,
        "Cost Of Revenue": NaN,
        "Total Revenue": NaN,
        "Operating Revenue": NaN
    },
    "2023-03-31": {
        "Tax Effect Of Unusual Items": NaN,
        "Tax Rate For Calcs": NaN,
        "Normalized EBITDA": NaN,
        "Total Unusual Items": NaN,
        "Total Unusual Items Excluding Goodwill": NaN,
        "Net Income From Continuing Operation Net Minority Interest": NaN,
        "Reconciled Depreciation": NaN,
        "Reconciled Cost Of Revenue": NaN,
        "EBITDA": NaN,
        "EBIT": NaN,
        "Net Interest Income": NaN,
        "Interest Income": NaN,
        "Normalized Income": NaN,
        "Net Income From Continuing And Discontinued Operation": NaN,
        "Total Expenses": NaN,
        "Total Operating Income As Reported": NaN,
        "Diluted Average Shares": NaN,
        "Basic Average Shares": NaN,
        "Diluted EPS": NaN,
        "Basic EPS": NaN,
        "Diluted NI Availto Com Stockholders": NaN,
        "Net Income Common Stockholders": NaN,
        "Net Income": NaN,
        "Net Income Including Noncontrolling Interests": NaN,
        "Net Income Continuous Operations": NaN,
        "Tax Provision": NaN,
        "Pretax Income": NaN,
        "Other Income Expense": NaN,
        "Other Non Operating Income Expenses": NaN,
        "Special Income Charges": -2000000.0,
        "Other Special Charges": 2000000.0,
        "Securities Amortization": NaN,
        "Gain On Sale Of Security": NaN,
        "Net Non Operating Interest Income Expense": NaN,
        "Interest Income Non Operating": NaN,
        "Operating Income": NaN,
        "Operating Expense": NaN,
        "Research And Development": NaN,
        "Selling General And Administration": NaN,
        "Gross Profit": NaN,
        "Cost Of Revenue": NaN,
        "Total Revenue": NaN,
        "Operating Revenue": NaN
    },
    "2022-12-31": {
        "Tax Effect Of Unusual Items": NaN,
        "Tax Rate For Calcs": NaN,
        "Normalized EBITDA": NaN,
        "Total Unusual Items": -3694000.0,
        "Total Unusual Items Excluding Goodwill": -3694000.0,
        "Net Income From Continuing Operation Net Minority Interest": NaN,
        "Reconciled Depreciation": NaN,
        "Reconciled Cost Of Revenue": NaN,
        "EBITDA": NaN,
        "EBIT": NaN,
        "Net Interest Income": NaN,
        "Interest Income": NaN,
        "Normalized Income": NaN,
        "Net Income From Continuing And Discontinued Operation": NaN,
        "Total Expenses": NaN,
        "Total Operating Income As Reported": NaN,
        "Diluted Average Shares": NaN,
        "Basic Average Shares": NaN,
        "Diluted EPS": NaN,
        "Basic EPS": NaN,
        "Diluted NI Availto Com Stockholders": NaN,
        "Net Income Common Stockholders": NaN,
        "Net Income": NaN,
        "Net Income Including Noncontrolling Interests": NaN,
        "Net Income Continuous Operations": NaN,
        "Tax Provision": NaN,
        "Pretax Income": NaN,
        "Other Income Expense": NaN,
        "Other Non Operating Income Expenses": NaN,
        "Special Income Charges": -3186000.0,
        "Other Special Charges": 3186000.0,
        "Securities Amortization": NaN,
        "Gain On Sale Of Security": -508000.0,
        "Net Non Operating Interest Income Expense": NaN,
        "Interest Income Non Operating": NaN,
        "Operating Income": NaN,
        "Operating Expense": NaN,
        "Research And Development": NaN,
        "Selling General And Administration": NaN,
        "Gross Profit": NaN,
        "Cost Of Revenue": NaN,
        "Total Revenue": NaN,
        "Operating Revenue": NaN
    },
    "2022-09-30": {
        "Tax Effect Of Unusual Items": NaN,
        "Tax Rate For Calcs": NaN,
        "Normalized EBITDA": NaN,
        "Total Unusual Items": -3139000.0,
        "Total Unusual Items Excluding Goodwill": -3139000.0,
        "Net Income From Continuing Operation Net Minority Interest": NaN,
        "Reconciled Depreciation": NaN,
        "Reconciled Cost Of Revenue": NaN,
        "EBITDA": NaN,
        "EBIT": NaN,
        "Net Interest Income": NaN,
        "Interest Income": NaN,
        "Normalized Income": NaN,
        "Net Income From Continuing And Discontinued Operation": NaN,
        "Total Expenses": NaN,
        "Total Operating Income As Reported": NaN,
        "Diluted Average Shares": NaN,
        "Basic Average Shares": NaN,
        "Diluted EPS": NaN,
        "Basic EPS": NaN,
        "Diluted NI Availto Com Stockholders": NaN,
        "Net Income Common Stockholders": NaN,
        "Net Income": NaN,
        "Net Income Including Noncontrolling Interests": NaN,
        "Net Income Continuous Operations": NaN,
        "Tax Provision": NaN,
        "Pretax Income": NaN,
        "Other Income Expense": NaN,
        "Other Non Operating Income Expenses": NaN,
        "Special Income Charges": -3751000.0,
        "Other Special Charges": 3751000.0,
        "Securities Amortization": NaN,
        "Gain On Sale Of Security": 612000.0,
        "Net Non Operating Interest Income Expense": NaN,
        "Interest Income Non Operating": NaN,
        "Operating Income": NaN,
        "Operating Expense": NaN,
        "Research And Development": NaN,
        "Selling General And Administration": NaN,
        "Gross Profit": NaN,
        "Cost Of Revenue": NaN,
        "Total Revenue": NaN,
        "Operating Revenue": NaN
    },
    "2022-06-30": {
        "Tax Effect Of Unusual Items": -205978.668967,
        "Tax Rate For Calcs": 0.161679,
        "Normalized EBITDA": 144436000.0,
        "Total Unusual Items": -1274000.0,
        "Total Unusual Items Excluding Goodwill": -1274000.0,
        "Net Income From Continuing Operation Net Minority Interest": 114679000.0,
        "Reconciled Depreciation": 9560000.0,
        "Reconciled Cost Of Revenue": 190043000.0,
        "EBITDA": 143162000.0,
        "EBIT": 143162000.0,
        "Net Interest Income": 3333000.0,
        "Interest Income": 3333000.0,
        "Normalized Income": 115747021.331033,
        "Net Income From Continuing And Discontinued Operation": 114679000.0,
        "Total Expenses": 317842000.0,
        "Total Operating Income As Reported": 141888000.0,
        "Diluted Average Shares": 48286000.0,
        "Basic Average Shares": 46675000.0,
        "Diluted EPS": 2.37,
        "Basic EPS": 2.46,
        "Diluted NI Availto Com Stockholders": 114679000.0,
        "Net Income Common Stockholders": 114679000.0,
        "Net Income": 114679000.0,
        "Net Income Including Noncontrolling Interests": 114679000.0,
        "Net Income Continuous Operations": 114679000.0,
        "Tax Provision": 22117000.0,
        "Pretax Income": 136796000.0,
        "Other Income Expense": -6366000.0,
        "Other Non Operating Income Expenses": -5092000.0,
        "Special Income Charges": -1274000.0,
        "Other Special Charges": 1274000.0,
        "Securities Amortization": 1232000.0,
        "Gain On Sale Of Security": -4685000.0,
        "Net Non Operating Interest Income Expense": 3333000.0,
        "Interest Income Non Operating": 3333000.0,
        "Operating Income": 143162000.0,
        "Operating Expense": 127799000.0,
        "Research And Development": 57131000.0,
        "Selling General And Administration": 70668000.0,
        "Gross Profit": 270961000.0,
        "Cost Of Revenue": 190043000.0,
        "Total Revenue": 461004000.0,
        "Operating Revenue": 461004000.0
    },
    "2022-03-31": {
        "Diluted EPS": 1.65,
        "Total Revenue": 378,
        "Gross Profit": 219,
        "Operating Income": 96,
        "EBIT": 109,
        "Net Income": 80
    },
    "2021-12-31": {
        "Diluted EPS": 1.5,
        "Total Revenue": 337,
        "Gross Profit": 194,
        "Operating Income": 79,
        "EBIT": 88,
        "Net Income": 73
    },
    "2021-09-30": {
        "Diluted EPS": 1.44,
        "Total Revenue": 324,
        "Gross Profit": 186,
        "Operating Income": 77,
        "EBIT": 89,
        "Net Income": 69
    },
    "2021-06-30": {
        "Diluted EPS": 1.16,
        "Total Revenue": 293,
        "Gross Profit": 164,
        "Operating Income": 61,
        "EBIT": 67,
        "Net Income": 55
    },
    "2021-03-31": {
        "Diluted EPS": 0.95,
        "Total Revenue": 254,
        "Gross Profit": 141,
        "Operating Income": 46,
        "EBIT": 51,
        "Net Income": 45
    },
    "2020-12-31": {
        "Diluted EPS": 0.91,
        "Total Revenue": 233,
        "Gross Profit": 129,
        "Operating Income": 40,
        "EBIT": 46,
        "Net Income": 43
    },
    "2020-09-30": {
        "Diluted EPS": 1.18,
        "Total Revenue": 259,
        "Gross Profit": 143,
        "Operating Income": 60,
        "EBIT": 66,
        "Net Income": 56
    },
    "2020-06-30": {
        "Diluted EPS": 0.64,
        "Total Revenue": 186,
        "Gross Profit": 103,
        "Operating Income": 28,
        "EBIT": 30,
        "Net Income": 30
    },
    "2020-03-31": {
        "Diluted EPS": 0.77,
        "Total Revenue": 166,
        "Gross Profit": 91,
        "Operating Income": 31,
        "EBIT": 40,
        "Net Income": 36
    },
    "2019-12-31": {
        "Diluted EPS": 0.71,
        "Total Revenue": 167,
        "Gross Profit": 92,
        "Operating Income": 31,
        "EBIT": 31,
        "Net Income": 32
    },
    "2019-09-30": {
        "Diluted EPS": 0.64,
        "Total Revenue": 169,
        "Gross Profit": 93,
        "Operating Income": 30,
        "EBIT": 37,
        "Net Income": 30
    },
    "2019-06-30": {
        "Diluted EPS": 0.45,
        "Total Revenue": 151,
        "Gross Profit": 83,
        "Operating Income": 20,
        "EBIT": 23,
        "Net Income": 21
    },
    "2019-03-31": {
        "Diluted EPS": 0.58,
        "Total Revenue": 141,
        "Gross Profit": 78,
        "Operating Income": 22,
        "EBIT": 23,
        "Net Income": 26
    },
    "2018-12-31": {
        "Diluted EPS": 0.61,
        "Total Revenue": 153,
        "Gross Profit": 85,
        "Operating Income": 33,
        "EBIT": 37,
        "Net Income": 28
    },
    "2018-09-30": {
        "Diluted EPS": 0.71,
        "Total Revenue": 160,
        "Gross Profit": 89,
        "Operating Income": 33,
        "EBIT": 37,
        "Net Income": 32
    },
    "2018-06-30": {
        "Diluted EPS": 0.55,
        "Total Revenue": 140,
        "Gross Profit": 78,
        "Operating Income": 25,
        "EBIT": 28,
        "Net Income": 24
    },
    "2018-03-31": {
        "Diluted EPS": 0.49,
        "Total Revenue": 129,
        "Gross Profit": 71,
        "Operating Income": 22,
        "EBIT": 25,
        "Net Income": 22
    },
    "2017-12-31": {
        "Diluted EPS": 0.28,
        "Total Revenue": 129,
        "Gross Profit": 71,
        "Operating Income": 25,
        "EBIT": 27,
        "Net Income": 12
    },
    "2017-09-30": {
        "Diluted EPS": 0.54,
        "Total Revenue": 129,
        "Gross Profit": 71,
        "Operating Income": 24,
        "EBIT": 28,
        "Net Income": 24
    },
    "2017-06-30": {
        "Diluted EPS": 0.35,
        "Total Revenue": 112,
        "Gross Profit": 61,
        "Operating Income": 15,
        "EBIT": 19,
        "Net Income": 15
    },
    "2017-03-31": {
        "Diluted EPS": 0.33,
        "Total Revenue": 100,
        "Gross Profit": 55,
        "Operating Income": 14,
        "EBIT": 18,
        "Net Income": 14
    },
    "2016-12-31": {
        "Diluted EPS": 0.4,
        "Total Revenue": 104,
        "Gross Profit": 57,
        "Operating Income": 18,
        "EBIT": 21,
        "Net Income": 17
    },
    "2016-09-30": {
        "Diluted EPS": 0.34,
        "Total Revenue": 106,
        "Gross Profit": 58,
        "Operating Income": 15,
        "EBIT": 19,
        "Net Income": 14
    },
    "2016-06-30": {
        "Diluted EPS": 0.27,
        "Total Revenue": 94,
        "Gross Profit": 51,
        "Operating Income": 12,
        "EBIT": 15,
        "Net Income": 11
    },
    "2016-03-31": {
        "Diluted EPS": 0.25,
        "Total Revenue": 85,
        "Gross Profit": 46,
        "Operating Income": 10,
        "EBIT": 14,
        "Net Income": 11
    },
    "2015-12-31": {
        "Diluted EPS": 0.24,
        "Total Revenue": 87,
        "Gross Profit": 47,
        "Operating Income": 12,
        "EBIT": 16,
        "Net Income": 10
    },
    "2015-09-30": {
        "Diluted EPS": 0.28,
        "Total Revenue": 91,
        "Gross Profit": 49,
        "Operating Income": 13,
        "EBIT": 17,
        "Net Income": 11
    },
    "2015-06-30": {
        "Diluted EPS": 0.19,
        "Total Revenue": 81,
        "Gross Profit": 44,
        "Operating Income": 10,
        "EBIT": 14,
        "Net Income": 8
    },
    "2015-03-31": {
        "Diluted EPS": 0.15,
        "Total Revenue": 74,
        "Gross Profit": 40,
        "Operating Income": 6,
        "EBIT": 9,
        "Net Income": 6
    },
    "2014-12-31": {
        "Diluted EPS": 0.22,
        "Total Revenue": 76,
        "Gross Profit": 41,
        "Operating Income": 9,
        "EBIT": 13,
        "Net Income": 9
    },
    "2014-09-30": {
        "Diluted EPS": 0.28,
        "Total Revenue": 78,
        "Gross Profit": 42,
        "Operating Income": 10,
        "EBIT": 14,
        "Net Income": 11
    },
    "2014-06-30": {
        "Diluted EPS": 0.16,
        "Total Revenue": 68,
        "Gross Profit": 37,
        "Operating Income": 7,
        "EBIT": 10,
        "Net Income": 6
    },
    "2014-03-31": {
        "Diluted EPS": 0.23,
        "Total Revenue": 60,
        "Gross Profit": 32,
        "Operating Income": 9,
        "EBIT": 12,
        "Net Income": 9
    },
    "2013-12-31": {
        "Diluted EPS": 0.19,
        "Total Revenue": 64,
        "Gross Profit": 34,
        "Operating Income": 8,
        "EBIT": 11,
        "Net Income": 8
    },
    "2013-09-30": {
        "Diluted EPS": 0.19,
        "Total Revenue": 65,
        "Gross Profit": 35,
        "Operating Income": 9,
        "EBIT": 12,
        "Net Income": 7
    },
    "2013-06-30": {
        "Diluted EPS": 0.14,
        "Total Revenue": 58,
        "Gross Profit": 31,
        "Operating Income": 5,
        "EBIT": 8,
        "Net Income": 5
    },
    "2013-03-31": {
        "Diluted EPS": 0.07,
        "Total Revenue": 51,
        "Gross Profit": 27,
        "Operating Income": 2,
        "EBIT": 5,
        "Net Income": 2
    },
    "2012-12-31": {
        "Diluted EPS": 0.01,
        "Total Revenue": 48,
        "Gross Profit": 26,
        "Operating Income": 1,
        "EBIT": 4,
        "Net Income": 0
    },
    "2012-09-30": {
        "Diluted EPS": 0.16,
        "Total Revenue": 57,
        "Gross Profit": 30,
        "Operating Income": 6,
        "EBIT": 9,
        "Net Income": 6
    },
    "2012-06-30": {
        "Diluted EPS": 0.18,
        "Total Revenue": 59,
        "Gross Profit": 31,
        "Operating Income": 7,
        "EBIT": 9,
        "Net Income": 7
    },
    "2012-03-31": {
        "Diluted EPS": 0.08,
        "Total Revenue": 50,
        "Gross Profit": 26,
        "Operating Income": 3,
        "EBIT": 5,
        "Net Income": 3
    },
    "2011-12-31": {
        "Diluted EPS": 0.07,
        "Total Revenue": 47,
        "Gross Profit": 25,
        "Operating Income": 2,
        "EBIT": 5,
        "Net Income": 2
    },
    "2011-09-30": {
        "Diluted EPS": 0.16,
        "Total Revenue": 53,
        "Gross Profit": 28,
        "Operating Income": 5,
        "EBIT": 7,
        "Net Income": 5
    },
    "2011-06-30": {
        "Diluted EPS": 0.1,
        "Total Revenue": 52,
        "Gross Profit": 27,
        "Operating Income": 4,
        "EBIT": 6,
        "Net Income": 3
    },
    "2011-03-31": {
        "Diluted EPS": 0.05,
        "Total Revenue": 44,
        "Gross Profit": 22,
        "Operating Income": 2,
        "EBIT": 4,
        "Net Income": 2
    },
    "2010-12-31": {
        "Diluted EPS": 0.09,
        "Total Revenue": 47,
        "Gross Profit": 24,
        "Operating Income": 4,
        "EBIT": 7,
        "Net Income": 4
    },
    "2010-09-30": {
        "Diluted EPS": 0.35,
        "Total Revenue": 66,
        "Gross Profit": 36,
        "Operating Income": 13,
        "EBIT": 16,
        "Net Income": 13
    },
    "2010-06-30": {
        "Diluted EPS": 0.17,
        "Total Revenue": 56,
        "Gross Profit": 32,
        "Operating Income": 7,
        "EBIT": 9,
        "Net Income": 6
    },
    "2010-03-31": {
        "Diluted EPS": 0.17,
        "Total Revenue": 50,
        "Gross Profit": 29,
        "Operating Income": 6,
        "EBIT": 8,
        "Net Income": 6
    },
    "2009-12-31": {
        "Diluted EPS": 0.13,
        "Total Revenue": 47,
        "Gross Profit": 27,
        "Operating Income": 4,
        "EBIT": 6,
        "Net Income": 5
    },
    "2009-09-30": {
        "Diluted EPS": 0.34,
        "Total Revenue": 48,
        "Gross Profit": 29,
        "Operating Income": 13,
        "EBIT": 15,
        "Net Income": 13
    },
    "2009-06-30": {
        "Diluted EPS": 0.09,
        "Total Revenue": 41,
        "Gross Profit": 24,
        "Operating Income": 3,
        "EBIT": 5,
        "Net Income": 3
    },
    "2009-03-31": {
        "Diluted EPS": -0.02,
        "Total Revenue": 29,
        "Gross Profit": 17,
        "Operating Income": -1,
        "EBIT": 0,
        "Net Income": -1
    },
    "2023-09-30": {
        "Tax Effect Of Unusual Items": -194931.0,
        "Tax Rate For Calcs": 0.121,
        "Normalized EBITDA": 147177000.0,
        "Total Unusual Items": -1611000.0,
        "Total Unusual Items Excluding Goodwill": -1611000.0,
        "Net Income From Continuing Operation Net Minority Interest": 121163000.0,
        "Reconciled Depreciation": 10000000.0,
        "Reconciled Cost Of Revenue": 211326000.0,
        "EBITDA": 145566000.0,
        "EBIT": 135566000.0,
        "Net Interest Income": 6071000.0,
        "Interest Income": 6071000.0,
        "Normalized Income": 122579069.0,
        "Net Income From Continuing And Discontinued Operation": 121163000.0,
        "Total Expenses": 339301000.0,
        "Total Operating Income As Reported": 135566000.0,
        "Diluted Average Shares": 48792000.0,
        "Basic Average Shares": 47780000.0,
        "Diluted EPS": 2.48,
        "Basic EPS": 2.54,
        "Diluted NI Availto Com Stockholders": 121163000.0,
        "Net Income Common Stockholders": 121163000.0,
        "Net Income": 121163000.0,
        "Net Income Including Noncontrolling Interests": 121163000.0,
        "Net Income Continuous Operations": 121163000.0,
        "Tax Provision": 16692000.0,
        "Pretax Income": 137855000.0,
        "Other Income Expense": -3782000.0,
        "Other Non Operating Income Expenses": -3818000.0,
        "Special Income Charges": NaN,
        "Other Special Charges": NaN,
        "Securities Amortization": -1647000.0,
        "Gain On Sale Of Security": -1611000.0,
        "Net Non Operating Interest Income Expense": 6071000.0,
        "Interest Income Non Operating": 6071000.0,
        "Operating Income": 135566000.0,
        "Operating Expense": 127975000.0,
        "Research And Development": 64787000.0,
        "Selling General And Administration": 63188000.0,
        "Gross Profit": 263541000.0,
        "Cost Of Revenue": 211326000.0,
        "Total Revenue": 474867000.0,
        "Operating Revenue": 474867000.0
    },
    "2023-12-31": {
        "Tax Effect Of Unusual Items": 964725.91911,
        "Tax Rate For Calcs": 0.189385,
        "Normalized EBITDA": 114703000.0,
        "Total Unusual Items": 5094000.0,
        "Total Unusual Items Excluding Goodwill": 5094000.0,
        "Net Income From Continuing Operation Net Minority Interest": 96905000.0,
        "Reconciled Depreciation": 10228000.0,
        "Reconciled Cost Of Revenue": 202889000.0,
        "EBITDA": 119797000.0,
        "EBIT": 109569000.0,
        "Net Interest Income": 6519000.0,
        "Interest Income": 6519000.0,
        "Normalized Income": 92775725.91911,
        "Net Income From Continuing And Discontinued Operation": 96905000.0,
        "Total Expenses": 344443000.0,
        "Total Operating Income As Reported": 109569000.0,
        "Diluted Average Shares": 48881000.0,
        "Basic Average Shares": 47936000.0,
        "Diluted EPS": 1.98,
        "Basic EPS": 2.02,
        "Diluted NI Availto Com Stockholders": 96905000.0,
        "Net Income Common Stockholders": 96905000.0,
        "Net Income": 96905000.0,
        "Net Income Including Noncontrolling Interests": 96905000.0,
        "Net Income Continuous Operations": 96905000.0,
        "Tax Provision": 22640000.0,
        "Pretax Income": 119545000.0,
        "Other Income Expense": 3457000.0,
        "Other Non Operating Income Expenses": -5323000.0,
        "Special Income Charges": NaN,
        "Other Special Charges": NaN,
        "Securities Amortization": -3686000.0,
        "Gain On Sale Of Security": 5094000.0,
        "Net Non Operating Interest Income Expense": 6519000.0,
        "Interest Income Non Operating": 6519000.0,
        "Operating Income": 109569000.0,
        "Operating Expense": 141554000.0,
        "Research And Development": 71459000.0,
        "Selling General And Administration": 70095000.0,
        "Gross Profit": 251123000.0,
        "Cost Of Revenue": 202889000.0,
        "Total Revenue": 454012000.0,
        "Operating Revenue": 454012000.0
    },
    "2024-03-31": {
        "Tax Effect Of Unusual Items": 477793.653061,
        "Tax Rate For Calcs": 0.118884,
        "Normalized EBITDA": 99719000.0,
        "Total Unusual Items": 4019000.0,
        "Total Unusual Items Excluding Goodwill": 4019000.0,
        "Net Income From Continuing Operation Net Minority Interest": 92541000.0,
        "Reconciled Depreciation": 8251000.0,
        "Reconciled Cost Of Revenue": 205444000.0,
        "EBITDA": 103738000.0,
        "EBIT": 95487000.0,
        "Net Interest Income": 6914000.0,
        "Interest Income": 6914000.0,
        "Normalized Income": 88999793.653061,
        "Net Income From Continuing And Discontinued Operation": 92541000.0,
        "Total Expenses": 362398000.0,
        "Total Operating Income As Reported": 95487000.0,
        "Diluted Average Shares": 48928000.0,
        "Basic Average Shares": 48635000.0,
        "Diluted EPS": 1.89,
        "Basic EPS": 1.9,
        "Diluted NI Availto Com Stockholders": 92541000.0,
        "Net Income Common Stockholders": 92541000.0,
        "Net Income": 92541000.0,
        "Net Income Including Noncontrolling Interests": 92541000.0,
        "Net Income Continuous Operations": 92541000.0,
        "Tax Provision": 12486000.0,
        "Pretax Income": 105027000.0,
        "Other Income Expense": 2626000.0,
        "Other Non Operating Income Expenses": -5516000.0,
        "Special Income Charges": NaN,
        "Other Special Charges": NaN,
        "Securities Amortization": -4123000.0,
        "Gain On Sale Of Security": 4019000.0,
        "Net Non Operating Interest Income Expense": 6914000.0,
        "Interest Income Non Operating": 6914000.0,
        "Operating Income": 95487000.0,
        "Operating Expense": 156954000.0,
        "Research And Development": 75990000.0,
        "Selling General And Administration": 80964000.0,
        "Gross Profit": 252441000.0,
        "Cost Of Revenue": 205444000.0,
        "Total Revenue": 457885000.0,
        "Operating Revenue": 457885000.0
    },
    "2024-06-30": {
        "Tax Effect Of Unusual Items": 0.0,
        "Tax Rate For Calcs": 0.191,
        "Normalized EBITDA": 125227000.0,
        "Total Unusual Items": NaN,
        "Total Unusual Items Excluding Goodwill": NaN,
        "Net Income From Continuing Operation Net Minority Interest": 100366000.0,
        "Reconciled Depreciation": 8691000.0,
        "Reconciled Cost Of Revenue": 226853000.0,
        "EBITDA": 125227000.0,
        "EBIT": 116536000.0,
        "Net Interest Income": 6630000.0,
        "Interest Income": 6630000.0,
        "Normalized Income": 100366000.0,
        "Net Income From Continuing And Discontinued Operation": 100366000.0,
        "Total Expenses": 390895000.0,
        "Total Operating Income As Reported": 116536000.0,
        "Diluted Average Shares": 48945000.0,
        "Basic Average Shares": 48687000.0,
        "Diluted EPS": 2.05,
        "Basic EPS": 2.06,
        "Diluted NI Availto Com Stockholders": 100366000.0,
        "Net Income Common Stockholders": 100366000.0,
        "Net Income": 100366000.0,
        "Net Income Including Noncontrolling Interests": 100366000.0,
        "Net Income Continuous Operations": 100366000.0,
        "Tax Provision": 23682000.0,
        "Pretax Income": 124048000.0,
        "Other Income Expense": 882000.0,
        "Other Non Operating Income Expenses": -5035000.0,
        "Special Income Charges": NaN,
        "Other Special Charges": NaN,
        "Securities Amortization": -5917000.0,
        "Gain On Sale Of Security": NaN,
        "Net Non Operating Interest Income Expense": 6630000.0,
        "Interest Income Non Operating": 6630000.0,
        "Operating Income": 116536000.0,
        "Operating Expense": 164042000.0,
        "Research And Development": 77945000.0,
        "Selling General And Administration": 86097000.0,
        "Gross Profit": 280578000.0,
        "Cost Of Revenue": 226853000.0,
        "Total Revenue": 507431000.0,
        "Operating Revenue": 507431000.0
    },
    "2024-09-30": {
        "Tax Effect Of Unusual Items": 665874.0,
        "Tax Rate For Calcs": 0.171,
        "Normalized EBITDA": 169579000.0,
        "Total Unusual Items": 3894000.0,
        "Total Unusual Items Excluding Goodwill": 3894000.0,
        "Net Income From Continuing Operation Net Minority Interest": 144430000.0,
        "Reconciled Depreciation": 9445000.0,
        "Reconciled Cost Of Revenue": 276676000.0,
        "EBITDA": 173473000.0,
        "EBIT": 164028000.0,
        "Net Interest Income": 6805000.0,
        "Interest Income": 6805000.0,
        "Normalized Income": 141201874.0,
        "Net Income From Continuing And Discontinued Operation": 144430000.0,
        "Total Expenses": 456091000.0,
        "Total Operating Income As Reported": 164028000.0,
        "Diluted Average Shares": 48964000.0,
        "Basic Average Shares": 48757000.0,
        "Diluted EPS": 2.95,
        "Basic EPS": 2.96,
        "Diluted NI Availto Com Stockholders": 144430000.0,
        "Net Income Common Stockholders": 144430000.0,
        "Net Income": 144430000.0,
        "Net Income Including Noncontrolling Interests": 144430000.0,
        "Net Income Continuous Operations": 144430000.0,
        "Tax Provision": 29876000.0,
        "Pretax Income": 174306000.0,
        "Other Income Expense": 3473000.0,
        "Other Non Operating Income Expenses": -7065000.0,
        "Special Income Charges": NaN,
        "Other Special Charges": NaN,
        "Securities Amortization": -6644000.0,
        "Gain On Sale Of Security": 3894000.0,
        "Net Non Operating Interest Income Expense": 6805000.0,
        "Interest Income Non Operating": 6805000.0,
        "Operating Income": 164028000.0,
        "Operating Expense": 179415000.0,
        "Research And Development": 85051000.0,
        "Selling General And Administration": 94364000.0,
        "Gross Profit": 343443000.0,
        "Cost Of Revenue": 276676000.0,
        "Total Revenue": 620119000.0,
        "Operating Revenue": 620119000.0
    }
}