{
    "2023-06-30": {
        "Tax Effect Of Unusual Items": NaN,
        "Tax Rate For Calcs": NaN,
        "Normalized EBITDA": NaN,
        "Total Unusual Items": NaN,
        "Total Unusual Items Excluding Goodwill": NaN,
        "Net Income From Continuing Operation Net Minority Interest": NaN,
        "Reconciled Depreciation": NaN,
        "Reconciled Cost Of Revenue": NaN,
        "EBITDA": NaN,
        "EBIT": NaN,
        "Net Interest Income": NaN,
        "Interest Income": NaN,
        "Normalized Income": NaN,
        "Net Income From Continuing And Discontinued Operation": NaN,
        "Total Expenses": NaN,
        "Total Operating Income As Reported": NaN,
        "Diluted Average Shares": NaN,
        "Basic Average Shares": NaN,
        "Diluted EPS": NaN,
        "Basic EPS": NaN,
        "Diluted NI Availto Com Stockholders": NaN,
        "Net Income Common Stockholders": NaN,
        "Net Income": NaN,
        "Net Income Including Noncontrolling Interests": NaN,
        "Net Income Continuous Operations": NaN,
        "Tax Provision": NaN,
        "Pretax Income": NaN,
        "Other Income Expense": NaN,
        "Special Income Charges": NaN,
        "Gain On Sale Of Ppe": NaN,
        "Net Non Operating Interest Income Expense": NaN,
        "Total Other Finance Cost": -723000.0,
        "Interest Income Non Operating": NaN,
        "Operating Income": NaN,
        "Operating Expense": NaN,
        "Selling General And Administration": NaN,
        "Gross Profit": NaN,
        "Cost Of Revenue": NaN,
        "Total Revenue": NaN,
        "Operating Revenue": NaN
    },
    "2023-03-31": {
        "Tax Effect Of Unusual Items": NaN,
        "Tax Rate For Calcs": NaN,
        "Normalized EBITDA": NaN,
        "Total Unusual Items": NaN,
        "Total Unusual Items Excluding Goodwill": NaN,
        "Net Income From Continuing Operation Net Minority Interest": NaN,
        "Reconciled Depreciation": NaN,
        "Reconciled Cost Of Revenue": NaN,
        "EBITDA": NaN,
        "EBIT": NaN,
        "Net Interest Income": NaN,
        "Interest Income": NaN,
        "Normalized Income": NaN,
        "Net Income From Continuing And Discontinued Operation": NaN,
        "Total Expenses": NaN,
        "Total Operating Income As Reported": NaN,
        "Diluted Average Shares": NaN,
        "Basic Average Shares": NaN,
        "Diluted EPS": NaN,
        "Basic EPS": NaN,
        "Diluted NI Availto Com Stockholders": NaN,
        "Net Income Common Stockholders": NaN,
        "Otherunder Preferred Stock Dividend": 274000.0,
        "Net Income": NaN,
        "Net Income Including Noncontrolling Interests": NaN,
        "Net Income Continuous Operations": NaN,
        "Tax Provision": NaN,
        "Pretax Income": NaN,
        "Other Income Expense": NaN,
        "Special Income Charges": NaN,
        "Gain On Sale Of Ppe": NaN,
        "Net Non Operating Interest Income Expense": NaN,
        "Total Other Finance Cost": -483000.0,
        "Interest Income Non Operating": NaN,
        "Operating Income": NaN,
        "Operating Expense": NaN,
        "Selling General And Administration": NaN,
        "Gross Profit": NaN,
        "Cost Of Revenue": NaN,
        "Total Revenue": NaN,
        "Operating Revenue": NaN
    },
    "2022-12-31": {
        "Tax Effect Of Unusual Items": NaN,
        "Tax Rate For Calcs": NaN,
        "Normalized EBITDA": NaN,
        "Total Unusual Items": NaN,
        "Total Unusual Items Excluding Goodwill": NaN,
        "Net Income From Continuing Operation Net Minority Interest": NaN,
        "Reconciled Depreciation": NaN,
        "Reconciled Cost Of Revenue": NaN,
        "EBITDA": NaN,
        "EBIT": NaN,
        "Net Interest Income": NaN,
        "Interest Income": NaN,
        "Normalized Income": NaN,
        "Net Income From Continuing And Discontinued Operation": NaN,
        "Total Expenses": NaN,
        "Total Operating Income As Reported": NaN,
        "Diluted Average Shares": NaN,
        "Basic Average Shares": NaN,
        "Diluted EPS": NaN,
        "Basic EPS": NaN,
        "Diluted NI Availto Com Stockholders": NaN,
        "Net Income Common Stockholders": NaN,
        "Otherunder Preferred Stock Dividend": 256000.0,
        "Net Income": NaN,
        "Net Income Including Noncontrolling Interests": NaN,
        "Net Income Continuous Operations": NaN,
        "Tax Provision": NaN,
        "Pretax Income": NaN,
        "Other Income Expense": NaN,
        "Special Income Charges": NaN,
        "Gain On Sale Of Ppe": NaN,
        "Net Non Operating Interest Income Expense": NaN,
        "Total Other Finance Cost": NaN,
        "Interest Income Non Operating": NaN,
        "Operating Income": NaN,
        "Operating Expense": NaN,
        "Selling General And Administration": NaN,
        "Gross Profit": NaN,
        "Cost Of Revenue": NaN,
        "Total Revenue": NaN,
        "Operating Revenue": NaN
    },
    "2022-09-30": {
        "Tax Effect Of Unusual Items": NaN,
        "Tax Rate For Calcs": NaN,
        "Normalized EBITDA": NaN,
        "Total Unusual Items": 0.0,
        "Total Unusual Items Excluding Goodwill": 0.0,
        "Net Income From Continuing Operation Net Minority Interest": NaN,
        "Reconciled Depreciation": NaN,
        "Reconciled Cost Of Revenue": NaN,
        "EBITDA": NaN,
        "EBIT": NaN,
        "Net Interest Income": NaN,
        "Interest Income": NaN,
        "Normalized Income": NaN,
        "Net Income From Continuing And Discontinued Operation": NaN,
        "Total Expenses": NaN,
        "Total Operating Income As Reported": NaN,
        "Diluted Average Shares": NaN,
        "Basic Average Shares": NaN,
        "Diluted EPS": NaN,
        "Basic EPS": NaN,
        "Diluted NI Availto Com Stockholders": NaN,
        "Net Income Common Stockholders": NaN,
        "Otherunder Preferred Stock Dividend": 254000.0,
        "Net Income": NaN,
        "Net Income Including Noncontrolling Interests": NaN,
        "Net Income Continuous Operations": NaN,
        "Tax Provision": NaN,
        "Pretax Income": NaN,
        "Other Income Expense": NaN,
        "Special Income Charges": 0.0,
        "Gain On Sale Of Ppe": 0.0,
        "Net Non Operating Interest Income Expense": NaN,
        "Total Other Finance Cost": NaN,
        "Interest Income Non Operating": NaN,
        "Operating Income": NaN,
        "Operating Expense": NaN,
        "Selling General And Administration": NaN,
        "Gross Profit": NaN,
        "Cost Of Revenue": NaN,
        "Total Revenue": NaN,
        "Operating Revenue": NaN
    },
    "2022-06-30": {
        "Tax Effect Of Unusual Items": 0.0,
        "Tax Rate For Calcs": 0.24,
        "Normalized EBITDA": 13114000.0,
        "Net Income From Continuing Operation Net Minority Interest": 9955000.0,
        "Reconciled Depreciation": 464000.0,
        "Reconciled Cost Of Revenue": 72816000.0,
        "EBITDA": 13114000.0,
        "EBIT": 13114000.0,
        "Net Interest Income": -7000.0,
        "Interest Income": NaN,
        "Normalized Income": 9955000.0,
        "Net Income From Continuing And Discontinued Operation": 9955000.0,
        "Total Expenses": 82699000.0,
        "Total Operating Income As Reported": 13114000.0,
        "Diluted Average Shares": 34191000.0,
        "Basic Average Shares": 34191000.0,
        "Diluted EPS": 0.29,
        "Basic EPS": 0.29,
        "Diluted NI Availto Com Stockholders": 9955000.0,
        "Net Income Common Stockholders": 9955000.0,
        "Otherunder Preferred Stock Dividend": 208000.0,
        "Net Income": 9955000.0,
        "Net Income Including Noncontrolling Interests": 9955000.0,
        "Net Income Continuous Operations": 9955000.0,
        "Tax Provision": 3152000.0,
        "Pretax Income": 13107000.0,
        "Net Non Operating Interest Income Expense": -7000.0,
        "Total Other Finance Cost": 7000.0,
        "Interest Income Non Operating": NaN,
        "Operating Income": 13114000.0,
        "Operating Expense": 9883000.0,
        "Selling General And Administration": 9883000.0,
        "Gross Profit": 22997000.0,
        "Cost Of Revenue": 72816000.0,
        "Total Revenue": 95813000.0,
        "Operating Revenue": 95813000.0
    },
    "2022-03-31": {
        "Diluted EPS": 0.21,
        "Total Revenue": 77,
        "Gross Profit": 18,
        "Operating Income": 9,
        "EBIT": 10,
        "Net Income": 7
    },
    "2021-12-31": {
        "Diluted EPS": 0.24,
        "Total Revenue": 77,
        "Gross Profit": 19,
        "Operating Income": 11,
        "EBIT": 11,
        "Net Income": 8
    },
    "2021-09-30": {
        "Diluted EPS": 0.2,
        "Total Revenue": 76,
        "Gross Profit": 16,
        "Operating Income": 8,
        "EBIT": 9,
        "Net Income": 7
    },
    "2021-06-30": {
        "Diluted EPS": 0.17,
        "Total Revenue": 67,
        "Gross Profit": 15,
        "Operating Income": 7,
        "EBIT": 8,
        "Net Income": 6
    },
    "2021-03-31": {
        "Diluted EPS": 0.24,
        "Total Revenue": 78,
        "Gross Profit": 18,
        "Operating Income": 10,
        "EBIT": 10,
        "Net Income": 8
    },
    "2020-12-31": {
        "Diluted EPS": 0.21,
        "Total Revenue": 71,
        "Gross Profit": 17,
        "Operating Income": 9,
        "EBIT": 10,
        "Net Income": 7
    },
    "2020-09-30": {
        "Diluted EPS": 0.19,
        "Total Revenue": 69,
        "Gross Profit": 16,
        "Operating Income": 8,
        "EBIT": 9,
        "Net Income": 6
    },
    "2020-06-30": {
        "Diluted EPS": 0.05,
        "Total Revenue": 41,
        "Gross Profit": 8,
        "Operating Income": 2,
        "EBIT": 3,
        "Net Income": 2
    },
    "2020-03-31": {
        "Diluted EPS": 0.12,
        "Total Revenue": 59,
        "Gross Profit": 12,
        "Operating Income": 5,
        "EBIT": 5,
        "Net Income": 4
    },
    "2019-12-31": {
        "Diluted EPS": 0.11,
        "Total Revenue": 48,
        "Gross Profit": 11,
        "Operating Income": 4,
        "EBIT": 5,
        "Net Income": 3
    },
    "2019-09-30": {
        "Diluted EPS": 0.23,
        "Total Revenue": 72,
        "Gross Profit": 16,
        "Operating Income": 10,
        "EBIT": 10,
        "Net Income": 8
    },
    "2019-06-30": {
        "Diluted EPS": 0.27,
        "Total Revenue": 89,
        "Gross Profit": 20,
        "Operating Income": 11,
        "EBIT": 12,
        "Net Income": 9
    },
    "2019-03-31": {
        "Diluted EPS": 0.22,
        "Total Revenue": 83,
        "Gross Profit": 19,
        "Operating Income": 9,
        "EBIT": 9,
        "Net Income": 7
    },
    "2018-12-31": {
        "Diluted EPS": 0.14,
        "Total Revenue": 62,
        "Gross Profit": 13,
        "Operating Income": 6,
        "EBIT": 7,
        "Net Income": 5
    },
    "2018-09-30": {
        "Diluted EPS": 0.21,
        "Total Revenue": 72,
        "Gross Profit": 16,
        "Operating Income": 9,
        "EBIT": 10,
        "Net Income": 7
    },
    "2018-06-30": {
        "Diluted EPS": 0.26,
        "Total Revenue": 87,
        "Gross Profit": 19,
        "Operating Income": 11,
        "EBIT": 12,
        "Net Income": 9
    },
    "2018-03-31": {
        "Diluted EPS": 0.22,
        "Total Revenue": 78,
        "Gross Profit": 18,
        "Operating Income": 9,
        "EBIT": 10,
        "Net Income": 7
    },
    "2017-12-31": {
        "Diluted EPS": 0.09,
        "Total Revenue": 66,
        "Gross Profit": 14,
        "Operating Income": 7,
        "EBIT": 8,
        "Net Income": 4
    },
    "2017-09-30": {
        "Diluted EPS": 0.13,
        "Total Revenue": 59,
        "Gross Profit": 13,
        "Operating Income": 7,
        "EBIT": 7,
        "Net Income": 4
    },
    "2017-06-30": {
        "Diluted EPS": 0.18,
        "Total Revenue": 71,
        "Gross Profit": 16,
        "Operating Income": 9,
        "EBIT": 9,
        "Net Income": 6
    },
    "2017-03-31": {
        "Diluted EPS": 0.15,
        "Total Revenue": 71,
        "Gross Profit": 15,
        "Operating Income": 7,
        "EBIT": 7,
        "Net Income": 5
    },
    "2016-12-31": {
        "Diluted EPS": 0.1,
        "Total Revenue": 57,
        "Gross Profit": 12,
        "Operating Income": 5,
        "EBIT": 6,
        "Net Income": 3
    },
    "2016-09-30": {
        "Diluted EPS": 0.11,
        "Total Revenue": 55,
        "Gross Profit": 12,
        "Operating Income": 5,
        "EBIT": 6,
        "Net Income": 4
    },
    "2016-06-30": {
        "Diluted EPS": 0.13,
        "Total Revenue": 65,
        "Gross Profit": 14,
        "Operating Income": 7,
        "EBIT": 7,
        "Net Income": 5
    },
    "2016-03-31": {
        "Diluted EPS": 0.1,
        "Total Revenue": 64,
        "Gross Profit": 13,
        "Operating Income": 6,
        "EBIT": 6,
        "Net Income": 4
    },
    "2015-12-31": {
        "Diluted EPS": 0.11,
        "Total Revenue": 50,
        "Gross Profit": 11,
        "Operating Income": 5,
        "EBIT": 6,
        "Net Income": 4
    },
    "2015-09-30": {
        "Diluted EPS": 0.08,
        "Total Revenue": 47,
        "Gross Profit": 10,
        "Operating Income": 4,
        "EBIT": 5,
        "Net Income": 3
    },
    "2015-06-30": {
        "Diluted EPS": 0.12,
        "Total Revenue": 59,
        "Gross Profit": 13,
        "Operating Income": 6,
        "EBIT": 7,
        "Net Income": 4
    },
    "2015-03-31": {
        "Diluted EPS": 0.08,
        "Total Revenue": 51,
        "Gross Profit": 10,
        "Operating Income": 4,
        "EBIT": 5,
        "Net Income": 3
    },
    "2014-12-31": {
        "Diluted EPS": 0.06,
        "Total Revenue": 37,
        "Gross Profit": 7,
        "Operating Income": 3,
        "EBIT": 4,
        "Net Income": 2
    },
    "2014-09-30": {
        "Diluted EPS": 0.05,
        "Total Revenue": 38,
        "Gross Profit": 7,
        "Operating Income": 3,
        "EBIT": 3,
        "Net Income": 2
    },
    "2014-06-30": {
        "Diluted EPS": 0.08,
        "Total Revenue": 48,
        "Gross Profit": 9,
        "Operating Income": 4,
        "EBIT": 4,
        "Net Income": 3
    },
    "2014-03-31": {
        "Diluted EPS": 0.05,
        "Total Revenue": 48,
        "Gross Profit": 9,
        "Operating Income": 3,
        "EBIT": 3,
        "Net Income": 2
    },
    "2013-12-31": {
        "Diluted EPS": 0.06,
        "Total Revenue": 40,
        "Gross Profit": 8,
        "Operating Income": 3,
        "EBIT": 4,
        "Net Income": 2
    },
    "2013-09-30": {
        "Diluted EPS": 0.05,
        "Total Revenue": 42,
        "Gross Profit": 8,
        "Operating Income": 3,
        "EBIT": 3,
        "Net Income": 2
    },
    "2013-06-30": {
        "Diluted EPS": 0.05,
        "Total Revenue": 42,
        "Gross Profit": 7,
        "Operating Income": 2,
        "EBIT": 3,
        "Net Income": 2
    },
    "2013-03-31": {
        "Diluted EPS": 0.04,
        "Total Revenue": 44,
        "Gross Profit": 7,
        "Operating Income": 1,
        "EBIT": 2,
        "Net Income": 1
    },
    "2012-12-31": {
        "Diluted EPS": 0.03,
        "Total Revenue": 34,
        "Gross Profit": 6,
        "Operating Income": 1,
        "EBIT": 1,
        "Net Income": 1
    },
    "2012-09-30": {
        "Diluted EPS": 0.06,
        "Total Revenue": 38,
        "Gross Profit": 7,
        "Operating Income": 3,
        "EBIT": 3,
        "Net Income": 2
    },
    "2012-06-30": {
        "Diluted EPS": 0.06,
        "Total Revenue": 38,
        "Gross Profit": 7,
        "Operating Income": 3,
        "EBIT": 3,
        "Net Income": 2
    },
    "2012-03-31": {
        "Diluted EPS": 0.04,
        "Total Revenue": 38,
        "Gross Profit": 7,
        "Operating Income": 2,
        "EBIT": 2,
        "Net Income": 2
    },
    "2011-12-31": {
        "Diluted EPS": 0.1,
        "Total Revenue": 28,
        "Gross Profit": 6,
        "Operating Income": 2,
        "EBIT": 2,
        "Net Income": 4
    },
    "2011-09-30": {
        "Diluted EPS": 0.03,
        "Total Revenue": 22,
        "Gross Profit": 5,
        "Operating Income": 1,
        "EBIT": 2,
        "Net Income": 1
    },
    "2011-06-30": {
        "Diluted EPS": 0.03,
        "Total Revenue": 29,
        "Gross Profit": 5,
        "Operating Income": 1,
        "EBIT": 1,
        "Net Income": 1
    },
    "2011-03-31": {
        "Diluted EPS": 0.02,
        "Total Revenue": 27,
        "Gross Profit": 4,
        "Operating Income": 1,
        "EBIT": 1,
        "Net Income": 1
    },
    "2010-12-31": {
        "Diluted EPS": 0.01,
        "Total Revenue": 21,
        "Gross Profit": 4,
        "Operating Income": 0,
        "EBIT": 1,
        "Net Income": 0
    },
    "2010-09-30": {
        "Diluted EPS": 0.03,
        "Total Revenue": 24,
        "Gross Profit": 4,
        "Operating Income": 1,
        "EBIT": 1,
        "Net Income": 1
    },
    "2010-06-30": {
        "Diluted EPS": 0.07,
        "Total Revenue": 32,
        "Gross Profit": 7,
        "Operating Income": 3,
        "EBIT": 3,
        "Net Income": 2
    },
    "2010-03-31": {
        "Diluted EPS": 0.0,
        "Total Revenue": 24,
        "Gross Profit": 3,
        "Operating Income": 0,
        "EBIT": 0,
        "Net Income": 0
    },
    "2009-12-31": {
        "Diluted EPS": -0.08,
        "Total Revenue": 11,
        "Gross Profit": -1,
        "Operating Income": -5,
        "EBIT": -4,
        "Net Income": -3
    },
    "2009-09-30": {
        "Diluted EPS": -0.04,
        "Total Revenue": 7,
        "Gross Profit": -1,
        "Operating Income": -3,
        "EBIT": -3,
        "Net Income": -2
    },
    "2009-06-30": {
        "Diluted EPS": -0.11,
        "Total Revenue": 8,
        "Gross Profit": -4,
        "Operating Income": -6,
        "EBIT": -6,
        "Net Income": -4
    },
    "2009-03-31": {
        "Diluted EPS": -0.07,
        "Total Revenue": 13,
        "Gross Profit": -1,
        "Operating Income": -5,
        "EBIT": -4,
        "Net Income": -2
    },
    "2023-09-30": {
        "Tax Effect Of Unusual Items": 424008.439454,
        "Tax Rate For Calcs": 0.21611,
        "Normalized EBITDA": 9097000.0,
        "Total Unusual Items": 1962000.0,
        "Total Unusual Items Excluding Goodwill": 1962000.0,
        "Net Income From Continuing Operation Net Minority Interest": 10403000.0,
        "Reconciled Depreciation": 610000.0,
        "Reconciled Cost Of Revenue": 58548000.0,
        "EBITDA": 11059000.0,
        "EBIT": 10449000.0,
        "Net Interest Income": 860000.0,
        "Interest Income": 860000.0,
        "Normalized Income": 8865008.439454,
        "Net Income From Continuing And Discontinued Operation": 10403000.0,
        "Total Expenses": 67337000.0,
        "Total Operating Income As Reported": 12411000.0,
        "Diluted Average Shares": 33628000.0,
        "Basic Average Shares": 33628000.0,
        "Diluted EPS": 0.3,
        "Basic EPS": 0.3,
        "Diluted NI Availto Com Stockholders": 10403000.0,
        "Net Income Common Stockholders": 10403000.0,
        "Net Income": 10403000.0,
        "Net Income Including Noncontrolling Interests": 10403000.0,
        "Net Income Continuous Operations": 10403000.0,
        "Tax Provision": 2868000.0,
        "Pretax Income": 13271000.0,
        "Other Income Expense": 1962000.0,
        "Special Income Charges": 1962000.0,
        "Gain On Sale Of Ppe": 1962000.0,
        "Net Non Operating Interest Income Expense": 860000.0,
        "Total Other Finance Cost": NaN,
        "Interest Income Non Operating": 860000.0,
        "Operating Income": 10449000.0,
        "Operating Expense": 8789000.0,
        "Selling General And Administration": 8789000.0,
        "Gross Profit": 19238000.0,
        "Cost Of Revenue": 58548000.0,
        "Total Revenue": 77786000.0,
        "Operating Revenue": 77786000.0
    },
    "2023-12-31": {
        "Tax Effect Of Unusual Items": 13327.385453,
        "Tax Rate For Calcs": 0.1801,
        "Normalized EBITDA": 6337000.0,
        "Total Unusual Items": 74000.0,
        "Total Unusual Items Excluding Goodwill": 74000.0,
        "Net Income From Continuing Operation Net Minority Interest": 5422000.0,
        "Reconciled Depreciation": 666000.0,
        "Reconciled Cost Of Revenue": 57408000.0,
        "EBITDA": 6411000.0,
        "EBIT": 5745000.0,
        "Net Interest Income": 794000.0,
        "Interest Income": 794000.0,
        "Normalized Income": 5361327.385453,
        "Net Income From Continuing And Discontinued Operation": 5422000.0,
        "Total Expenses": 65126000.0,
        "Total Operating Income As Reported": 5819000.0,
        "Diluted Average Shares": 34467000.0,
        "Basic Average Shares": 34467000.0,
        "Diluted EPS": 0.16,
        "Basic EPS": 0.16,
        "Diluted NI Availto Com Stockholders": 4423000.0,
        "Net Income Common Stockholders": 4423000.0,
        "Net Income": 5422000.0,
        "Net Income Including Noncontrolling Interests": 5422000.0,
        "Net Income Continuous Operations": 5422000.0,
        "Tax Provision": 1191000.0,
        "Pretax Income": 6613000.0,
        "Other Income Expense": 74000.0,
        "Special Income Charges": 74000.0,
        "Gain On Sale Of Ppe": 74000.0,
        "Net Non Operating Interest Income Expense": 794000.0,
        "Total Other Finance Cost": NaN,
        "Interest Income Non Operating": 794000.0,
        "Operating Income": 5745000.0,
        "Operating Expense": 7718000.0,
        "Selling General And Administration": 7718000.0,
        "Gross Profit": 13463000.0,
        "Cost Of Revenue": 57408000.0,
        "Total Revenue": 70871000.0,
        "Operating Revenue": 70871000.0
    },
    "2024-03-31": {
        "Tax Effect Of Unusual Items": 0.0,
        "Tax Rate For Calcs": 0.246,
        "Normalized EBITDA": 5924000.0,
        "Total Unusual Items": NaN,
        "Total Unusual Items Excluding Goodwill": NaN,
        "Net Income From Continuing Operation Net Minority Interest": 4597000.0,
        "Reconciled Depreciation": 682000.0,
        "Reconciled Cost Of Revenue": 55356000.0,
        "EBITDA": 5924000.0,
        "EBIT": 5242000.0,
        "Net Interest Income": 851000.0,
        "Interest Income": 851000.0,
        "Normalized Income": 4597000.0,
        "Net Income From Continuing And Discontinued Operation": 4597000.0,
        "Total Expenses": 64098000.0,
        "Total Operating Income As Reported": 5242000.0,
        "Diluted Average Shares": 33752000.0,
        "Basic Average Shares": 33752000.0,
        "Diluted EPS": 0.13,
        "Basic EPS": 0.13,
        "Diluted NI Availto Com Stockholders": 4597000.0,
        "Net Income Common Stockholders": 4597000.0,
        "Net Income": 4597000.0,
        "Net Income Including Noncontrolling Interests": 4597000.0,
        "Net Income Continuous Operations": 4597000.0,
        "Tax Provision": 1496000.0,
        "Pretax Income": 6093000.0,
        "Other Income Expense": NaN,
        "Special Income Charges": NaN,
        "Gain On Sale Of Ppe": NaN,
        "Net Non Operating Interest Income Expense": 851000.0,
        "Total Other Finance Cost": NaN,
        "Interest Income Non Operating": 851000.0,
        "Operating Income": 5242000.0,
        "Operating Expense": 8742000.0,
        "Selling General And Administration": 8742000.0,
        "Gross Profit": 13984000.0,
        "Cost Of Revenue": 55356000.0,
        "Total Revenue": 69340000.0,
        "Operating Revenue": 69340000.0
    },
    "2024-06-30": {
        "Tax Effect Of Unusual Items": 0.0,
        "Tax Rate For Calcs": 0.157,
        "Normalized EBITDA": 6452000.0,
        "Total Unusual Items": NaN,
        "Total Unusual Items Excluding Goodwill": NaN,
        "Net Income From Continuing Operation Net Minority Interest": 5585000.0,
        "Reconciled Depreciation": 702000.0,
        "Reconciled Cost Of Revenue": 56373000.0,
        "EBITDA": 6452000.0,
        "EBIT": 5750000.0,
        "Net Interest Income": 879000.0,
        "Interest Income": 879000.0,
        "Normalized Income": 5585000.0,
        "Net Income From Continuing And Discontinued Operation": 5585000.0,
        "Total Expenses": 63797000.0,
        "Total Operating Income As Reported": 5750000.0,
        "Diluted Average Shares": 33822000.0,
        "Basic Average Shares": 33822000.0,
        "Diluted EPS": 0.14,
        "Basic EPS": 0.14,
        "Diluted NI Availto Com Stockholders": 5585000.0,
        "Net Income Common Stockholders": 5585000.0,
        "Net Income": 5585000.0,
        "Net Income Including Noncontrolling Interests": 5585000.0,
        "Net Income Continuous Operations": 5585000.0,
        "Tax Provision": 1044000.0,
        "Pretax Income": 6629000.0,
        "Other Income Expense": NaN,
        "Special Income Charges": NaN,
        "Gain On Sale Of Ppe": NaN,
        "Net Non Operating Interest Income Expense": 879000.0,
        "Total Other Finance Cost": NaN,
        "Interest Income Non Operating": 879000.0,
        "Operating Income": 5750000.0,
        "Operating Expense": 7424000.0,
        "Selling General And Administration": 7424000.0,
        "Gross Profit": 13174000.0,
        "Cost Of Revenue": 56373000.0,
        "Total Revenue": 69547000.0,
        "Operating Revenue": 69547000.0
    },
    "2024-09-30": {
        "Tax Effect Of Unusual Items": 9706.439394,
        "Tax Rate For Calcs": 0.194129,
        "Normalized EBITDA": 4194000.0,
        "Total Unusual Items": 50000.0,
        "Total Unusual Items Excluding Goodwill": 50000.0,
        "Net Income From Continuing Operation Net Minority Interest": 3404000.0,
        "Reconciled Depreciation": 704000.0,
        "Reconciled Cost Of Revenue": 40668000.0,
        "EBITDA": 4244000.0,
        "EBIT": 3540000.0,
        "Net Interest Income": 634000.0,
        "Interest Income": 634000.0,
        "Normalized Income": 3363706.439394,
        "Net Income From Continuing And Discontinued Operation": 3404000.0,
        "Total Expenses": 46310000.0,
        "Total Operating Income As Reported": 3590000.0,
        "Diluted Average Shares": 33837000.0,
        "Basic Average Shares": 33837000.0,
        "Diluted EPS": 0.1,
        "Basic EPS": 0.1,
        "Diluted NI Availto Com Stockholders": 3404000.0,
        "Net Income Common Stockholders": 3404000.0,
        "Net Income": 3404000.0,
        "Net Income Including Noncontrolling Interests": 3404000.0,
        "Net Income Continuous Operations": 3404000.0,
        "Tax Provision": 820000.0,
        "Pretax Income": 4224000.0,
        "Other Income Expense": 50000.0,
        "Special Income Charges": 50000.0,
        "Gain On Sale Of Ppe": 50000.0,
        "Net Non Operating Interest Income Expense": 634000.0,
        "Total Other Finance Cost": NaN,
        "Interest Income Non Operating": 634000.0,
        "Operating Income": 3540000.0,
        "Operating Expense": 5642000.0,
        "Selling General And Administration": 5642000.0,
        "Gross Profit": 9182000.0,
        "Cost Of Revenue": 40668000.0,
        "Total Revenue": 49850000.0,
        "Operating Revenue": 49850000.0
    }
}