{
    "2023-03-31": {
        "Tax Effect Of Unusual Items": NaN,
        "Tax Rate For Calcs": NaN,
        "Normalized EBITDA": NaN,
        "Total Unusual Items": NaN,
        "Total Unusual Items Excluding Goodwill": NaN,
        "Net Income From Continuing Operation Net Minority Interest": NaN,
        "Reconciled Depreciation": NaN,
        "Reconciled Cost Of Revenue": NaN,
        "EBITDA": NaN,
        "EBIT": NaN,
        "Net Interest Income": NaN,
        "Interest Expense": NaN,
        "Normalized Income": NaN,
        "Net Income From Continuing And Discontinued Operation": NaN,
        "Total Expenses": NaN,
        "Total Operating Income As Reported": NaN,
        "Diluted Average Shares": 20832074.0,
        "Basic Average Shares": 20450994.0,
        "Diluted EPS": 0.04,
        "Basic EPS": 0.04,
        "Diluted NI Availto Com Stockholders": NaN,
        "Average Dilution Earnings": 23000.0,
        "Net Income Common Stockholders": NaN,
        "Net Income": NaN,
        "Net Income Including Noncontrolling Interests": NaN,
        "Net Income Continuous Operations": NaN,
        "Tax Provision": NaN,
        "Pretax Income": NaN,
        "Other Income Expense": NaN,
        "Other Non Operating Income Expenses": NaN,
        "Gain On Sale Of Security": NaN,
        "Net Non Operating Interest Income Expense": NaN,
        "Interest Expense Non Operating": NaN,
        "Operating Income": NaN,
        "Operating Expense": NaN,
        "Research And Development": NaN,
        "Selling General And Administration": NaN,
        "Selling And Marketing Expense": NaN,
        "General And Administrative Expense": NaN,
        "Other Gand A": NaN,
        "Salaries And Wages": NaN,
        "Gross Profit": NaN,
        "Cost Of Revenue": NaN,
        "Total Revenue": NaN,
        "Operating Revenue": NaN
    },
    "2022-12-31": {
        "Tax Effect Of Unusual Items": NaN,
        "Tax Rate For Calcs": NaN,
        "Normalized EBITDA": NaN,
        "Total Unusual Items": NaN,
        "Total Unusual Items Excluding Goodwill": NaN,
        "Net Income From Continuing Operation Net Minority Interest": NaN,
        "Reconciled Depreciation": NaN,
        "Reconciled Cost Of Revenue": NaN,
        "EBITDA": NaN,
        "EBIT": NaN,
        "Net Interest Income": NaN,
        "Interest Expense": NaN,
        "Normalized Income": NaN,
        "Net Income From Continuing And Discontinued Operation": NaN,
        "Total Expenses": NaN,
        "Total Operating Income As Reported": NaN,
        "Diluted Average Shares": NaN,
        "Basic Average Shares": NaN,
        "Diluted EPS": NaN,
        "Basic EPS": NaN,
        "Diluted NI Availto Com Stockholders": NaN,
        "Average Dilution Earnings": NaN,
        "Net Income Common Stockholders": NaN,
        "Net Income": NaN,
        "Net Income Including Noncontrolling Interests": NaN,
        "Net Income Continuous Operations": NaN,
        "Tax Provision": 14000.0,
        "Pretax Income": NaN,
        "Other Income Expense": NaN,
        "Other Non Operating Income Expenses": NaN,
        "Gain On Sale Of Security": NaN,
        "Net Non Operating Interest Income Expense": NaN,
        "Interest Expense Non Operating": NaN,
        "Operating Income": NaN,
        "Operating Expense": NaN,
        "Research And Development": NaN,
        "Selling General And Administration": NaN,
        "Selling And Marketing Expense": NaN,
        "General And Administrative Expense": NaN,
        "Other Gand A": NaN,
        "Salaries And Wages": NaN,
        "Gross Profit": NaN,
        "Cost Of Revenue": NaN,
        "Total Revenue": NaN,
        "Operating Revenue": NaN
    },
    "2022-09-30": {
        "Tax Effect Of Unusual Items": NaN,
        "Tax Rate For Calcs": NaN,
        "Normalized EBITDA": NaN,
        "Total Unusual Items": NaN,
        "Total Unusual Items Excluding Goodwill": NaN,
        "Net Income From Continuing Operation Net Minority Interest": NaN,
        "Reconciled Depreciation": NaN,
        "Reconciled Cost Of Revenue": NaN,
        "EBITDA": NaN,
        "EBIT": NaN,
        "Net Interest Income": NaN,
        "Interest Expense": NaN,
        "Normalized Income": NaN,
        "Net Income From Continuing And Discontinued Operation": NaN,
        "Total Expenses": NaN,
        "Total Operating Income As Reported": NaN,
        "Diluted Average Shares": 20539064.0,
        "Basic Average Shares": 20206728.0,
        "Diluted EPS": 0.09,
        "Basic EPS": 0.09,
        "Diluted NI Availto Com Stockholders": NaN,
        "Average Dilution Earnings": 0.0,
        "Net Income Common Stockholders": NaN,
        "Net Income": NaN,
        "Net Income Including Noncontrolling Interests": NaN,
        "Net Income Continuous Operations": NaN,
        "Tax Provision": 0.0,
        "Pretax Income": NaN,
        "Other Income Expense": NaN,
        "Other Non Operating Income Expenses": NaN,
        "Gain On Sale Of Security": NaN,
        "Net Non Operating Interest Income Expense": NaN,
        "Interest Expense Non Operating": NaN,
        "Operating Income": NaN,
        "Operating Expense": NaN,
        "Research And Development": NaN,
        "Selling General And Administration": NaN,
        "Selling And Marketing Expense": NaN,
        "General And Administrative Expense": NaN,
        "Other Gand A": NaN,
        "Salaries And Wages": NaN,
        "Gross Profit": NaN,
        "Cost Of Revenue": NaN,
        "Total Revenue": NaN,
        "Operating Revenue": NaN
    },
    "2022-06-30": {
        "Tax Effect Of Unusual Items": 0.0,
        "Tax Rate For Calcs": 0.0,
        "Normalized EBITDA": 1944000.0,
        "Total Unusual Items": 1000.0,
        "Total Unusual Items Excluding Goodwill": 1000.0,
        "Net Income From Continuing Operation Net Minority Interest": 1671000.0,
        "Reconciled Depreciation": 204000.0,
        "Reconciled Cost Of Revenue": 6116000.0,
        "EBITDA": 1945000.0,
        "EBIT": 1741000.0,
        "Net Interest Income": -70000.0,
        "Interest Expense": 70000.0,
        "Normalized Income": 1670000.0,
        "Net Income From Continuing And Discontinued Operation": 1671000.0,
        "Total Expenses": 12967000.0,
        "Total Operating Income As Reported": 1740000.0,
        "Diluted Average Shares": 20424283.0,
        "Basic Average Shares": 20069444.0,
        "Diluted EPS": 0.08,
        "Basic EPS": 0.08,
        "Diluted NI Availto Com Stockholders": 1660000.0,
        "Average Dilution Earnings": -11000.0,
        "Net Income Common Stockholders": 1671000.0,
        "Net Income": 1671000.0,
        "Net Income Including Noncontrolling Interests": 1671000.0,
        "Net Income Continuous Operations": 1671000.0,
        "Tax Provision": 0.0,
        "Pretax Income": 1671000.0,
        "Other Income Expense": 1000.0,
        "Other Non Operating Income Expenses": NaN,
        "Gain On Sale Of Security": 1000.0,
        "Net Non Operating Interest Income Expense": -70000.0,
        "Interest Expense Non Operating": 70000.0,
        "Operating Income": 1740000.0,
        "Operating Expense": 6851000.0,
        "Research And Development": 2699000.0,
        "Selling General And Administration": 4152000.0,
        "Selling And Marketing Expense": 1292000.0,
        "General And Administrative Expense": 2860000.0,
        "Other Gand A": 2860000.0,
        "Salaries And Wages": NaN,
        "Gross Profit": 8591000.0,
        "Cost Of Revenue": 6116000.0,
        "Total Revenue": 14707000.0,
        "Operating Revenue": 14707000.0
    },
    "2022-03-31": {
        "Diluted EPS": 0.09,
        "Total Revenue": 14,
        "Gross Profit": 8,
        "Operating Income": 2,
        "EBIT": 2,
        "Net Income": 2
    },
    "2021-12-31": {
        "Diluted EPS": 0.19,
        "Total Revenue": 18,
        "Gross Profit": 11,
        "Operating Income": 4,
        "EBIT": 4,
        "Net Income": 4
    },
    "2021-09-30": {
        "Diluted EPS": 0.04,
        "Total Revenue": 15,
        "Gross Profit": 8,
        "Operating Income": 1,
        "EBIT": 1,
        "Net Income": 1
    },
    "2021-06-30": {
        "Diluted EPS": 0.01,
        "Total Revenue": 12,
        "Gross Profit": 7,
        "Operating Income": 0,
        "EBIT": 1,
        "Net Income": 0
    },
    "2021-03-31": {
        "Diluted EPS": -0.02,
        "Total Revenue": 10,
        "Gross Profit": 6,
        "Operating Income": 0,
        "EBIT": 0,
        "Net Income": 0
    },
    "2020-12-31": {
        "Diluted EPS": -0.07,
        "Total Revenue": 10,
        "Gross Profit": 5,
        "Operating Income": -1,
        "EBIT": -1,
        "Net Income": -2
    },
    "2020-09-30": {
        "Diluted EPS": -0.21,
        "Total Revenue": 10,
        "Gross Profit": 2,
        "Operating Income": -4,
        "EBIT": -3,
        "Net Income": -4
    },
    "2020-06-30": {
        "Diluted EPS": -0.07,
        "Total Revenue": 12,
        "Gross Profit": 5,
        "Operating Income": -1,
        "EBIT": -1,
        "Net Income": -1
    },
    "2020-03-31": {
        "Diluted EPS": -0.1,
        "Total Revenue": 10,
        "Gross Profit": 5,
        "Operating Income": -2,
        "EBIT": -1,
        "Net Income": -2
    },
    "2019-12-31": {
        "Diluted EPS": -0.18,
        "Total Revenue": 10,
        "Gross Profit": 5,
        "Operating Income": -3,
        "EBIT": -3,
        "Net Income": -3
    },
    "2019-09-30": {
        "Diluted EPS": -0.21,
        "Total Revenue": 9,
        "Gross Profit": 4,
        "Operating Income": -4,
        "EBIT": -3,
        "Net Income": -4
    },
    "2019-06-30": {
        "Diluted EPS": -0.21,
        "Total Revenue": 9,
        "Gross Profit": 4,
        "Operating Income": -4,
        "EBIT": -3,
        "Net Income": -4
    },
    "2019-03-31": {
        "Diluted EPS": -0.25,
        "Total Revenue": 10,
        "Gross Profit": 5,
        "Operating Income": -4,
        "EBIT": -4,
        "Net Income": -4
    },
    "2018-12-31": {
        "Diluted EPS": -0.22,
        "Total Revenue": 12,
        "Gross Profit": 5,
        "Operating Income": -3,
        "EBIT": -3,
        "Net Income": -3
    },
    "2018-09-30": {
        "Diluted EPS": -0.33,
        "Total Revenue": 12,
        "Gross Profit": 5,
        "Operating Income": -6,
        "EBIT": -5,
        "Net Income": -6
    },
    "2018-06-30": {
        "Diluted EPS": -0.44,
        "Total Revenue": 11,
        "Gross Profit": 5,
        "Operating Income": -7,
        "EBIT": -7,
        "Net Income": -7
    },
    "2018-03-31": {
        "Diluted EPS": -0.09,
        "Total Revenue": 15,
        "Gross Profit": 10,
        "Operating Income": -1,
        "EBIT": -1,
        "Net Income": -1
    },
    "2017-12-31": {
        "Diluted EPS": -0.35,
        "Total Revenue": 10,
        "Gross Profit": 6,
        "Operating Income": -4,
        "EBIT": -4,
        "Net Income": -4
    },
    "2017-09-30": {
        "Diluted EPS": -0.43,
        "Total Revenue": 9,
        "Gross Profit": 5,
        "Operating Income": -5,
        "EBIT": -5,
        "Net Income": -5
    },
    "2017-06-30": {
        "Diluted EPS": -0.42,
        "Total Revenue": 9,
        "Gross Profit": 6,
        "Operating Income": -5,
        "EBIT": -5,
        "Net Income": -5
    },
    "2017-03-31": {
        "Diluted EPS": -0.49,
        "Total Revenue": 8,
        "Gross Profit": 4,
        "Operating Income": -6,
        "EBIT": -6,
        "Net Income": -6
    },
    "2016-12-31": {
        "Diluted EPS": 0.91,
        "Total Revenue": 7,
        "Gross Profit": 3,
        "Operating Income": -5,
        "EBIT": -5,
        "Net Income": -5
    },
    "2016-09-30": {
        "Diluted EPS": -0.54,
        "Total Revenue": 7,
        "Gross Profit": 4,
        "Operating Income": -1,
        "EBIT": -1,
        "Net Income": -1
    },
    "2016-06-30": {
        "Diluted EPS": -2.12,
        "Total Revenue": 7,
        "Gross Profit": 4,
        "Operating Income": -5,
        "EBIT": -5,
        "Net Income": -5
    },
    "2016-03-31": {
        "Diluted EPS": -1.78,
        "Total Revenue": 6,
        "Gross Profit": 4,
        "Operating Income": -4,
        "EBIT": -4,
        "Net Income": -5
    },
    "2015-12-31": {
        "Diluted EPS": 0.0,
        "Total Revenue": NaN,
        "Gross Profit": NaN,
        "Operating Income": NaN,
        "EBIT": NaN,
        "Net Income": NaN
    },
    "2015-09-30": {
        "Diluted EPS": -1.77,
        "Total Revenue": 7,
        "Gross Profit": 4,
        "Operating Income": -4,
        "EBIT": -4,
        "Net Income": -5
    },
    "2014-12-31": {
        "Diluted EPS": 0.0,
        "Total Revenue": NaN,
        "Gross Profit": NaN,
        "Operating Income": NaN,
        "EBIT": NaN,
        "Net Income": NaN
    },
    "2023-06-30": {
        "Tax Effect Of Unusual Items": NaN,
        "Tax Rate For Calcs": NaN,
        "Normalized EBITDA": NaN,
        "Total Unusual Items": 2262000.0,
        "Total Unusual Items Excluding Goodwill": 2262000.0,
        "Net Income From Continuing Operation Net Minority Interest": NaN,
        "Reconciled Depreciation": NaN,
        "Reconciled Cost Of Revenue": NaN,
        "EBITDA": NaN,
        "EBIT": NaN,
        "Net Interest Income": NaN,
        "Interest Expense": NaN,
        "Normalized Income": NaN,
        "Net Income From Continuing And Discontinued Operation": NaN,
        "Total Expenses": NaN,
        "Total Operating Income As Reported": NaN,
        "Diluted Average Shares": 21234253.0,
        "Basic Average Shares": 20657404.0,
        "Diluted EPS": 0.18,
        "Basic EPS": 0.19,
        "Diluted NI Availto Com Stockholders": NaN,
        "Average Dilution Earnings": 0.0,
        "Net Income Common Stockholders": NaN,
        "Net Income": NaN,
        "Net Income Including Noncontrolling Interests": NaN,
        "Net Income Continuous Operations": NaN,
        "Tax Provision": 0.0,
        "Pretax Income": NaN,
        "Other Income Expense": NaN,
        "Other Non Operating Income Expenses": NaN,
        "Gain On Sale Of Security": 2262000.0,
        "Net Non Operating Interest Income Expense": NaN,
        "Interest Expense Non Operating": NaN,
        "Operating Income": NaN,
        "Operating Expense": NaN,
        "Research And Development": NaN,
        "Selling General And Administration": NaN,
        "Selling And Marketing Expense": NaN,
        "General And Administrative Expense": NaN,
        "Other Gand A": NaN,
        "Salaries And Wages": 757000.0,
        "Gross Profit": NaN,
        "Cost Of Revenue": NaN,
        "Total Revenue": NaN,
        "Operating Revenue": NaN
    },
    "2023-09-30": {
        "Tax Effect Of Unusual Items": 0.0,
        "Tax Rate For Calcs": 0.0,
        "Normalized EBITDA": 2726000.0,
        "Total Unusual Items": NaN,
        "Total Unusual Items Excluding Goodwill": NaN,
        "Net Income From Continuing Operation Net Minority Interest": 2438000.0,
        "Reconciled Depreciation": 288000.0,
        "Reconciled Cost Of Revenue": 6547000.0,
        "EBITDA": 2726000.0,
        "EBIT": 2438000.0,
        "Net Interest Income": 0.0,
        "Interest Expense": 0.0,
        "Normalized Income": 2438000.0,
        "Net Income From Continuing And Discontinued Operation": 2438000.0,
        "Total Expenses": 14487000.0,
        "Total Operating Income As Reported": 1979000.0,
        "Diluted Average Shares": 21828789.0,
        "Basic Average Shares": 20848558.0,
        "Diluted EPS": 0.11,
        "Basic EPS": 0.12,
        "Diluted NI Availto Com Stockholders": 2390000.0,
        "Average Dilution Earnings": -48000.0,
        "Net Income Common Stockholders": 2438000.0,
        "Net Income": 2438000.0,
        "Net Income Including Noncontrolling Interests": 2438000.0,
        "Net Income Continuous Operations": 2438000.0,
        "Tax Provision": 0.0,
        "Pretax Income": 2438000.0,
        "Other Income Expense": 459000.0,
        "Other Non Operating Income Expenses": 459000.0,
        "Gain On Sale Of Security": NaN,
        "Net Non Operating Interest Income Expense": 0.0,
        "Interest Expense Non Operating": 0.0,
        "Operating Income": 1979000.0,
        "Operating Expense": 7940000.0,
        "Research And Development": 2659000.0,
        "Selling General And Administration": 5281000.0,
        "Selling And Marketing Expense": 1348000.0,
        "General And Administrative Expense": 3933000.0,
        "Other Gand A": 3933000.0,
        "Salaries And Wages": NaN,
        "Gross Profit": 9919000.0,
        "Cost Of Revenue": 6547000.0,
        "Total Revenue": 16466000.0,
        "Operating Revenue": 16466000.0
    },
    "2023-12-31": {
        "Tax Effect Of Unusual Items": 0.0,
        "Tax Rate For Calcs": 0.21,
        "Normalized EBITDA": 2252000.0,
        "Total Unusual Items": NaN,
        "Total Unusual Items Excluding Goodwill": NaN,
        "Net Income From Continuing Operation Net Minority Interest": 1968000.0,
        "Reconciled Depreciation": 300000.0,
        "Reconciled Cost Of Revenue": 7003000.0,
        "EBITDA": 2252000.0,
        "EBIT": 1952000.0,
        "Net Interest Income": 0.0,
        "Interest Expense": 0.0,
        "Normalized Income": 1968000.0,
        "Net Income From Continuing And Discontinued Operation": 1968000.0,
        "Total Expenses": 15119000.0,
        "Total Operating Income As Reported": 1587000.0,
        "Diluted Average Shares": NaN,
        "Basic Average Shares": NaN,
        "Diluted EPS": NaN,
        "Basic EPS": NaN,
        "Diluted NI Availto Com Stockholders": 1993000.0,
        "Average Dilution Earnings": NaN,
        "Net Income Common Stockholders": 1968000.0,
        "Net Income": 1968000.0,
        "Net Income Including Noncontrolling Interests": 1968000.0,
        "Net Income Continuous Operations": 1968000.0,
        "Tax Provision": -16000.0,
        "Pretax Income": 1952000.0,
        "Other Income Expense": 365000.0,
        "Other Non Operating Income Expenses": 365000.0,
        "Gain On Sale Of Security": NaN,
        "Net Non Operating Interest Income Expense": 0.0,
        "Interest Expense Non Operating": 0.0,
        "Operating Income": 1587000.0,
        "Operating Expense": 8116000.0,
        "Research And Development": 3210000.0,
        "Selling General And Administration": 4906000.0,
        "Selling And Marketing Expense": 1270000.0,
        "General And Administrative Expense": 3636000.0,
        "Other Gand A": 3636000.0,
        "Salaries And Wages": NaN,
        "Gross Profit": 9703000.0,
        "Cost Of Revenue": 7003000.0,
        "Total Revenue": 16706000.0,
        "Operating Revenue": 16706000.0
    },
    "2024-03-31": {
        "Tax Effect Of Unusual Items": 0.0,
        "Tax Rate For Calcs": 0.0,
        "Normalized EBITDA": 196000.0,
        "Total Unusual Items": NaN,
        "Total Unusual Items Excluding Goodwill": NaN,
        "Net Income From Continuing Operation Net Minority Interest": -202000.0,
        "Reconciled Depreciation": 398000.0,
        "Reconciled Cost Of Revenue": 6270000.0,
        "EBITDA": 196000.0,
        "EBIT": -202000.0,
        "Net Interest Income": 0.0,
        "Interest Expense": 0.0,
        "Normalized Income": -202000.0,
        "Net Income From Continuing And Discontinued Operation": -202000.0,
        "Total Expenses": 15030000.0,
        "Total Operating Income As Reported": -600000.0,
        "Diluted Average Shares": 21252359.0,
        "Basic Average Shares": 21252359.0,
        "Diluted EPS": -0.01,
        "Basic EPS": -0.01,
        "Diluted NI Availto Com Stockholders": -202000.0,
        "Average Dilution Earnings": 0.0,
        "Net Income Common Stockholders": -202000.0,
        "Net Income": -202000.0,
        "Net Income Including Noncontrolling Interests": -202000.0,
        "Net Income Continuous Operations": -202000.0,
        "Tax Provision": NaN,
        "Pretax Income": -202000.0,
        "Other Income Expense": 398000.0,
        "Other Non Operating Income Expenses": 398000.0,
        "Gain On Sale Of Security": NaN,
        "Net Non Operating Interest Income Expense": 0.0,
        "Interest Expense Non Operating": 0.0,
        "Operating Income": -600000.0,
        "Operating Expense": 8760000.0,
        "Research And Development": 3418000.0,
        "Selling General And Administration": 5342000.0,
        "Selling And Marketing Expense": 1306000.0,
        "General And Administrative Expense": 4036000.0,
        "Other Gand A": 4036000.0,
        "Salaries And Wages": NaN,
        "Gross Profit": 8160000.0,
        "Cost Of Revenue": 6270000.0,
        "Total Revenue": 14430000.0,
        "Operating Revenue": 14430000.0
    },
    "2024-06-30": {
        "Tax Effect Of Unusual Items": 0.0,
        "Tax Rate For Calcs": 0.21,
        "Normalized EBITDA": -2029000.0,
        "Total Unusual Items": NaN,
        "Total Unusual Items Excluding Goodwill": NaN,
        "Net Income From Continuing Operation Net Minority Interest": -2502000.0,
        "Reconciled Depreciation": 397000.0,
        "Reconciled Cost Of Revenue": 5420000.0,
        "EBITDA": -2029000.0,
        "EBIT": -2426000.0,
        "Net Interest Income": 0.0,
        "Interest Expense": 0.0,
        "Normalized Income": -2502000.0,
        "Net Income From Continuing And Discontinued Operation": -2502000.0,
        "Total Expenses": 13455000.0,
        "Total Operating Income As Reported": -2819000.0,
        "Diluted Average Shares": 21566863.0,
        "Basic Average Shares": 21566863.0,
        "Diluted EPS": -0.12,
        "Basic EPS": -0.12,
        "Diluted NI Availto Com Stockholders": -2502000.0,
        "Average Dilution Earnings": 0.0,
        "Net Income Common Stockholders": -2502000.0,
        "Net Income": -2502000.0,
        "Net Income Including Noncontrolling Interests": -2502000.0,
        "Net Income Continuous Operations": -2502000.0,
        "Tax Provision": 76000.0,
        "Pretax Income": -2426000.0,
        "Other Income Expense": 393000.0,
        "Other Non Operating Income Expenses": 393000.0,
        "Gain On Sale Of Security": NaN,
        "Net Non Operating Interest Income Expense": 0.0,
        "Interest Expense Non Operating": 0.0,
        "Operating Income": -2819000.0,
        "Operating Expense": 8035000.0,
        "Research And Development": 3457000.0,
        "Selling General And Administration": 4578000.0,
        "Selling And Marketing Expense": 1324000.0,
        "General And Administrative Expense": 3254000.0,
        "Other Gand A": 3254000.0,
        "Salaries And Wages": NaN,
        "Gross Profit": 5216000.0,
        "Cost Of Revenue": 5420000.0,
        "Total Revenue": 10636000.0,
        "Operating Revenue": 10636000.0
    },
    "2024-09-30": {
        "Tax Effect Of Unusual Items": 0.0,
        "Tax Rate For Calcs": 0.004384,
        "Normalized EBITDA": 2683000.0,
        "Total Unusual Items": NaN,
        "Total Unusual Items Excluding Goodwill": NaN,
        "Net Income From Continuing Operation Net Minority Interest": 2271000.0,
        "Reconciled Depreciation": 402000.0,
        "Reconciled Cost Of Revenue": 6141000.0,
        "EBITDA": 2683000.0,
        "EBIT": 2281000.0,
        "Net Interest Income": 0.0,
        "Interest Expense": 0.0,
        "Normalized Income": 2271000.0,
        "Net Income From Continuing And Discontinued Operation": 2271000.0,
        "Total Expenses": 14208000.0,
        "Total Operating Income As Reported": -2115000.0,
        "Diluted Average Shares": 21985175.0,
        "Basic Average Shares": 21767380.0,
        "Diluted EPS": 0.1,
        "Basic EPS": 0.1,
        "Diluted NI Availto Com Stockholders": 2271000.0,
        "Average Dilution Earnings": 0.0,
        "Net Income Common Stockholders": 2271000.0,
        "Net Income": 2271000.0,
        "Net Income Including Noncontrolling Interests": 2271000.0,
        "Net Income Continuous Operations": 2271000.0,
        "Tax Provision": 10000.0,
        "Pretax Income": 2281000.0,
        "Other Income Expense": 4396000.0,
        "Other Non Operating Income Expenses": 4396000.0,
        "Gain On Sale Of Security": NaN,
        "Net Non Operating Interest Income Expense": 0.0,
        "Interest Expense Non Operating": 0.0,
        "Operating Income": -2115000.0,
        "Operating Expense": 8067000.0,
        "Research And Development": 3384000.0,
        "Selling General And Administration": 4683000.0,
        "Selling And Marketing Expense": 1320000.0,
        "General And Administrative Expense": 3363000.0,
        "Other Gand A": 3363000.0,
        "Salaries And Wages": NaN,
        "Gross Profit": 5952000.0,
        "Cost Of Revenue": 6141000.0,
        "Total Revenue": 12093000.0,
        "Operating Revenue": 12093000.0
    }
}