{
    "2023-06-30": {
        "Tax Effect Of Unusual Items": 0.0,
        "Tax Rate For Calcs": 0.212979,
        "Net Income From Continuing Operation Net Minority Interest": 4645000.0,
        "Reconciled Depreciation": -108000.0,
        "Net Interest Income": 17098000.0,
        "Interest Expense": 16738000.0,
        "Interest Income": 33836000.0,
        "Normalized Income": 4645000.0,
        "Net Income From Continuing And Discontinued Operation": 4645000.0,
        "Diluted Average Shares": 11304000.0,
        "Basic Average Shares": 11062000.0,
        "Diluted EPS": 0.41,
        "Basic EPS": 0.42,
        "Diluted NI Availto Com Stockholders": 4645000.0,
        "Net Income Common Stockholders": 4645000.0,
        "Net Income": 4645000.0,
        "Net Income Including Noncontrolling Interests": 4645000.0,
        "Net Income Continuous Operations": 4645000.0,
        "Tax Provision": 1257000.0,
        "Pretax Income": 5902000.0,
        "Gain On Sale Of Security": 128000.0,
        "Selling General And Administration": 13243000.0,
        "Selling And Marketing Expense": 1091000.0,
        "General And Administrative Expense": 12152000.0,
        "Salaries And Wages": 12152000.0,
        "Total Revenue": 26222000.0,
        "Operating Revenue": 26222000.0,
        "Occupancy And Equipment": 1140000.0,
        "Professional Expense And Contract Services Expense": 1004000.0,
        "Other Non Interest Expense": 4228000.0
    },
    "2023-03-31": {
        "Tax Effect Of Unusual Items": 0.0,
        "Tax Rate For Calcs": 0.216,
        "Net Income From Continuing Operation Net Minority Interest": 4021000.0,
        "Reconciled Depreciation": 433000.0,
        "Net Interest Income": 17677000.0,
        "Interest Expense": 13270000.0,
        "Interest Income": 30947000.0,
        "Normalized Income": 4021000.0,
        "Net Income From Continuing And Discontinued Operation": 4021000.0,
        "Diluted Average Shares": 11656000.0,
        "Basic Average Shares": 11272000.0,
        "Diluted EPS": 0.34,
        "Basic EPS": 0.36,
        "Diluted NI Availto Com Stockholders": 4021000.0,
        "Net Income Common Stockholders": 4021000.0,
        "Net Income": 4021000.0,
        "Net Income Including Noncontrolling Interests": 4021000.0,
        "Net Income Continuous Operations": 4021000.0,
        "Tax Provision": 1106000.0,
        "Pretax Income": 5127000.0,
        "Gain On Sale Of Security": -69000.0,
        "Selling General And Administration": 11922000.0,
        "Selling And Marketing Expense": 861000.0,
        "General And Administrative Expense": 11061000.0,
        "Salaries And Wages": 11061000.0,
        "Total Revenue": 24315000.0,
        "Operating Revenue": 24315000.0,
        "Occupancy And Equipment": 1244000.0,
        "Professional Expense And Contract Services Expense": 823000.0,
        "Other Non Interest Expense": 3800000.0
    },
    "2022-12-31": {
        "Tax Effect Of Unusual Items": 0.0,
        "Tax Rate For Calcs": 0.203319,
        "Net Income From Continuing Operation Net Minority Interest": 4561000.0,
        "Reconciled Depreciation": 667000.0,
        "Net Interest Income": 18518000.0,
        "Interest Expense": 9245000.0,
        "Interest Income": 27763000.0,
        "Normalized Income": 4561000.0,
        "Net Income From Continuing And Discontinued Operation": 4561000.0,
        "Diluted Average Shares": 11796000.0,
        "Basic Average Shares": 11390000.0,
        "Diluted EPS": 0.385,
        "Basic EPS": 0.4,
        "Diluted NI Availto Com Stockholders": 4561000.0,
        "Net Income Common Stockholders": 4561000.0,
        "Net Income": 4561000.0,
        "Net Income Including Noncontrolling Interests": 4561000.0,
        "Net Income Continuous Operations": 4561000.0,
        "Tax Provision": 1164000.0,
        "Pretax Income": 5725000.0,
        "Gain On Sale Of Security": 508000.0,
        "Selling General And Administration": 13789000.0,
        "Selling And Marketing Expense": 996000.0,
        "General And Administrative Expense": 12793000.0,
        "Salaries And Wages": 12793000.0,
        "Total Revenue": 26514000.0,
        "Operating Revenue": 26514000.0
    },
    "2022-09-30": {
        "Tax Effect Of Unusual Items": 0.0,
        "Tax Rate For Calcs": 0.223101,
        "Net Income From Continuing Operation Net Minority Interest": 5798000.0,
        "Reconciled Depreciation": -1666000.0,
        "Net Interest Income": 18026000.0,
        "Interest Expense": 4932000.0,
        "Interest Income": 22958000.0,
        "Normalized Income": 5798000.0,
        "Net Income From Continuing And Discontinued Operation": 5798000.0,
        "Diluted Average Shares": 12120000.0,
        "Basic Average Shares": 11736000.0,
        "Diluted EPS": 0.48,
        "Basic EPS": 0.495,
        "Diluted NI Availto Com Stockholders": 5798000.0,
        "Net Income Common Stockholders": 5798000.0,
        "Net Income": 5798000.0,
        "Net Income Including Noncontrolling Interests": 5798000.0,
        "Net Income Continuous Operations": 5798000.0,
        "Tax Provision": 1665000.0,
        "Pretax Income": 7463000.0,
        "Gain On Sale Of Security": 526000.0,
        "Selling General And Administration": 14525000.0,
        "Selling And Marketing Expense": 1165000.0,
        "General And Administrative Expense": 13360000.0,
        "Salaries And Wages": 13360000.0,
        "Total Revenue": 28250000.0,
        "Operating Revenue": 28250000.0
    },
    "2022-06-30": {
        "Tax Effect Of Unusual Items": 0.0,
        "Tax Rate For Calcs": 0.223385,
        "Net Income From Continuing Operation Net Minority Interest": 5938000.0,
        "Reconciled Depreciation": 1532000.0,
        "Net Interest Income": 17551000.0,
        "Interest Expense": 2486000.0,
        "Interest Income": 20037000.0,
        "Normalized Income": 5938000.0,
        "Net Income From Continuing And Discontinued Operation": 5938000.0,
        "Diluted Average Shares": 12398000.0,
        "Basic Average Shares": 11998000.0,
        "Diluted EPS": 0.48,
        "Basic EPS": 0.49,
        "Diluted NI Availto Com Stockholders": 5938000.0,
        "Net Income Common Stockholders": 5938000.0,
        "Net Income": 5938000.0,
        "Net Income Including Noncontrolling Interests": 5938000.0,
        "Net Income Continuous Operations": 5938000.0,
        "Tax Provision": 1708000.0,
        "Pretax Income": 7646000.0,
        "Gain On Sale Of Security": 1041000.0,
        "Selling General And Administration": 14115000.0,
        "Selling And Marketing Expense": 1189000.0,
        "General And Administrative Expense": 12926000.0,
        "Other Gand A": 1308000.0,
        "Salaries And Wages": 12926000.0,
        "Total Revenue": 27954000.0,
        "Operating Revenue": 27954000.0
    },
    "2022-03-31": {
        "Diluted EPS": 0.44,
        "Total Revenue": 31,
        "Gross Profit": 29,
        "Operating Income": 7,
        "EBIT": NaN,
        "Net Income": 6
    },
    "2021-12-31": {
        "Diluted EPS": -0.82,
        "Total Revenue": 35,
        "Gross Profit": 33,
        "Operating Income": 10,
        "EBIT": NaN,
        "Net Income": 8
    },
    "2021-09-30": {
        "Diluted EPS": 0.76,
        "Total Revenue": 40,
        "Gross Profit": 38,
        "Operating Income": 12,
        "EBIT": NaN,
        "Net Income": 9
    },
    "2021-06-30": {
        "Diluted EPS": 0.67,
        "Total Revenue": 39,
        "Gross Profit": 37,
        "Operating Income": 11,
        "EBIT": NaN,
        "Net Income": 8
    },
    "2021-03-31": {
        "Diluted EPS": 0.83,
        "Total Revenue": 44,
        "Gross Profit": 42,
        "Operating Income": 13,
        "EBIT": NaN,
        "Net Income": 10
    },
    "2020-12-31": {
        "Diluted EPS": 0.72,
        "Total Revenue": 48,
        "Gross Profit": 45,
        "Operating Income": 12,
        "EBIT": NaN,
        "Net Income": 9
    },
    "2020-09-30": {
        "Diluted EPS": 0.76,
        "Total Revenue": 45,
        "Gross Profit": 42,
        "Operating Income": 12,
        "EBIT": NaN,
        "Net Income": 9
    },
    "2020-06-30": {
        "Diluted EPS": 0.47,
        "Total Revenue": 34,
        "Gross Profit": 30,
        "Operating Income": 7,
        "EBIT": NaN,
        "Net Income": 6
    },
    "2020-03-31": {
        "Diluted EPS": 0.2,
        "Total Revenue": 23,
        "Gross Profit": 19,
        "Operating Income": 3,
        "EBIT": NaN,
        "Net Income": 3
    },
    "2019-12-31": {
        "Diluted EPS": 0.25,
        "Total Revenue": 23,
        "Gross Profit": 19,
        "Operating Income": 4,
        "EBIT": NaN,
        "Net Income": 3
    },
    "2019-09-30": {
        "Diluted EPS": 0.26,
        "Total Revenue": 23,
        "Gross Profit": 18,
        "Operating Income": 4,
        "EBIT": NaN,
        "Net Income": 3
    },
    "2019-06-30": {
        "Diluted EPS": 0.16,
        "Total Revenue": 21,
        "Gross Profit": 17,
        "Operating Income": 3,
        "EBIT": NaN,
        "Net Income": 2
    },
    "2019-03-31": {
        "Diluted EPS": 0.16,
        "Total Revenue": 19,
        "Gross Profit": 15,
        "Operating Income": 3,
        "EBIT": NaN,
        "Net Income": 2
    },
    "2018-12-31": {
        "Diluted EPS": 0.19,
        "Total Revenue": 19,
        "Gross Profit": 16,
        "Operating Income": 3,
        "EBIT": NaN,
        "Net Income": 2
    },
    "2018-09-30": {
        "Diluted EPS": 0.21,
        "Total Revenue": 21,
        "Gross Profit": 18,
        "Operating Income": 4,
        "EBIT": NaN,
        "Net Income": 3
    },
    "2018-06-30": {
        "Diluted EPS": 0.14,
        "Total Revenue": 19,
        "Gross Profit": 17,
        "Operating Income": 2,
        "EBIT": NaN,
        "Net Income": 2
    },
    "2018-03-31": {
        "Diluted EPS": 0.1,
        "Total Revenue": 17,
        "Gross Profit": 15,
        "Operating Income": 2,
        "EBIT": NaN,
        "Net Income": 1
    },
    "2017-12-31": {
        "Diluted EPS": 0.0,
        "Total Revenue": NaN,
        "Gross Profit": NaN,
        "Operating Income": NaN,
        "EBIT": NaN,
        "Net Income": NaN
    },
    "2017-09-30": {
        "Diluted EPS": 0.15,
        "Total Revenue": 20,
        "Gross Profit": 18,
        "Operating Income": 2,
        "EBIT": NaN,
        "Net Income": 1
    },
    "2023-09-30": {
        "Tax Effect Of Unusual Items": 0.0,
        "Tax Rate For Calcs": 0.231286,
        "Net Income From Continuing Operation Net Minority Interest": 4005000.0,
        "Reconciled Depreciation": 1582000.0,
        "Net Interest Income": 17224000.0,
        "Interest Expense": 18235000.0,
        "Interest Income": 35459000.0,
        "Normalized Income": 4005000.0,
        "Net Income From Continuing And Discontinued Operation": 4005000.0,
        "Diluted Average Shares": 11363000.0,
        "Basic Average Shares": 11057000.0,
        "Diluted EPS": 0.35,
        "Basic EPS": 0.36,
        "Diluted NI Availto Com Stockholders": 4005000.0,
        "Net Income Common Stockholders": 4005000.0,
        "Net Income": 4005000.0,
        "Net Income Including Noncontrolling Interests": 4005000.0,
        "Net Income Continuous Operations": 4005000.0,
        "Tax Provision": 1205000.0,
        "Pretax Income": 5210000.0,
        "Gain On Sale Of Security": 182000.0,
        "Selling General And Administration": 13268000.0,
        "Selling And Marketing Expense": 848000.0,
        "General And Administrative Expense": 12420000.0,
        "Salaries And Wages": 12420000.0,
        "Total Revenue": 25310000.0,
        "Operating Revenue": 25310000.0,
        "Occupancy And Equipment": 1226000.0,
        "Professional Expense And Contract Services Expense": 1104000.0,
        "Other Non Interest Expense": 4420000.0
    },
    "2023-12-31": {
        "Tax Effect Of Unusual Items": 0.0,
        "Tax Rate For Calcs": 0.214876,
        "Net Income From Continuing Operation Net Minority Interest": 570000.0,
        "Reconciled Depreciation": 570000.0,
        "Net Interest Income": 16941000.0,
        "Interest Expense": 19404000.0,
        "Interest Income": 36345000.0,
        "Normalized Income": 570000.0,
        "Net Income From Continuing And Discontinued Operation": 570000.0,
        "Diluted Average Shares": 11206000.0,
        "Basic Average Shares": 11070000.0,
        "Diluted EPS": 0.05,
        "Basic EPS": 0.05,
        "Diluted NI Availto Com Stockholders": 570000.0,
        "Net Income Common Stockholders": 570000.0,
        "Net Income": 570000.0,
        "Net Income Including Noncontrolling Interests": 570000.0,
        "Net Income Continuous Operations": 570000.0,
        "Tax Provision": 156000.0,
        "Pretax Income": 726000.0,
        "Gain On Sale Of Security": -179000.0,
        "Selling General And Administration": 15604000.0,
        "Selling And Marketing Expense": 931000.0,
        "General And Administrative Expense": 14673000.0,
        "Salaries And Wages": 11744000.0,
        "Total Revenue": 25058000.0,
        "Operating Revenue": 25058000.0,
        "Occupancy And Equipment": 1232000.0,
        "Professional Expense And Contract Services Expense": 1382000.0,
        "Other Non Interest Expense": 1485000.0
    },
    "2024-03-31": {
        "Tax Effect Of Unusual Items": 0.0,
        "Tax Rate For Calcs": 0.247,
        "Net Income From Continuing Operation Net Minority Interest": 2676000.0,
        "Reconciled Depreciation": 2259000.0,
        "Net Interest Income": 16609000.0,
        "Interest Expense": 20606000.0,
        "Interest Income": 37215000.0,
        "Normalized Income": 2676000.0,
        "Net Income From Continuing And Discontinued Operation": 2676000.0,
        "Diluted Average Shares": 11201000.0,
        "Basic Average Shares": 11088000.0,
        "Diluted EPS": 0.24,
        "Basic EPS": 0.24,
        "Diluted NI Availto Com Stockholders": 2676000.0,
        "Net Income Common Stockholders": 2676000.0,
        "Net Income": 2676000.0,
        "Net Income Including Noncontrolling Interests": 2676000.0,
        "Net Income Continuous Operations": 2676000.0,
        "Tax Provision": 877000.0,
        "Pretax Income": 3553000.0,
        "Gain On Sale Of Security": 56000.0,
        "Selling General And Administration": 11321000.0,
        "Selling And Marketing Expense": 748000.0,
        "General And Administrative Expense": 10573000.0,
        "Salaries And Wages": 10573000.0,
        "Total Revenue": 24593000.0,
        "Operating Revenue": 24593000.0,
        "Occupancy And Equipment": 1233000.0,
        "Professional Expense And Contract Services Expense": 1498000.0,
        "Other Non Interest Expense": 4122000.0
    },
    "2024-06-30": {
        "Tax Effect Of Unusual Items": 0.0,
        "Tax Rate For Calcs": 0.243,
        "Net Income From Continuing Operation Net Minority Interest": 3326000.0,
        "Reconciled Depreciation": -82000.0,
        "Net Interest Income": 16846000.0,
        "Interest Expense": 21619000.0,
        "Interest Income": 38465000.0,
        "Normalized Income": 3326000.0,
        "Net Income From Continuing And Discontinued Operation": 3326000.0,
        "Diluted Average Shares": 11150000.0,
        "Basic Average Shares": 11096000.0,
        "Diluted EPS": 0.3,
        "Basic EPS": 0.3,
        "Diluted NI Availto Com Stockholders": 3326000.0,
        "Net Income Common Stockholders": 3326000.0,
        "Net Income": 3326000.0,
        "Net Income Including Noncontrolling Interests": 3326000.0,
        "Net Income Continuous Operations": 3326000.0,
        "Tax Provision": 1066000.0,
        "Pretax Income": 4392000.0,
        "Gain On Sale Of Security": 140000.0,
        "Selling General And Administration": 12426000.0,
        "Selling And Marketing Expense": 989000.0,
        "General And Administrative Expense": 11437000.0,
        "Salaries And Wages": 11437000.0,
        "Total Revenue": 26090000.0,
        "Operating Revenue": 26090000.0,
        "Occupancy And Equipment": 1230000.0,
        "Professional Expense And Contract Services Expense": 1029000.0,
        "Other Non Interest Expense": 4333000.0
    },
    "2024-09-30": {
        "Tax Effect Of Unusual Items": 0.0,
        "Tax Rate For Calcs": 0.240512,
        "Net Income From Continuing Operation Net Minority Interest": 4743000.0,
        "Reconciled Depreciation": -907000.0,
        "Net Interest Income": 18242000.0,
        "Interest Expense": 22077000.0,
        "Interest Income": 40319000.0,
        "Normalized Income": 4743000.0,
        "Net Income From Continuing And Discontinued Operation": 4743000.0,
        "Diluted Average Shares": 11234000.0,
        "Basic Average Shares": 11110000.0,
        "Diluted EPS": 0.42,
        "Basic EPS": 0.43,
        "Diluted NI Availto Com Stockholders": 4743000.0,
        "Net Income Common Stockholders": 4743000.0,
        "Net Income": 4743000.0,
        "Net Income Including Noncontrolling Interests": 4743000.0,
        "Net Income Continuous Operations": 4743000.0,
        "Tax Provision": 1502000.0,
        "Pretax Income": 6245000.0,
        "Gain On Sale Of Security": -356000.0,
        "Selling General And Administration": 13546000.0,
        "Selling And Marketing Expense": 717000.0,
        "General And Administrative Expense": 12829000.0,
        "Salaries And Wages": 12829000.0,
        "Total Revenue": 29073000.0,
        "Operating Revenue": 29073000.0,
        "Occupancy And Equipment": 1243000.0,
        "Professional Expense And Contract Services Expense": 1106000.0,
        "Other Non Interest Expense": 4651000.0
    }
}