{
    "2023-03-31": {
        "Tax Effect Of Unusual Items": NaN,
        "Tax Rate For Calcs": NaN,
        "Normalized EBITDA": NaN,
        "Total Unusual Items": NaN,
        "Total Unusual Items Excluding Goodwill": NaN,
        "Net Income From Continuing Operation Net Minority Interest": NaN,
        "Reconciled Depreciation": NaN,
        "Reconciled Cost Of Revenue": NaN,
        "EBITDA": NaN,
        "EBIT": NaN,
        "Net Interest Income": NaN,
        "Interest Expense": NaN,
        "Interest Income": NaN,
        "Normalized Income": NaN,
        "Net Income From Continuing And Discontinued Operation": NaN,
        "Total Expenses": NaN,
        "Total Operating Income As Reported": NaN,
        "Diluted Average Shares": 56896000.0,
        "Basic Average Shares": 56511000.0,
        "Diluted EPS": 0.09,
        "Basic EPS": 0.09,
        "Diluted NI Availto Com Stockholders": NaN,
        "Net Income Common Stockholders": NaN,
        "Net Income": NaN,
        "Net Income Including Noncontrolling Interests": NaN,
        "Net Income Continuous Operations": NaN,
        "Tax Provision": NaN,
        "Pretax Income": NaN,
        "Other Income Expense": NaN,
        "Other Non Operating Income Expenses": NaN,
        "Special Income Charges": NaN,
        "Restructuring And Mergern Acquisition": NaN,
        "Net Non Operating Interest Income Expense": NaN,
        "Interest Expense Non Operating": NaN,
        "Interest Income Non Operating": NaN,
        "Operating Income": NaN,
        "Operating Expense": NaN,
        "Depreciation Amortization Depletion Income Statement": NaN,
        "Depreciation And Amortization In Income Statement": NaN,
        "Amortization": NaN,
        "Amortization Of Intangibles Income Statement": NaN,
        "Research And Development": NaN,
        "Selling General And Administration": NaN,
        "Gross Profit": NaN,
        "Cost Of Revenue": NaN,
        "Total Revenue": NaN,
        "Operating Revenue": NaN
    },
    "2022-12-31": {
        "Tax Effect Of Unusual Items": -495004.81983,
        "Tax Rate For Calcs": 0.164563,
        "Normalized EBITDA": 23760000.0,
        "Total Unusual Items": -3008000.0,
        "Total Unusual Items Excluding Goodwill": -3008000.0,
        "Net Income From Continuing Operation Net Minority Interest": -10920000.0,
        "Reconciled Depreciation": 27233000.0,
        "Reconciled Cost Of Revenue": 134931000.0,
        "EBITDA": 20752000.0,
        "EBIT": -6481000.0,
        "Net Interest Income": -6370000.0,
        "Interest Expense": 6590000.0,
        "Interest Income": 220000.0,
        "Normalized Income": -8407004.81983,
        "Net Income From Continuing And Discontinued Operation": -10920000.0,
        "Total Expenses": 234127000.0,
        "Total Operating Income As Reported": -7547000.0,
        "Diluted Average Shares": 56252000.0,
        "Basic Average Shares": 56252000.0,
        "Diluted EPS": -0.19,
        "Basic EPS": -0.19,
        "Diluted NI Availto Com Stockholders": -10920000.0,
        "Net Income Common Stockholders": -10920000.0,
        "Net Income": -10920000.0,
        "Net Income Including Noncontrolling Interests": -10920000.0,
        "Net Income Continuous Operations": -10920000.0,
        "Tax Provision": -2151000.0,
        "Pretax Income": -13071000.0,
        "Other Income Expense": -2162000.0,
        "Other Non Operating Income Expenses": 846000.0,
        "Special Income Charges": -3008000.0,
        "Restructuring And Mergern Acquisition": 3008000.0,
        "Net Non Operating Interest Income Expense": -6370000.0,
        "Interest Expense Non Operating": 6590000.0,
        "Interest Income Non Operating": 220000.0,
        "Operating Income": -4539000.0,
        "Operating Expense": 85499000.0,
        "Depreciation Amortization Depletion Income Statement": 13536000.0,
        "Depreciation And Amortization In Income Statement": 13536000.0,
        "Amortization": 13536000.0,
        "Amortization Of Intangibles Income Statement": 13536000.0,
        "Research And Development": 26906000.0,
        "Selling General And Administration": 45057000.0,
        "Gross Profit": 80960000.0,
        "Cost Of Revenue": 148628000.0,
        "Total Revenue": 229588000.0,
        "Operating Revenue": 229588000.0
    },
    "2022-09-30": {
        "Tax Effect Of Unusual Items": -266597.121834,
        "Tax Rate For Calcs": 0.066549,
        "Normalized EBITDA": 16897000.0,
        "Total Unusual Items": -4006000.0,
        "Total Unusual Items Excluding Goodwill": -4006000.0,
        "Net Income From Continuing Operation Net Minority Interest": -14335000.0,
        "Reconciled Depreciation": 23701000.0,
        "Reconciled Cost Of Revenue": 140357000.0,
        "EBITDA": 12891000.0,
        "EBIT": -10810000.0,
        "Net Interest Income": -4518000.0,
        "Interest Expense": 4547000.0,
        "Interest Income": 29000.0,
        "Normalized Income": -10595597.121834,
        "Net Income From Continuing And Discontinued Operation": -14335000.0,
        "Total Expenses": 230767000.0,
        "Total Operating Income As Reported": -7194000.0,
        "Diluted Average Shares": 55931000.0,
        "Basic Average Shares": 55931000.0,
        "Diluted EPS": -0.26,
        "Basic EPS": -0.26,
        "Diluted NI Availto Com Stockholders": -14335000.0,
        "Net Income Common Stockholders": -14335000.0,
        "Net Income": -14335000.0,
        "Net Income Including Noncontrolling Interests": -14335000.0,
        "Net Income Continuous Operations": -14335000.0,
        "Tax Provision": -1022000.0,
        "Pretax Income": -15357000.0,
        "Other Income Expense": -7651000.0,
        "Other Non Operating Income Expenses": -3645000.0,
        "Special Income Charges": -4006000.0,
        "Restructuring And Mergern Acquisition": 4006000.0,
        "Net Non Operating Interest Income Expense": -4518000.0,
        "Interest Expense Non Operating": 4547000.0,
        "Interest Income Non Operating": 29000.0,
        "Operating Income": -3188000.0,
        "Operating Expense": 81283000.0,
        "Depreciation Amortization Depletion Income Statement": 14574000.0,
        "Depreciation And Amortization In Income Statement": 14574000.0,
        "Amortization": 14574000.0,
        "Amortization Of Intangibles Income Statement": 14574000.0,
        "Research And Development": 27766000.0,
        "Selling General And Administration": 38943000.0,
        "General And Administrative Expense": NaN,
        "Other Gand A": NaN,
        "Salaries And Wages": NaN,
        "Gross Profit": 78095000.0,
        "Cost Of Revenue": 149484000.0,
        "Total Revenue": 227579000.0,
        "Operating Revenue": 227579000.0
    },
    "2022-06-30": {
        "Tax Effect Of Unusual Items": -2222275.822274,
        "Tax Rate For Calcs": 0.24919,
        "Normalized EBITDA": 57296000.0,
        "Total Unusual Items": -8918000.0,
        "Total Unusual Items Excluding Goodwill": -8918000.0,
        "Net Income From Continuing Operation Net Minority Interest": 16915000.0,
        "Reconciled Depreciation": 23396000.0,
        "Reconciled Cost Of Revenue": 161216000.0,
        "EBITDA": 48378000.0,
        "EBIT": 24982000.0,
        "Net Interest Income": -2434000.0,
        "Interest Expense": 2453000.0,
        "Interest Income": 19000.0,
        "Normalized Income": 23610724.177726,
        "Net Income From Continuing And Discontinued Operation": 16915000.0,
        "Total Expenses": 253194000.0,
        "Total Operating Income As Reported": 27617000.0,
        "Diluted Average Shares": 57119000.0,
        "Basic Average Shares": 55623000.0,
        "Diluted EPS": 0.3,
        "Basic EPS": 0.3,
        "Diluted NI Availto Com Stockholders": 16915000.0,
        "Net Income Common Stockholders": 16915000.0,
        "Net Income": 16915000.0,
        "Net Income Including Noncontrolling Interests": 16915000.0,
        "Net Income Continuous Operations": 16915000.0,
        "Tax Provision": 5614000.0,
        "Pretax Income": 22529000.0,
        "Other Income Expense": -11572000.0,
        "Other Non Operating Income Expenses": -2654000.0,
        "Special Income Charges": -8918000.0,
        "Restructuring And Mergern Acquisition": 8918000.0,
        "Net Non Operating Interest Income Expense": -2434000.0,
        "Interest Expense Non Operating": 2453000.0,
        "Interest Income Non Operating": 19000.0,
        "Operating Income": 36535000.0,
        "Operating Expense": 83036000.0,
        "Depreciation Amortization Depletion Income Statement": 14454000.0,
        "Depreciation And Amortization In Income Statement": 14454000.0,
        "Amortization": 14454000.0,
        "Amortization Of Intangibles Income Statement": 14454000.0,
        "Research And Development": 24565000.0,
        "Selling General And Administration": 44017000.0,
        "General And Administrative Expense": NaN,
        "Other Gand A": NaN,
        "Salaries And Wages": NaN,
        "Gross Profit": 119571000.0,
        "Cost Of Revenue": 170158000.0,
        "Total Revenue": 289729000.0,
        "Operating Revenue": 289729000.0
    },
    "2022-03-31": {
        "Diluted EPS": 0.07,
        "Total Revenue": 253,
        "Gross Profit": 100,
        "Operating Income": 10,
        "EBIT": 34,
        "Net Income": 4
    },
    "2021-12-31": {
        "Diluted EPS": -0.05,
        "Total Revenue": 220,
        "Gross Profit": 87,
        "Operating Income": 0,
        "EBIT": 24,
        "Net Income": -3
    },
    "2021-09-30": {
        "Diluted EPS": -0.13,
        "Total Revenue": 225,
        "Gross Profit": 88,
        "Operating Income": -6,
        "EBIT": 16,
        "Net Income": -7
    },
    "2021-06-30": {
        "Diluted EPS": 0.32,
        "Total Revenue": 251,
        "Gross Profit": 103,
        "Operating Income": 22,
        "EBIT": 43,
        "Net Income": 18
    },
    "2021-03-31": {
        "Diluted EPS": 0.28,
        "Total Revenue": 257,
        "Gross Profit": 106,
        "Operating Income": 22,
        "EBIT": 42,
        "Net Income": 16
    },
    "2020-12-31": {
        "Diluted EPS": 0.23,
        "Total Revenue": 211,
        "Gross Profit": 89,
        "Operating Income": 18,
        "EBIT": 31,
        "Net Income": 13
    },
    "2020-09-30": {
        "Diluted EPS": 0.29,
        "Total Revenue": 206,
        "Gross Profit": 88,
        "Operating Income": 19,
        "EBIT": 32,
        "Net Income": 16
    },
    "2020-06-30": {
        "Diluted EPS": 0.49,
        "Total Revenue": 217,
        "Gross Profit": 97,
        "Operating Income": 26,
        "EBIT": 39,
        "Net Income": 27
    },
    "2020-03-31": {
        "Diluted EPS": 0.43,
        "Total Revenue": 208,
        "Gross Profit": 93,
        "Operating Income": 26,
        "EBIT": 39,
        "Net Income": 24
    },
    "2019-12-31": {
        "Diluted EPS": 0.29,
        "Total Revenue": 194,
        "Gross Profit": 89,
        "Operating Income": 21,
        "EBIT": 33,
        "Net Income": 16
    },
    "2019-09-30": {
        "Diluted EPS": 0.35,
        "Total Revenue": 177,
        "Gross Profit": 78,
        "Operating Income": 17,
        "EBIT": 29,
        "Net Income": 19
    },
    "2019-06-30": {
        "Diluted EPS": 0.25,
        "Total Revenue": 177,
        "Gross Profit": 80,
        "Operating Income": 21,
        "EBIT": 32,
        "Net Income": 13
    },
    "2019-03-31": {
        "Diluted EPS": 0.29,
        "Total Revenue": 175,
        "Gross Profit": 74,
        "Operating Income": 22,
        "EBIT": 34,
        "Net Income": 14
    },
    "2018-12-31": {
        "Diluted EPS": 0.26,
        "Total Revenue": 159,
        "Gross Profit": 71,
        "Operating Income": 20,
        "EBIT": 32,
        "Net Income": 12
    },
    "2018-09-30": {
        "Diluted EPS": 0.16,
        "Total Revenue": 144,
        "Gross Profit": 62,
        "Operating Income": 14,
        "EBIT": 25,
        "Net Income": 7
    },
    "2018-06-30": {
        "Diluted EPS": 0.21,
        "Total Revenue": 153,
        "Gross Profit": 68,
        "Operating Income": 19,
        "EBIT": 31,
        "Net Income": 10
    },
    "2018-03-31": {
        "Diluted EPS": 0.08,
        "Total Revenue": 116,
        "Gross Profit": 53,
        "Operating Income": 7,
        "EBIT": 18,
        "Net Income": 4
    },
    "2017-12-31": {
        "Diluted EPS": 0.19,
        "Total Revenue": 118,
        "Gross Profit": 54,
        "Operating Income": 11,
        "EBIT": 20,
        "Net Income": 9
    },
    "2017-09-30": {
        "Diluted EPS": 0.38,
        "Total Revenue": 106,
        "Gross Profit": 51,
        "Operating Income": 10,
        "EBIT": 20,
        "Net Income": 18
    },
    "2017-06-30": {
        "Diluted EPS": 0.19,
        "Total Revenue": 116,
        "Gross Profit": 54,
        "Operating Income": 13,
        "EBIT": 22,
        "Net Income": 9
    },
    "2017-03-31": {
        "Diluted EPS": 0.16,
        "Total Revenue": 107,
        "Gross Profit": 51,
        "Operating Income": 12,
        "EBIT": 20,
        "Net Income": 7
    },
    "2016-12-31": {
        "Diluted EPS": 0.13,
        "Total Revenue": 98,
        "Gross Profit": 47,
        "Operating Income": 9,
        "EBIT": 17,
        "Net Income": 5
    },
    "2016-09-30": {
        "Diluted EPS": 0.1,
        "Total Revenue": 88,
        "Gross Profit": 39,
        "Operating Income": 4,
        "EBIT": 11,
        "Net Income": 4
    },
    "2016-06-30": {
        "Diluted EPS": 0.2,
        "Total Revenue": 85,
        "Gross Profit": 38,
        "Operating Income": 8,
        "EBIT": 14,
        "Net Income": 7
    },
    "2016-03-31": {
        "Diluted EPS": 0.13,
        "Total Revenue": 66,
        "Gross Profit": 31,
        "Operating Income": 7,
        "EBIT": 10,
        "Net Income": 4
    },
    "2015-12-31": {
        "Diluted EPS": 0.15,
        "Total Revenue": 60,
        "Gross Profit": 30,
        "Operating Income": 6,
        "EBIT": 10,
        "Net Income": 5
    },
    "2015-09-30": {
        "Diluted EPS": 0.08,
        "Total Revenue": 58,
        "Gross Profit": 28,
        "Operating Income": 3,
        "EBIT": 6,
        "Net Income": 3
    },
    "2015-06-30": {
        "Diluted EPS": 0.17,
        "Total Revenue": 64,
        "Gross Profit": 35,
        "Operating Income": 8,
        "EBIT": 11,
        "Net Income": 6
    },
    "2015-03-31": {
        "Diluted EPS": 0.11,
        "Total Revenue": 60,
        "Gross Profit": 28,
        "Operating Income": 6,
        "EBIT": 7,
        "Net Income": 4
    },
    "2014-12-31": {
        "Diluted EPS": 0.01,
        "Total Revenue": 57,
        "Gross Profit": 27,
        "Operating Income": 4,
        "EBIT": 9,
        "Net Income": 0
    },
    "2014-09-30": {
        "Diluted EPS": 0.02,
        "Total Revenue": 54,
        "Gross Profit": 24,
        "Operating Income": 1,
        "EBIT": 4,
        "Net Income": 0
    },
    "2014-06-30": {
        "Diluted EPS": -0.25,
        "Total Revenue": 54,
        "Gross Profit": 24,
        "Operating Income": 0,
        "EBIT": 3,
        "Net Income": -8
    },
    "2014-03-31": {
        "Diluted EPS": -0.02,
        "Total Revenue": 53,
        "Gross Profit": 24,
        "Operating Income": -1,
        "EBIT": 2,
        "Net Income": -1
    },
    "2013-12-31": {
        "Diluted EPS": -0.03,
        "Total Revenue": 51,
        "Gross Profit": 24,
        "Operating Income": -2,
        "EBIT": 2,
        "Net Income": -1
    },
    "2013-09-30": {
        "Diluted EPS": -0.07,
        "Total Revenue": 51,
        "Gross Profit": 22,
        "Operating Income": -4,
        "EBIT": 0,
        "Net Income": -2
    },
    "2013-06-30": {
        "Diluted EPS": -0.07,
        "Total Revenue": 41,
        "Gross Profit": 18,
        "Operating Income": -5,
        "EBIT": -1,
        "Net Income": -2
    },
    "2013-03-31": {
        "Diluted EPS": 0.03,
        "Total Revenue": 54,
        "Gross Profit": 23,
        "Operating Income": -1,
        "EBIT": 3,
        "Net Income": 1
    },
    "2012-12-31": {
        "Diluted EPS": -0.16,
        "Total Revenue": 50,
        "Gross Profit": 18,
        "Operating Income": -7,
        "EBIT": -3,
        "Net Income": -5
    },
    "2012-09-30": {
        "Diluted EPS": -0.24,
        "Total Revenue": 49,
        "Gross Profit": 20,
        "Operating Income": -11,
        "EBIT": -7,
        "Net Income": -7
    },
    "2012-06-30": {
        "Diluted EPS": 0.19,
        "Total Revenue": 53,
        "Gross Profit": 28,
        "Operating Income": 5,
        "EBIT": 9,
        "Net Income": 6
    },
    "2012-03-31": {
        "Diluted EPS": 0.17,
        "Total Revenue": 67,
        "Gross Profit": 35,
        "Operating Income": 7,
        "EBIT": 10,
        "Net Income": 5
    },
    "2011-12-31": {
        "Diluted EPS": 0.3,
        "Total Revenue": 68,
        "Gross Profit": 41,
        "Operating Income": 13,
        "EBIT": 16,
        "Net Income": 9
    },
    "2011-09-30": {
        "Diluted EPS": 0.09,
        "Total Revenue": 49,
        "Gross Profit": 30,
        "Operating Income": 4,
        "EBIT": 6,
        "Net Income": 3
    },
    "2011-06-30": {
        "Diluted EPS": 0.12,
        "Total Revenue": 61,
        "Gross Profit": 35,
        "Operating Income": 6,
        "EBIT": 9,
        "Net Income": 4
    },
    "2011-03-31": {
        "Diluted EPS": 0.2,
        "Total Revenue": 60,
        "Gross Profit": 33,
        "Operating Income": 7,
        "EBIT": 9,
        "Net Income": 5
    },
    "2010-12-31": {
        "Diluted EPS": 0.22,
        "Total Revenue": 56,
        "Gross Profit": 32,
        "Operating Income": 7,
        "EBIT": 8,
        "Net Income": 5
    },
    "2010-09-30": {
        "Diluted EPS": 0.16,
        "Total Revenue": 52,
        "Gross Profit": 31,
        "Operating Income": 5,
        "EBIT": 7,
        "Net Income": 4
    },
    "2010-06-30": {
        "Diluted EPS": 0.81,
        "Total Revenue": 64,
        "Gross Profit": 35,
        "Operating Income": 9,
        "EBIT": 11,
        "Net Income": 19
    },
    "2010-03-31": {
        "Diluted EPS": 0.14,
        "Total Revenue": 44,
        "Gross Profit": 25,
        "Operating Income": 1,
        "EBIT": 3,
        "Net Income": 3
    },
    "2009-12-31": {
        "Diluted EPS": 0.09,
        "Total Revenue": 45,
        "Gross Profit": 26,
        "Operating Income": 2,
        "EBIT": 4,
        "Net Income": 2
    },
    "2009-09-30": {
        "Diluted EPS": 0.19,
        "Total Revenue": 47,
        "Gross Profit": 27,
        "Operating Income": 5,
        "EBIT": 7,
        "Net Income": 4
    },
    "2009-06-30": {
        "Diluted EPS": 0.41,
        "Total Revenue": 48,
        "Gross Profit": 26,
        "Operating Income": 3,
        "EBIT": -10,
        "Net Income": 9
    },
    "2009-03-31": {
        "Diluted EPS": 0.36,
        "Total Revenue": 51,
        "Gross Profit": 29,
        "Operating Income": 5,
        "EBIT": 7,
        "Net Income": 8
    },
    "2023-06-30": {
        "Tax Effect Of Unusual Items": NaN,
        "Tax Rate For Calcs": NaN,
        "Normalized EBITDA": NaN,
        "Total Unusual Items": NaN,
        "Total Unusual Items Excluding Goodwill": NaN,
        "Net Income From Continuing Operation Net Minority Interest": NaN,
        "Reconciled Depreciation": NaN,
        "Reconciled Cost Of Revenue": NaN,
        "EBITDA": NaN,
        "EBIT": NaN,
        "Net Interest Income": NaN,
        "Interest Expense": NaN,
        "Interest Income": NaN,
        "Normalized Income": NaN,
        "Net Income From Continuing And Discontinued Operation": NaN,
        "Total Expenses": NaN,
        "Total Operating Income As Reported": NaN,
        "Diluted Average Shares": 56798000.0,
        "Basic Average Shares": 56798000.0,
        "Diluted EPS": -0.15,
        "Basic EPS": -0.15,
        "Diluted NI Availto Com Stockholders": NaN,
        "Net Income Common Stockholders": NaN,
        "Net Income": NaN,
        "Net Income Including Noncontrolling Interests": NaN,
        "Net Income Continuous Operations": NaN,
        "Tax Provision": NaN,
        "Pretax Income": NaN,
        "Other Income Expense": NaN,
        "Other Non Operating Income Expenses": NaN,
        "Special Income Charges": NaN,
        "Restructuring And Mergern Acquisition": NaN,
        "Net Non Operating Interest Income Expense": NaN,
        "Interest Expense Non Operating": NaN,
        "Interest Income Non Operating": NaN,
        "Operating Income": NaN,
        "Operating Expense": NaN,
        "Depreciation Amortization Depletion Income Statement": NaN,
        "Depreciation And Amortization In Income Statement": NaN,
        "Amortization": NaN,
        "Amortization Of Intangibles Income Statement": NaN,
        "Research And Development": NaN,
        "Selling General And Administration": NaN,
        "Gross Profit": NaN,
        "Cost Of Revenue": NaN,
        "Total Revenue": NaN,
        "Operating Revenue": NaN
    },
    "2023-09-30": {
        "Tax Effect Of Unusual Items": -2754175.228712,
        "Tax Rate For Calcs": 0.261928,
        "Normalized EBITDA": -8665000.0,
        "Total Unusual Items": -10515000.0,
        "Total Unusual Items Excluding Goodwill": -10515000.0,
        "Net Income From Continuing Operation Net Minority Interest": -36708000.0,
        "Reconciled Depreciation": 22692000.0,
        "Reconciled Cost Of Revenue": 120319000.0,
        "EBITDA": -19180000.0,
        "EBIT": -41872000.0,
        "Net Interest Income": -7760000.0,
        "Interest Expense": 7863000.0,
        "Interest Income": 103000.0,
        "Normalized Income": -28947175.228712,
        "Net Income From Continuing And Discontinued Operation": -36708000.0,
        "Total Expenses": 210677000.0,
        "Total Operating Income As Reported": -40201000.0,
        "Diluted Average Shares": 57105000.0,
        "Basic Average Shares": 57105000.0,
        "Diluted EPS": -0.64,
        "Basic EPS": -0.64,
        "Diluted NI Availto Com Stockholders": -36708000.0,
        "Net Income Common Stockholders": -36708000.0,
        "Net Income": -36708000.0,
        "Net Income Including Noncontrolling Interests": -36708000.0,
        "Net Income Continuous Operations": -36708000.0,
        "Tax Provision": -13027000.0,
        "Pretax Income": -49735000.0,
        "Other Income Expense": -12289000.0,
        "Other Non Operating Income Expenses": -1774000.0,
        "Special Income Charges": -10515000.0,
        "Restructuring And Mergern Acquisition": 10515000.0,
        "Net Non Operating Interest Income Expense": -7760000.0,
        "Interest Expense Non Operating": 7863000.0,
        "Interest Income Non Operating": 103000.0,
        "Operating Income": -29686000.0,
        "Operating Expense": 80213000.0,
        "Depreciation Amortization Depletion Income Statement": 12547000.0,
        "Depreciation And Amortization In Income Statement": 12547000.0,
        "Amortization": 12547000.0,
        "Amortization Of Intangibles Income Statement": 12547000.0,
        "Research And Development": 31872000.0,
        "Selling General And Administration": 35794000.0,
        "Gross Profit": 50527000.0,
        "Cost Of Revenue": 130464000.0,
        "Total Revenue": 180991000.0,
        "Operating Revenue": 180991000.0
    },
    "2023-12-31": {
        "Tax Effect Of Unusual Items": -66332.710838,
        "Tax Rate For Calcs": 0.28469,
        "Normalized EBITDA": -32622000.0,
        "Total Unusual Items": -233000.0,
        "Total Unusual Items Excluding Goodwill": -233000.0,
        "Net Income From Continuing Operation Net Minority Interest": -45581000.0,
        "Reconciled Depreciation": 22193000.0,
        "Reconciled Cost Of Revenue": 156020000.0,
        "EBITDA": -32855000.0,
        "EBIT": -55048000.0,
        "Net Interest Income": -8645000.0,
        "Interest Expense": 8674000.0,
        "Interest Income": 29000.0,
        "Normalized Income": -45414332.710838,
        "Net Income From Continuing And Discontinued Operation": -45581000.0,
        "Total Expenses": 251159000.0,
        "Total Operating Income As Reported": -53929000.0,
        "Diluted Average Shares": 57424000.0,
        "Basic Average Shares": 57424000.0,
        "Diluted EPS": -0.79,
        "Basic EPS": -0.79,
        "Diluted NI Availto Com Stockholders": -45581000.0,
        "Net Income Common Stockholders": -45581000.0,
        "Net Income": -45581000.0,
        "Net Income Including Noncontrolling Interests": -45581000.0,
        "Net Income Continuous Operations": -45581000.0,
        "Tax Provision": -18141000.0,
        "Pretax Income": -63722000.0,
        "Other Income Expense": -1381000.0,
        "Other Non Operating Income Expenses": -1148000.0,
        "Special Income Charges": -233000.0,
        "Restructuring And Mergern Acquisition": 233000.0,
        "Net Non Operating Interest Income Expense": -8645000.0,
        "Interest Expense Non Operating": 8674000.0,
        "Interest Income Non Operating": 29000.0,
        "Operating Income": -53696000.0,
        "Operating Expense": 85216000.0,
        "Depreciation Amortization Depletion Income Statement": 12270000.0,
        "Depreciation And Amortization In Income Statement": 12270000.0,
        "Amortization": 12270000.0,
        "Amortization Of Intangibles Income Statement": 12270000.0,
        "Research And Development": 28476000.0,
        "Selling General And Administration": 44470000.0,
        "Gross Profit": 31520000.0,
        "Cost Of Revenue": 165943000.0,
        "Total Revenue": 197463000.0,
        "Operating Revenue": 197463000.0
    },
    "2024-03-31": {
        "Tax Effect Of Unusual Items": -2219601.429645,
        "Tax Rate For Calcs": 0.220966,
        "Normalized EBITDA": -16099000.0,
        "Total Unusual Items": -10045000.0,
        "Total Unusual Items Excluding Goodwill": -10045000.0,
        "Net Income From Continuing Operation Net Minority Interest": -44574000.0,
        "Reconciled Depreciation": 21754000.0,
        "Reconciled Cost Of Revenue": 157395000.0,
        "EBITDA": -26144000.0,
        "EBIT": -47898000.0,
        "Net Interest Income": -8777000.0,
        "Interest Expense": 9319000.0,
        "Interest Income": 542000.0,
        "Normalized Income": -36748601.429645,
        "Net Income From Continuing And Discontinued Operation": -44574000.0,
        "Total Expenses": 243869000.0,
        "Total Operating Income As Reported": -45656000.0,
        "Diluted Average Shares": 57698000.0,
        "Basic Average Shares": 57698000.0,
        "Diluted EPS": -0.77,
        "Basic EPS": -0.77,
        "Diluted NI Availto Com Stockholders": -44574000.0,
        "Net Income Common Stockholders": -44574000.0,
        "Net Income": -44574000.0,
        "Net Income Including Noncontrolling Interests": -44574000.0,
        "Net Income Continuous Operations": -44574000.0,
        "Tax Provision": -12643000.0,
        "Pretax Income": -57217000.0,
        "Other Income Expense": -12829000.0,
        "Other Non Operating Income Expenses": -2784000.0,
        "Special Income Charges": -10045000.0,
        "Restructuring And Mergern Acquisition": 10045000.0,
        "Net Non Operating Interest Income Expense": -8777000.0,
        "Interest Expense Non Operating": 9319000.0,
        "Interest Income Non Operating": 542000.0,
        "Operating Income": -35611000.0,
        "Operating Expense": 76253000.0,
        "Depreciation Amortization Depletion Income Statement": 11533000.0,
        "Depreciation And Amortization In Income Statement": 11533000.0,
        "Amortization": 11533000.0,
        "Amortization Of Intangibles Income Statement": 11533000.0,
        "Research And Development": 21563000.0,
        "Selling General And Administration": 43157000.0,
        "Gross Profit": 40642000.0,
        "Cost Of Revenue": 167616000.0,
        "Total Revenue": 208258000.0,
        "Operating Revenue": 208258000.0
    },
    "2024-06-30": {
        "Tax Effect Of Unusual Items": -1488270.0,
        "Tax Rate For Calcs": 0.21,
        "Normalized EBITDA": 19036000.0,
        "Total Unusual Items": -7087000.0,
        "Total Unusual Items Excluding Goodwill": -7087000.0,
        "Net Income From Continuing Operation Net Minority Interest": -10777000.0,
        "Reconciled Depreciation": 21391000.0,
        "Reconciled Cost Of Revenue": 165271000.0,
        "EBITDA": 11949000.0,
        "EBIT": -9442000.0,
        "Net Interest Income": -8634000.0,
        "Interest Expense": 9159000.0,
        "Interest Income": 525000.0,
        "Normalized Income": -5178270.0,
        "Net Income From Continuing And Discontinued Operation": -10777000.0,
        "Total Expenses": 249444000.0,
        "Total Operating Income As Reported": -7968000.0,
        "Diluted Average Shares": NaN,
        "Basic Average Shares": NaN,
        "Diluted EPS": NaN,
        "Basic EPS": NaN,
        "Diluted NI Availto Com Stockholders": -10777000.0,
        "Net Income Common Stockholders": -10777000.0,
        "Net Income": -10777000.0,
        "Net Income Including Noncontrolling Interests": -10777000.0,
        "Net Income Continuous Operations": -10777000.0,
        "Tax Provision": -7824000.0,
        "Pretax Income": -18601000.0,
        "Other Income Expense": -9086000.0,
        "Other Non Operating Income Expenses": -1999000.0,
        "Special Income Charges": -7087000.0,
        "Restructuring And Mergern Acquisition": 7087000.0,
        "Net Non Operating Interest Income Expense": -8634000.0,
        "Interest Expense Non Operating": 9159000.0,
        "Interest Income Non Operating": 525000.0,
        "Operating Income": -881000.0,
        "Operating Expense": 74093000.0,
        "Depreciation Amortization Depletion Income Statement": 11311000.0,
        "Depreciation And Amortization In Income Statement": 11311000.0,
        "Amortization": 11311000.0,
        "Amortization Of Intangibles Income Statement": 11311000.0,
        "Research And Development": 19417000.0,
        "Selling General And Administration": 43365000.0,
        "Gross Profit": 73212000.0,
        "Cost Of Revenue": 175351000.0,
        "Total Revenue": 248563000.0,
        "Operating Revenue": 248563000.0
    },
    "2024-09-30": {
        "Tax Effect Of Unusual Items": -589669.881915,
        "Tax Rate For Calcs": 0.241965,
        "Normalized EBITDA": 9444000.0,
        "Total Unusual Items": -2437000.0,
        "Total Unusual Items Excluding Goodwill": -2437000.0,
        "Net Income From Continuing Operation Net Minority Interest": -17525000.0,
        "Reconciled Depreciation": 21220000.0,
        "Reconciled Cost Of Revenue": 142656000.0,
        "EBITDA": 7007000.0,
        "EBIT": -14213000.0,
        "Net Interest Income": -8362000.0,
        "Interest Expense": 8906000.0,
        "Interest Income": 544000.0,
        "Normalized Income": -15677669.881915,
        "Net Income From Continuing And Discontinued Operation": -17525000.0,
        "Total Expenses": 215412000.0,
        "Total Operating Income As Reported": -13418000.0,
        "Diluted Average Shares": 58260000.0,
        "Basic Average Shares": 58260000.0,
        "Diluted EPS": -0.3,
        "Basic EPS": -0.3,
        "Diluted NI Availto Com Stockholders": -17525000.0,
        "Net Income Common Stockholders": -17525000.0,
        "Net Income": -17525000.0,
        "Net Income Including Noncontrolling Interests": -17525000.0,
        "Net Income Continuous Operations": -17525000.0,
        "Tax Provision": -5594000.0,
        "Pretax Income": -23119000.0,
        "Other Income Expense": -3776000.0,
        "Other Non Operating Income Expenses": -1339000.0,
        "Special Income Charges": -2437000.0,
        "Restructuring And Mergern Acquisition": 2437000.0,
        "Net Non Operating Interest Income Expense": -8362000.0,
        "Interest Expense Non Operating": 8906000.0,
        "Interest Income Non Operating": 544000.0,
        "Operating Income": -10981000.0,
        "Operating Expense": 62771000.0,
        "Depreciation Amortization Depletion Income Statement": 11235000.0,
        "Depreciation And Amortization In Income Statement": 11235000.0,
        "Amortization": 11235000.0,
        "Amortization Of Intangibles Income Statement": 11235000.0,
        "Research And Development": 18383000.0,
        "Selling General And Administration": 33153000.0,
        "Gross Profit": 51790000.0,
        "Cost Of Revenue": 152641000.0,
        "Total Revenue": 204431000.0,
        "Operating Revenue": 204431000.0
    }
}