{
    "2023-03-31": {
        "Tax Effect Of Unusual Items": NaN,
        "Tax Rate For Calcs": NaN,
        "Normalized EBITDA": NaN,
        "Total Unusual Items": NaN,
        "Total Unusual Items Excluding Goodwill": NaN,
        "Net Income From Continuing Operation Net Minority Interest": NaN,
        "Reconciled Depreciation": NaN,
        "Reconciled Cost Of Revenue": NaN,
        "EBITDA": NaN,
        "EBIT": NaN,
        "Net Interest Income": NaN,
        "Interest Expense": NaN,
        "Interest Income": NaN,
        "Normalized Income": NaN,
        "Net Income From Continuing And Discontinued Operation": NaN,
        "Total Expenses": NaN,
        "Total Operating Income As Reported": NaN,
        "Diluted Average Shares": NaN,
        "Basic Average Shares": NaN,
        "Diluted EPS": NaN,
        "Basic EPS": NaN,
        "Diluted NI Availto Com Stockholders": NaN,
        "Net Income Common Stockholders": NaN,
        "Net Income": NaN,
        "Net Income Including Noncontrolling Interests": NaN,
        "Net Income Continuous Operations": NaN,
        "Tax Provision": NaN,
        "Pretax Income": NaN,
        "Other Income Expense": NaN,
        "Other Non Operating Income Expenses": NaN,
        "Gain On Sale Of Security": NaN,
        "Net Non Operating Interest Income Expense": NaN,
        "Interest Expense Non Operating": NaN,
        "Interest Income Non Operating": NaN,
        "Operating Income": NaN,
        "Operating Expense": NaN,
        "Other Operating Expenses": -24000000.0,
        "Research And Development": NaN,
        "Selling General And Administration": NaN,
        "Gross Profit": NaN,
        "Cost Of Revenue": NaN,
        "Total Revenue": NaN,
        "Operating Revenue": NaN
    },
    "2022-12-31": {
        "Tax Effect Of Unusual Items": NaN,
        "Tax Rate For Calcs": NaN,
        "Normalized EBITDA": NaN,
        "Total Unusual Items": NaN,
        "Total Unusual Items Excluding Goodwill": NaN,
        "Net Income From Continuing Operation Net Minority Interest": NaN,
        "Reconciled Depreciation": NaN,
        "Reconciled Cost Of Revenue": NaN,
        "EBITDA": NaN,
        "EBIT": NaN,
        "Net Interest Income": NaN,
        "Interest Expense": NaN,
        "Interest Income": NaN,
        "Normalized Income": NaN,
        "Net Income From Continuing And Discontinued Operation": NaN,
        "Total Expenses": NaN,
        "Total Operating Income As Reported": NaN,
        "Diluted Average Shares": NaN,
        "Basic Average Shares": NaN,
        "Diluted EPS": NaN,
        "Basic EPS": NaN,
        "Diluted NI Availto Com Stockholders": NaN,
        "Net Income Common Stockholders": NaN,
        "Net Income": NaN,
        "Net Income Including Noncontrolling Interests": NaN,
        "Net Income Continuous Operations": NaN,
        "Tax Provision": NaN,
        "Pretax Income": NaN,
        "Other Income Expense": NaN,
        "Other Non Operating Income Expenses": NaN,
        "Gain On Sale Of Security": NaN,
        "Net Non Operating Interest Income Expense": NaN,
        "Interest Expense Non Operating": NaN,
        "Interest Income Non Operating": NaN,
        "Operating Income": NaN,
        "Operating Expense": NaN,
        "Other Operating Expenses": 65000000.0,
        "Research And Development": NaN,
        "Selling General And Administration": NaN,
        "Gross Profit": NaN,
        "Cost Of Revenue": NaN,
        "Total Revenue": NaN,
        "Operating Revenue": NaN
    },
    "2022-09-30": {
        "Tax Effect Of Unusual Items": -572000.0,
        "Tax Rate For Calcs": 0.143,
        "Normalized EBITDA": 1342000000.0,
        "Total Unusual Items": -4000000.0,
        "Total Unusual Items Excluding Goodwill": -4000000.0,
        "Net Income From Continuing Operation Net Minority Interest": 1043000000.0,
        "Reconciled Depreciation": 113000000.0,
        "Reconciled Cost Of Revenue": 1100000000.0,
        "EBITDA": 1338000000.0,
        "EBIT": 1225000000.0,
        "Net Interest Income": 50000000.0,
        "Interest Expense": 8000000.0,
        "Interest Income": 58000000.0,
        "Normalized Income": 1046428000.0,
        "Net Income From Continuing And Discontinued Operation": 1043000000.0,
        "Total Expenses": 2054000000.0,
        "Total Operating Income As Reported": 1166000000.0,
        "Diluted Average Shares": 412000000.0,
        "Basic Average Shares": 390000000.0,
        "Diluted EPS": 2.53,
        "Basic EPS": 2.67,
        "Diluted NI Availto Com Stockholders": 1043000000.0,
        "Net Income Common Stockholders": 1043000000.0,
        "Net Income": 1043000000.0,
        "Net Income Including Noncontrolling Interests": 1043000000.0,
        "Net Income Continuous Operations": 1043000000.0,
        "Tax Provision": 174000000.0,
        "Pretax Income": 1217000000.0,
        "Other Income Expense": 1000000.0,
        "Other Non Operating Income Expenses": 5000000.0,
        "Gain On Sale Of Security": -4000000.0,
        "Net Non Operating Interest Income Expense": 50000000.0,
        "Interest Expense Non Operating": 8000000.0,
        "Interest Income Non Operating": 58000000.0,
        "Operating Income": 1166000000.0,
        "Operating Expense": 954000000.0,
        "Other Operating Expenses": -144000000.0,
        "Research And Development": 820000000.0,
        "Selling General And Administration": 278000000.0,
        "Gross Profit": 2120000000.0,
        "Cost Of Revenue": 1100000000.0,
        "Total Revenue": 3220000000.0,
        "Operating Revenue": 3220000000.0
    },
    "2022-06-30": {
        "Tax Effect Of Unusual Items": 0.0,
        "Tax Rate For Calcs": 0.11,
        "Normalized EBITDA": 2447000000.0,
        "Total Unusual Items": -8000000.0,
        "Total Unusual Items Excluding Goodwill": -8000000.0,
        "Net Income From Continuing Operation Net Minority Interest": 2197000000.0,
        "Reconciled Depreciation": 76000000.0,
        "Reconciled Cost Of Revenue": 1381000000.0,
        "EBITDA": 2447000000.0,
        "EBIT": 2447000000.0,
        "Net Interest Income": 40000000.0,
        "Interest Expense": 5000000.0,
        "Interest Income": 40000000.0,
        "Normalized Income": 2197000000.0,
        "Net Income From Continuing And Discontinued Operation": 2197000000.0,
        "Total Expenses": 2119000000.0,
        "Total Operating Income As Reported": 2447000000.0,
        "Diluted Average Shares": 419000000.0,
        "Basic Average Shares": 396000000.0,
        "Diluted EPS": 5.24,
        "Basic EPS": 5.55,
        "Diluted NI Availto Com Stockholders": 2197000000.0,
        "Net Income Common Stockholders": 2197000000.0,
        "Net Income": 2197000000.0,
        "Net Income Including Noncontrolling Interests": 2197000000.0,
        "Net Income Continuous Operations": 2197000000.0,
        "Tax Provision": 277000000.0,
        "Pretax Income": 2474000000.0,
        "Other Income Expense": -13000000.0,
        "Other Non Operating Income Expenses": -13000000.0,
        "Gain On Sale Of Security": -8000000.0,
        "Net Non Operating Interest Income Expense": 40000000.0,
        "Interest Expense Non Operating": 5000000.0,
        "Interest Income Non Operating": 40000000.0,
        "Operating Income": 2447000000.0,
        "Operating Expense": 738000000.0,
        "Other Operating Expenses": -183000000.0,
        "Research And Development": 710000000.0,
        "Selling General And Administration": 211000000.0,
        "Gross Profit": 3185000000.0,
        "Cost Of Revenue": 1381000000.0,
        "Total Revenue": 4566000000.0,
        "Operating Revenue": 4566000000.0
    },
    "2023-06-30": {
        "Tax Effect Of Unusual Items": NaN,
        "Tax Rate For Calcs": NaN,
        "Normalized EBITDA": NaN,
        "Total Unusual Items": NaN,
        "Total Unusual Items Excluding Goodwill": NaN,
        "Net Income From Continuing Operation Net Minority Interest": NaN,
        "Reconciled Depreciation": NaN,
        "Reconciled Cost Of Revenue": NaN,
        "EBITDA": NaN,
        "EBIT": NaN,
        "Net Interest Income": NaN,
        "Interest Expense": NaN,
        "Interest Income": NaN,
        "Normalized Income": NaN,
        "Net Income From Continuing And Discontinued Operation": NaN,
        "Total Expenses": NaN,
        "Total Operating Income As Reported": NaN,
        "Diluted Average Shares": NaN,
        "Basic Average Shares": NaN,
        "Diluted EPS": NaN,
        "Basic EPS": NaN,
        "Diluted NI Availto Com Stockholders": NaN,
        "Net Income Common Stockholders": NaN,
        "Net Income": NaN,
        "Net Income Including Noncontrolling Interests": NaN,
        "Net Income Continuous Operations": NaN,
        "Tax Provision": NaN,
        "Pretax Income": NaN,
        "Other Income Expense": NaN,
        "Other Non Operating Income Expenses": NaN,
        "Gain On Sale Of Security": NaN,
        "Net Non Operating Interest Income Expense": NaN,
        "Interest Expense Non Operating": NaN,
        "Interest Income Non Operating": NaN,
        "Operating Income": NaN,
        "Operating Expense": NaN,
        "Other Operating Expenses": -28000000.0,
        "Research And Development": NaN,
        "Selling General And Administration": NaN,
        "Gross Profit": NaN,
        "Cost Of Revenue": NaN,
        "Total Revenue": NaN,
        "Operating Revenue": NaN
    },
    "2022-03-31": {
        "Diluted EPS": 8.58,
        "Total Revenue": NaN,
        "Gross Profit": NaN,
        "Operating Income": NaN,
        "EBIT": NaN,
        "Net Income": NaN
    },
    "2021-12-31": {
        "Diluted EPS": 11.29,
        "Total Revenue": NaN,
        "Gross Profit": NaN,
        "Operating Income": NaN,
        "EBIT": NaN,
        "Net Income": NaN
    },
    "2021-09-30": {
        "Diluted EPS": 7.7,
        "Total Revenue": NaN,
        "Gross Profit": NaN,
        "Operating Income": NaN,
        "EBIT": NaN,
        "Net Income": NaN
    },
    "2021-06-30": {
        "Diluted EPS": 6.46,
        "Total Revenue": NaN,
        "Gross Profit": NaN,
        "Operating Income": NaN,
        "EBIT": NaN,
        "Net Income": NaN
    },
    "2021-03-31": {
        "Diluted EPS": 2.84,
        "Total Revenue": NaN,
        "Gross Profit": NaN,
        "Operating Income": NaN,
        "EBIT": NaN,
        "Net Income": NaN
    },
    "2020-12-31": {
        "Diluted EPS": -0.71,
        "Total Revenue": 571,
        "Gross Profit": 571,
        "Operating Income": -275,
        "EBIT": -263,
        "Net Income": -273
    },
    "2020-09-30": {
        "Diluted EPS": -0.59,
        "Total Revenue": 157,
        "Gross Profit": 157,
        "Operating Income": -235,
        "EBIT": -223,
        "Net Income": -233
    },
    "2020-06-30": {
        "Diluted EPS": -0.31,
        "Total Revenue": 67,
        "Gross Profit": 67,
        "Operating Income": -122,
        "EBIT": -113,
        "Net Income": -117
    },
    "2020-03-31": {
        "Diluted EPS": -0.35,
        "Total Revenue": 8,
        "Gross Profit": 8,
        "Operating Income": -131,
        "EBIT": -123,
        "Net Income": -124
    },
    "2019-12-31": {
        "Diluted EPS": -0.37,
        "Total Revenue": 14,
        "Gross Profit": 14,
        "Operating Income": -130,
        "EBIT": -122,
        "Net Income": -123
    },
    "2019-09-30": {
        "Diluted EPS": -0.37,
        "Total Revenue": 17,
        "Gross Profit": 17,
        "Operating Income": -131,
        "EBIT": -125,
        "Net Income": -123
    },
    "2019-06-30": {
        "Diluted EPS": -0.41,
        "Total Revenue": 13,
        "Gross Profit": 13,
        "Operating Income": -144,
        "EBIT": -138,
        "Net Income": -135
    },
    "2019-03-31": {
        "Diluted EPS": -0.4,
        "Total Revenue": 16,
        "Gross Profit": 16,
        "Operating Income": -142,
        "EBIT": -135,
        "Net Income": -133
    },
    "2018-12-31": {
        "Diluted EPS": -1.04,
        "Total Revenue": 35,
        "Gross Profit": 35,
        "Operating Income": -153,
        "EBIT": -146,
        "Net Income": -141
    },
    "2018-09-30": {
        "Diluted EPS": -1.32,
        "Total Revenue": 42,
        "Gross Profit": 42,
        "Operating Income": -86,
        "EBIT": -80,
        "Net Income": -88
    },
    "2018-06-30": {
        "Diluted EPS": -1.43,
        "Total Revenue": 29,
        "Gross Profit": 29,
        "Operating Income": -97,
        "EBIT": -92,
        "Net Income": -94
    },
    "2018-03-31": {
        "Diluted EPS": -1.16,
        "Total Revenue": 29,
        "Gross Profit": 29,
        "Operating Income": -77,
        "EBIT": -72,
        "Net Income": -76
    },
    "2017-12-31": {
        "Diluted EPS": 0.0,
        "Total Revenue": NaN,
        "Gross Profit": NaN,
        "Operating Income": NaN,
        "EBIT": NaN,
        "Net Income": NaN
    },
    "2016-12-31": {
        "Diluted EPS": 0.0,
        "Total Revenue": NaN,
        "Gross Profit": NaN,
        "Operating Income": NaN,
        "EBIT": NaN,
        "Net Income": NaN
    },
    "2023-09-30": {
        "Tax Effect Of Unusual Items": -7770000.0,
        "Tax Rate For Calcs": 0.21,
        "Normalized EBITDA": -1662000000.0,
        "Total Unusual Items": -37000000.0,
        "Total Unusual Items Excluding Goodwill": -37000000.0,
        "Net Income From Continuing Operation Net Minority Interest": -3630000000.0,
        "Reconciled Depreciation": 249000000.0,
        "Reconciled Cost Of Revenue": 2241000000.0,
        "EBITDA": -1699000000.0,
        "EBIT": -1948000000.0,
        "Net Interest Income": 95000000.0,
        "Interest Expense": 10000000.0,
        "Interest Income": 105000000.0,
        "Normalized Income": -3600770000.0,
        "Net Income From Continuing And Discontinued Operation": -3630000000.0,
        "Total Expenses": 3799000000.0,
        "Total Operating Income As Reported": -2012000000.0,
        "Diluted Average Shares": 381000000.0,
        "Basic Average Shares": 381000000.0,
        "Diluted EPS": -9.53,
        "Basic EPS": -9.53,
        "Diluted NI Availto Com Stockholders": -3630000000.0,
        "Net Income Common Stockholders": -3630000000.0,
        "Net Income": -3630000000.0,
        "Net Income Including Noncontrolling Interests": -3630000000.0,
        "Net Income Continuous Operations": -3630000000.0,
        "Tax Provision": 1672000000.0,
        "Pretax Income": -1958000000.0,
        "Other Income Expense": -41000000.0,
        "Other Non Operating Income Expenses": -4000000.0,
        "Gain On Sale Of Security": -37000000.0,
        "Net Non Operating Interest Income Expense": 95000000.0,
        "Interest Expense Non Operating": 10000000.0,
        "Interest Income Non Operating": 105000000.0,
        "Operating Income": -2012000000.0,
        "Operating Expense": 1558000000.0,
        "Other Operating Expenses": -44000000.0,
        "Research And Development": 1160000000.0,
        "Selling General And Administration": 442000000.0,
        "Gross Profit": -454000000.0,
        "Cost Of Revenue": 2241000000.0,
        "Total Revenue": 1787000000.0,
        "Operating Revenue": 1757000000.0
    },
    "2023-12-31": {
        "Tax Effect Of Unusual Items": -4620000.0,
        "Tax Rate For Calcs": 0.21,
        "Normalized EBITDA": 300000000.0,
        "Total Unusual Items": -22000000.0,
        "Total Unusual Items Excluding Goodwill": -22000000.0,
        "Net Income From Continuing Operation Net Minority Interest": 217000000.0,
        "Reconciled Depreciation": 202000000.0,
        "Reconciled Cost Of Revenue": 929000000.0,
        "EBITDA": 278000000.0,
        "EBIT": 76000000.0,
        "Net Interest Income": 97000000.0,
        "Interest Expense": 6000000.0,
        "Interest Income": 103000000.0,
        "Normalized Income": 234380000.0,
        "Net Income From Continuing And Discontinued Operation": 217000000.0,
        "Total Expenses": 2807000000.0,
        "Total Operating Income As Reported": 6000000.0,
        "Diluted Average Shares": 395000000.0,
        "Basic Average Shares": 381000000.0,
        "Diluted EPS": 0.55,
        "Basic EPS": 0.57,
        "Diluted NI Availto Com Stockholders": 217000000.0,
        "Net Income Common Stockholders": 217000000.0,
        "Net Income": 217000000.0,
        "Net Income Including Noncontrolling Interests": 217000000.0,
        "Net Income Continuous Operations": 217000000.0,
        "Tax Provision": -147000000.0,
        "Pretax Income": 70000000.0,
        "Other Income Expense": -33000000.0,
        "Other Non Operating Income Expenses": -11000000.0,
        "Gain On Sale Of Security": -22000000.0,
        "Net Non Operating Interest Income Expense": 97000000.0,
        "Interest Expense Non Operating": 6000000.0,
        "Interest Income Non Operating": 103000000.0,
        "Operating Income": 6000000.0,
        "Operating Expense": 1878000000.0,
        "Other Operating Expenses": 2000000.0,
        "Research And Development": 1406000000.0,
        "Selling General And Administration": 470000000.0,
        "Gross Profit": 1884000000.0,
        "Cost Of Revenue": 929000000.0,
        "Total Revenue": 2813000000.0,
        "Operating Revenue": 2793000000.0
    },
    "2024-03-31": {
        "Tax Effect Of Unusual Items": -3150000.0,
        "Tax Rate For Calcs": 0.21,
        "Normalized EBITDA": -1108000000.0,
        "Total Unusual Items": -15000000.0,
        "Total Unusual Items Excluding Goodwill": -15000000.0,
        "Net Income From Continuing Operation Net Minority Interest": -1175000000.0,
        "Reconciled Depreciation": 36000000.0,
        "Reconciled Cost Of Revenue": 96000000.0,
        "EBITDA": -1123000000.0,
        "EBIT": -1159000000.0,
        "Net Interest Income": 114000000.0,
        "Interest Expense": 6000000.0,
        "Interest Income": 120000000.0,
        "Normalized Income": -1163150000.0,
        "Net Income From Continuing And Discontinued Operation": -1175000000.0,
        "Total Expenses": 1433000000.0,
        "Total Operating Income As Reported": -1266000000.0,
        "Diluted Average Shares": 382000000.0,
        "Basic Average Shares": 382000000.0,
        "Diluted EPS": -3.07,
        "Basic EPS": -3.07,
        "Diluted NI Availto Com Stockholders": -1175000000.0,
        "Net Income Common Stockholders": -1175000000.0,
        "Net Income": -1175000000.0,
        "Net Income Including Noncontrolling Interests": -1175000000.0,
        "Net Income Continuous Operations": -1175000000.0,
        "Tax Provision": 10000000.0,
        "Pretax Income": -1165000000.0,
        "Other Income Expense": -13000000.0,
        "Other Non Operating Income Expenses": 2000000.0,
        "Gain On Sale Of Security": -15000000.0,
        "Net Non Operating Interest Income Expense": 114000000.0,
        "Interest Expense Non Operating": 6000000.0,
        "Interest Income Non Operating": 120000000.0,
        "Operating Income": -1266000000.0,
        "Operating Expense": 1337000000.0,
        "Other Operating Expenses": NaN,
        "Research And Development": 1063000000.0,
        "Selling General And Administration": 274000000.0,
        "Gross Profit": 71000000.0,
        "Cost Of Revenue": 96000000.0,
        "Total Revenue": 167000000.0,
        "Operating Revenue": 167000000.0
    },
    "2024-06-30": {
        "Tax Effect Of Unusual Items": 0.0,
        "Tax Rate For Calcs": 0.0,
        "Normalized EBITDA": -1209000000.0,
        "Total Unusual Items": -23000000.0,
        "Total Unusual Items Excluding Goodwill": -23000000.0,
        "Net Income From Continuing Operation Net Minority Interest": -1279000000.0,
        "Reconciled Depreciation": 41000000.0,
        "Reconciled Cost Of Revenue": 115000000.0,
        "EBITDA": -1232000000.0,
        "EBIT": -1273000000.0,
        "Net Interest Income": 105000000.0,
        "Interest Expense": 6000000.0,
        "Interest Income": 111000000.0,
        "Normalized Income": -1256000000.0,
        "Net Income From Continuing And Discontinued Operation": -1279000000.0,
        "Total Expenses": 1584000000.0,
        "Total Operating Income As Reported": -1363000000.0,
        "Diluted Average Shares": 384000000.0,
        "Basic Average Shares": 384000000.0,
        "Diluted EPS": -3.33,
        "Basic EPS": -3.33,
        "Diluted NI Availto Com Stockholders": -1279000000.0,
        "Net Income Common Stockholders": -1279000000.0,
        "Net Income": -1279000000.0,
        "Net Income Including Noncontrolling Interests": -1279000000.0,
        "Net Income Continuous Operations": -1279000000.0,
        "Tax Provision": 0.0,
        "Pretax Income": -1279000000.0,
        "Other Income Expense": -21000000.0,
        "Other Non Operating Income Expenses": 2000000.0,
        "Gain On Sale Of Security": -23000000.0,
        "Net Non Operating Interest Income Expense": 105000000.0,
        "Interest Expense Non Operating": 6000000.0,
        "Interest Income Non Operating": 111000000.0,
        "Operating Income": -1363000000.0,
        "Operating Expense": 1469000000.0,
        "Other Operating Expenses": -20000000.0,
        "Research And Development": 1221000000.0,
        "Selling General And Administration": 268000000.0,
        "Gross Profit": 106000000.0,
        "Cost Of Revenue": 115000000.0,
        "Total Revenue": 221000000.0,
        "Operating Revenue": 184000000.0
    },
    "2024-09-30": {
        "Tax Effect Of Unusual Items": -3528000.0,
        "Tax Rate For Calcs": 0.392,
        "Normalized EBITDA": 88000000.0,
        "Total Unusual Items": -9000000.0,
        "Total Unusual Items Excluding Goodwill": -9000000.0,
        "Net Income From Continuing Operation Net Minority Interest": 13000000.0,
        "Reconciled Depreciation": 52000000.0,
        "Reconciled Cost Of Revenue": 514000000.0,
        "EBITDA": 79000000.0,
        "EBIT": 27000000.0,
        "Net Interest Income": 97000000.0,
        "Interest Expense": 6000000.0,
        "Interest Income": 103000000.0,
        "Normalized Income": 18472000.0,
        "Net Income From Continuing And Discontinued Operation": 13000000.0,
        "Total Expenses": 1925000000.0,
        "Total Operating Income As Reported": -70000000.0,
        "Diluted Average Shares": 399000000.0,
        "Basic Average Shares": 385000000.0,
        "Diluted EPS": 0.03,
        "Basic EPS": 0.03,
        "Diluted NI Availto Com Stockholders": 13000000.0,
        "Net Income Common Stockholders": 13000000.0,
        "Net Income": 13000000.0,
        "Net Income Including Noncontrolling Interests": 13000000.0,
        "Net Income Continuous Operations": 13000000.0,
        "Tax Provision": 8000000.0,
        "Pretax Income": 21000000.0,
        "Other Income Expense": -6000000.0,
        "Other Non Operating Income Expenses": 3000000.0,
        "Gain On Sale Of Security": -9000000.0,
        "Net Non Operating Interest Income Expense": 97000000.0,
        "Interest Expense Non Operating": 6000000.0,
        "Interest Income Non Operating": 103000000.0,
        "Operating Income": -70000000.0,
        "Operating Expense": 1411000000.0,
        "Other Operating Expenses": -7000000.0,
        "Research And Development": 1137000000.0,
        "Selling General And Administration": 281000000.0,
        "Gross Profit": 1341000000.0,
        "Cost Of Revenue": 514000000.0,
        "Total Revenue": 1855000000.0,
        "Operating Revenue": 1820000000.0
    }
}