{
    "2023-06-30": {
        "Tax Effect Of Unusual Items": 898150.0,
        "Tax Rate For Calcs": 0.253,
        "Normalized EBITDA": 50540000.0,
        "Total Unusual Items": 3550000.0,
        "Total Unusual Items Excluding Goodwill": 3550000.0,
        "Net Income From Continuing Operation Net Minority Interest": 21874000.0,
        "Reconciled Depreciation": 29427000.0,
        "Reconciled Cost Of Revenue": 233681000.0,
        "EBITDA": 54090000.0,
        "EBIT": 24663000.0,
        "Normalized Income": 19222150.0,
        "Net Income From Continuing And Discontinued Operation": 21874000.0,
        "Total Expenses": 261009000.0,
        "Total Operating Income As Reported": 28213000.0,
        "Diluted Average Shares": 81412000.0,
        "Basic Average Shares": 81263000.0,
        "Diluted EPS": 0.27,
        "Basic EPS": 0.27,
        "Diluted NI Availto Com Stockholders": 21874000.0,
        "Net Income Common Stockholders": 21874000.0,
        "Net Income": 21874000.0,
        "Net Income Including Noncontrolling Interests": 21874000.0,
        "Net Income Continuous Operations": 21874000.0,
        "Tax Provision": 7416000.0,
        "Pretax Income": 29290000.0,
        "Other Income Expense": 4627000.0,
        "Other Non Operating Income Expenses": 1077000.0,
        "Special Income Charges": 3550000.0,
        "Gain On Sale Of Ppe": 3550000.0,
        "Operating Income": 24663000.0,
        "Operating Expense": 27328000.0,
        "Other Operating Expenses": 9581000.0,
        "Other Taxes": 2756000.0,
        "Selling General And Administration": 14991000.0,
        "General And Administrative Expense": 14991000.0,
        "Other Gand A": 2510000.0,
        "Insurance And Claims": 12481000.0,
        "Gross Profit": 51991000.0,
        "Cost Of Revenue": 233681000.0,
        "Total Revenue": 285672000.0,
        "Operating Revenue": 285672000.0
    },
    "2023-03-31": {
        "Tax Effect Of Unusual Items": 1290516.0,
        "Tax Rate For Calcs": 0.246,
        "Normalized EBITDA": 48048000.0,
        "Total Unusual Items": 5246000.0,
        "Total Unusual Items Excluding Goodwill": 5246000.0,
        "Net Income From Continuing Operation Net Minority Interest": 22502000.0,
        "Reconciled Depreciation": 29530000.0,
        "Reconciled Cost Of Revenue": 244932000.0,
        "EBITDA": 53294000.0,
        "EBIT": 23764000.0,
        "Normalized Income": 18546516.0,
        "Net Income From Continuing And Discontinued Operation": 22502000.0,
        "Total Expenses": 274259000.0,
        "Total Operating Income As Reported": 29010000.0,
        "Diluted Average Shares": 81376000.0,
        "Basic Average Shares": 81210000.0,
        "Diluted EPS": 0.28,
        "Basic EPS": 0.28,
        "Diluted NI Availto Com Stockholders": 22502000.0,
        "Net Income Common Stockholders": 22502000.0,
        "Net Income": 22502000.0,
        "Net Income Including Noncontrolling Interests": 22502000.0,
        "Net Income Continuous Operations": 22502000.0,
        "Tax Provision": 7352000.0,
        "Pretax Income": 29854000.0,
        "Other Income Expense": 6090000.0,
        "Other Non Operating Income Expenses": 844000.0,
        "Special Income Charges": 5246000.0,
        "Gain On Sale Of Ppe": 5246000.0,
        "Operating Income": 23764000.0,
        "Operating Expense": 29327000.0,
        "Other Operating Expenses": 8958000.0,
        "Other Taxes": 2768000.0,
        "Selling General And Administration": 17601000.0,
        "General And Administrative Expense": 17601000.0,
        "Other Gand A": 2531000.0,
        "Insurance And Claims": 15070000.0,
        "Gross Profit": 53091000.0,
        "Cost Of Revenue": 244932000.0,
        "Total Revenue": 298023000.0,
        "Operating Revenue": 298023000.0
    },
    "2022-12-31": {
        "Tax Effect Of Unusual Items": 691591.5383,
        "Tax Rate For Calcs": 0.233883,
        "Normalized EBITDA": 56494000.0,
        "Total Unusual Items": 2957000.0,
        "Total Unusual Items Excluding Goodwill": 2957000.0,
        "Net Income From Continuing Operation Net Minority Interest": 25514000.0,
        "Reconciled Depreciation": 29625000.0,
        "Reconciled Cost Of Revenue": 265693000.0,
        "EBITDA": 59451000.0,
        "EBIT": 29826000.0,
        "Normalized Income": 23248591.5383,
        "Net Income From Continuing And Discontinued Operation": 25514000.0,
        "Total Expenses": 292758000.0,
        "Total Operating Income As Reported": 32783000.0,
        "Diluted Average Shares": 81391000.0,
        "Basic Average Shares": 81105000.0,
        "Diluted EPS": 0.31,
        "Basic EPS": 0.31,
        "Diluted NI Availto Com Stockholders": 25514000.0,
        "Net Income Common Stockholders": 25514000.0,
        "Net Income": 25514000.0,
        "Net Income Including Noncontrolling Interests": 25514000.0,
        "Net Income Continuous Operations": 25514000.0,
        "Tax Provision": 7789000.0,
        "Pretax Income": 33303000.0,
        "Other Income Expense": 3477000.0,
        "Other Non Operating Income Expenses": 520000.0,
        "Special Income Charges": 2957000.0,
        "Gain On Sale Of Ppe": 2957000.0,
        "Operating Income": 29826000.0,
        "Operating Expense": 27065000.0,
        "Other Operating Expenses": 9398000.0,
        "Other Taxes": 2712000.0,
        "Selling General And Administration": 14955000.0,
        "General And Administrative Expense": 14955000.0,
        "Other Gand A": 2538000.0,
        "Insurance And Claims": 12417000.0,
        "Gross Profit": 56891000.0,
        "Cost Of Revenue": 265693000.0,
        "Total Revenue": 322584000.0,
        "Operating Revenue": 322584000.0
    },
    "2022-09-30": {
        "Tax Effect Of Unusual Items": 263616.808698,
        "Tax Rate For Calcs": 0.246371,
        "Normalized EBITDA": 31626000.0,
        "Total Unusual Items": 1070000.0,
        "Total Unusual Items Excluding Goodwill": 1070000.0,
        "Net Income From Continuing Operation Net Minority Interest": 25646000.0,
        "Reconciled Depreciation": 28381000.0,
        "Reconciled Cost Of Revenue": 264711000.0,
        "EBITDA": 32696000.0,
        "EBIT": 32696000.0,
        "Normalized Income": 24839616.808698,
        "Net Income From Continuing And Discontinued Operation": 25646000.0,
        "Total Expenses": 291752000.0,
        "Total Operating Income As Reported": 33766000.0,
        "Diluted Average Shares": 81347000.0,
        "Basic Average Shares": 81061000.0,
        "Diluted EPS": 0.32,
        "Basic EPS": 0.32,
        "Diluted NI Availto Com Stockholders": 25646000.0,
        "Net Income Common Stockholders": 25646000.0,
        "Net Income": 25646000.0,
        "Net Income Including Noncontrolling Interests": 25646000.0,
        "Net Income Continuous Operations": 25646000.0,
        "Tax Provision": 8384000.0,
        "Pretax Income": 34030000.0,
        "Other Income Expense": 1334000.0,
        "Other Non Operating Income Expenses": 264000.0,
        "Special Income Charges": 1070000.0,
        "Gain On Sale Of Ppe": 1070000.0,
        "Operating Income": 32696000.0,
        "Operating Expense": 27041000.0,
        "Other Operating Expenses": 10209000.0,
        "Other Taxes": 2748000.0,
        "Selling General And Administration": 14084000.0,
        "General And Administrative Expense": 14084000.0,
        "Other Gand A": 2135000.0,
        "Insurance And Claims": 11949000.0,
        "Gross Profit": 59737000.0,
        "Cost Of Revenue": 264711000.0,
        "Total Revenue": 324448000.0,
        "Operating Revenue": 324448000.0
    },
    "2022-06-30": {
        "Tax Effect Of Unusual Items": 1093631.025309,
        "Tax Rate For Calcs": 0.227272,
        "Normalized EBITDA": 31313000.0,
        "Total Unusual Items": 4812000.0,
        "Total Unusual Items Excluding Goodwill": 4812000.0,
        "Net Income From Continuing Operation Net Minority Interest": 31661000.0,
        "Reconciled Depreciation": 26865000.0,
        "Reconciled Cost Of Revenue": 265494000.0,
        "EBITDA": 36125000.0,
        "EBIT": 36125000.0,
        "Normalized Income": 27942631.025309,
        "Net Income From Continuing And Discontinued Operation": 31661000.0,
        "Total Expenses": 293440000.0,
        "Total Operating Income As Reported": 40937000.0,
        "Diluted Average Shares": 82015000.0,
        "Basic Average Shares": 81689000.0,
        "Diluted EPS": 0.39,
        "Basic EPS": 0.39,
        "Diluted NI Availto Com Stockholders": 31661000.0,
        "Net Income Common Stockholders": 31661000.0,
        "Net Income": 31661000.0,
        "Net Income Including Noncontrolling Interests": 31661000.0,
        "Net Income Continuous Operations": 31661000.0,
        "Tax Provision": 9312000.0,
        "Pretax Income": 40973000.0,
        "Other Income Expense": 4848000.0,
        "Other Non Operating Income Expenses": 36000.0,
        "Special Income Charges": 4812000.0,
        "Gain On Sale Of Ppe": 4812000.0,
        "Operating Income": 36125000.0,
        "Operating Expense": 27946000.0,
        "Other Operating Expenses": 9601000.0,
        "Other Taxes": 2663000.0,
        "Selling General And Administration": 15682000.0,
        "General And Administrative Expense": 15682000.0,
        "Other Gand A": 2239000.0,
        "Insurance And Claims": 13443000.0,
        "Gross Profit": 64071000.0,
        "Cost Of Revenue": 265494000.0,
        "Total Revenue": 329565000.0,
        "Operating Revenue": 329565000.0
    },
    "2022-03-31": {
        "Diluted EPS": 0.33,
        "Total Revenue": 287,
        "Gross Profit": 186,
        "Operating Income": 36,
        "EBIT": 62,
        "Net Income": 28
    },
    "2021-12-31": {
        "Diluted EPS": 0.28,
        "Total Revenue": 267,
        "Gross Profit": 176,
        "Operating Income": 31,
        "EBIT": 57,
        "Net Income": 25
    },
    "2021-09-30": {
        "Diluted EPS": 0.26,
        "Total Revenue": 251,
        "Gross Profit": 165,
        "Operating Income": 28,
        "EBIT": 54,
        "Net Income": 21
    },
    "2021-06-30": {
        "Diluted EPS": 0.26,
        "Total Revenue": 232,
        "Gross Profit": 155,
        "Operating Income": 29,
        "EBIT": 54,
        "Net Income": 21
    },
    "2021-03-31": {
        "Diluted EPS": 0.22,
        "Total Revenue": 223,
        "Gross Profit": 153,
        "Operating Income": 24,
        "EBIT": 50,
        "Net Income": 18
    },
    "2020-12-31": {
        "Diluted EPS": 0.23,
        "Total Revenue": 227,
        "Gross Profit": 162,
        "Operating Income": 26,
        "EBIT": 51,
        "Net Income": 20
    },
    "2020-09-30": {
        "Diluted EPS": 0.22,
        "Total Revenue": 216,
        "Gross Profit": 155,
        "Operating Income": 24,
        "EBIT": 50,
        "Net Income": 18
    },
    "2020-06-30": {
        "Diluted EPS": 0.22,
        "Total Revenue": 212,
        "Gross Profit": 155,
        "Operating Income": 25,
        "EBIT": 51,
        "Net Income": 18
    },
    "2020-03-31": {
        "Diluted EPS": 0.17,
        "Total Revenue": 219,
        "Gross Profit": 150,
        "Operating Income": 18,
        "EBIT": 43,
        "Net Income": 14
    },
    "2019-12-31": {
        "Diluted EPS": 0.19,
        "Total Revenue": 217,
        "Gross Profit": 144,
        "Operating Income": 19,
        "EBIT": 44,
        "Net Income": 16
    },
    "2019-09-30": {
        "Diluted EPS": 0.2,
        "Total Revenue": 215,
        "Gross Profit": 143,
        "Operating Income": 20,
        "EBIT": 44,
        "Net Income": 17
    },
    "2019-06-30": {
        "Diluted EPS": 0.19,
        "Total Revenue": 212,
        "Gross Profit": 142,
        "Operating Income": 20,
        "EBIT": 43,
        "Net Income": 15
    },
    "2019-03-31": {
        "Diluted EPS": 0.17,
        "Total Revenue": 199,
        "Gross Profit": 133,
        "Operating Income": 18,
        "EBIT": 40,
        "Net Income": 14
    },
    "2018-12-31": {
        "Diluted EPS": 0.19,
        "Total Revenue": 204,
        "Gross Profit": 136,
        "Operating Income": 20,
        "EBIT": 42,
        "Net Income": 16
    },
    "2018-09-30": {
        "Diluted EPS": 0.19,
        "Total Revenue": 200,
        "Gross Profit": 132,
        "Operating Income": 19,
        "EBIT": 41,
        "Net Income": 15
    },
    "2018-06-30": {
        "Diluted EPS": 0.17,
        "Total Revenue": 197,
        "Gross Profit": 130,
        "Operating Income": 18,
        "EBIT": 40,
        "Net Income": 14
    },
    "2018-03-31": {
        "Diluted EPS": 0.13,
        "Total Revenue": 187,
        "Gross Profit": 123,
        "Operating Income": 14,
        "EBIT": 35,
        "Net Income": 10
    },
    "2017-12-31": {
        "Diluted EPS": 0.79,
        "Total Revenue": 183,
        "Gross Profit": 122,
        "Operating Income": 14,
        "EBIT": 36,
        "Net Income": 65
    },
    "2017-09-30": {
        "Diluted EPS": 0.09,
        "Total Revenue": 171,
        "Gross Profit": 116,
        "Operating Income": 13,
        "EBIT": 34,
        "Net Income": 8
    },
    "2017-06-30": {
        "Diluted EPS": 0.11,
        "Total Revenue": 172,
        "Gross Profit": 119,
        "Operating Income": 16,
        "EBIT": 37,
        "Net Income": 9
    },
    "2017-03-31": {
        "Diluted EPS": 0.1,
        "Total Revenue": 173,
        "Gross Profit": 118,
        "Operating Income": 14,
        "EBIT": 35,
        "Net Income": 8
    },
    "2016-12-31": {
        "Diluted EPS": 0.1,
        "Total Revenue": 173,
        "Gross Profit": 118,
        "Operating Income": 15,
        "EBIT": 36,
        "Net Income": 8
    },
    "2016-09-30": {
        "Diluted EPS": 0.1,
        "Total Revenue": 170,
        "Gross Profit": 118,
        "Operating Income": 15,
        "EBIT": 36,
        "Net Income": 8
    },
    "2016-06-30": {
        "Diluted EPS": 0.11,
        "Total Revenue": 166,
        "Gross Profit": 116,
        "Operating Income": 15,
        "EBIT": 35,
        "Net Income": 9
    },
    "2016-03-31": {
        "Diluted EPS": 0.1,
        "Total Revenue": 162,
        "Gross Profit": 114,
        "Operating Income": 14,
        "EBIT": 34,
        "Net Income": 8
    },
    "2015-12-31": {
        "Diluted EPS": 0.11,
        "Total Revenue": 169,
        "Gross Profit": 116,
        "Operating Income": 15,
        "EBIT": 35,
        "Net Income": 9
    },
    "2015-09-30": {
        "Diluted EPS": 0.1,
        "Total Revenue": 171,
        "Gross Profit": 114,
        "Operating Income": 14,
        "EBIT": 34,
        "Net Income": 8
    },
    "2015-06-30": {
        "Diluted EPS": 0.1,
        "Total Revenue": 164,
        "Gross Profit": 107,
        "Operating Income": 14,
        "EBIT": 32,
        "Net Income": 8
    },
    "2015-03-31": {
        "Diluted EPS": 0.12,
        "Total Revenue": 161,
        "Gross Profit": 105,
        "Operating Income": 17,
        "EBIT": 35,
        "Net Income": 10
    },
    "2014-12-31": {
        "Diluted EPS": 0.1,
        "Total Revenue": 174,
        "Gross Profit": 108,
        "Operating Income": 16,
        "EBIT": 34,
        "Net Income": 9
    },
    "2014-09-30": {
        "Diluted EPS": 0.09,
        "Total Revenue": 172,
        "Gross Profit": 99,
        "Operating Income": 13,
        "EBIT": 30,
        "Net Income": 8
    },
    "2014-06-30": {
        "Diluted EPS": 0.1,
        "Total Revenue": 168,
        "Gross Profit": 97,
        "Operating Income": 13,
        "EBIT": 30,
        "Net Income": 8
    },
    "2014-03-31": {
        "Diluted EPS": 0.06,
        "Total Revenue": 159,
        "Gross Profit": 91,
        "Operating Income": 9,
        "EBIT": 25,
        "Net Income": 5
    },
    "2013-12-31": {
        "Diluted EPS": 0.08,
        "Total Revenue": 166,
        "Gross Profit": 95,
        "Operating Income": 13,
        "EBIT": 29,
        "Net Income": 7
    },
    "2013-09-30": {
        "Diluted EPS": 0.1,
        "Total Revenue": 167,
        "Gross Profit": 94,
        "Operating Income": 14,
        "EBIT": 30,
        "Net Income": 8
    },
    "2013-06-30": {
        "Diluted EPS": 0.09,
        "Total Revenue": 161,
        "Gross Profit": 93,
        "Operating Income": 13,
        "EBIT": 29,
        "Net Income": 8
    },
    "2013-03-31": {
        "Diluted EPS": 0.09,
        "Total Revenue": 164,
        "Gross Profit": 90,
        "Operating Income": 13,
        "EBIT": 28,
        "Net Income": 7
    },
    "2012-12-31": {
        "Diluted EPS": 0.09,
        "Total Revenue": 166,
        "Gross Profit": 92,
        "Operating Income": 13,
        "EBIT": 29,
        "Net Income": 8
    },
    "2012-09-30": {
        "Diluted EPS": 0.08,
        "Total Revenue": 164,
        "Gross Profit": 88,
        "Operating Income": 10,
        "EBIT": 25,
        "Net Income": 7
    },
    "2012-06-30": {
        "Diluted EPS": 0.09,
        "Total Revenue": 157,
        "Gross Profit": 88,
        "Operating Income": 13,
        "EBIT": 28,
        "Net Income": 8
    },
    "2012-03-31": {
        "Diluted EPS": 0.07,
        "Total Revenue": 151,
        "Gross Profit": 82,
        "Operating Income": 10,
        "EBIT": 24,
        "Net Income": 5
    },
    "2011-12-31": {
        "Diluted EPS": 0.09,
        "Total Revenue": 158,
        "Gross Profit": 88,
        "Operating Income": 13,
        "EBIT": 28,
        "Net Income": 8
    },
    "2011-09-30": {
        "Diluted EPS": 0.08,
        "Total Revenue": 156,
        "Gross Profit": 84,
        "Operating Income": 11,
        "EBIT": 26,
        "Net Income": 6
    },
    "2011-06-30": {
        "Diluted EPS": 0.08,
        "Total Revenue": 151,
        "Gross Profit": 81,
        "Operating Income": 11,
        "EBIT": 25,
        "Net Income": 6
    },
    "2011-03-31": {
        "Diluted EPS": 0.05,
        "Total Revenue": 138,
        "Gross Profit": 74,
        "Operating Income": 8,
        "EBIT": 21,
        "Net Income": 4
    },
    "2010-12-31": {
        "Diluted EPS": 0.06,
        "Total Revenue": 137,
        "Gross Profit": 76,
        "Operating Income": 9,
        "EBIT": 22,
        "Net Income": 5
    },
    "2010-09-30": {
        "Diluted EPS": 0.07,
        "Total Revenue": 129,
        "Gross Profit": 74,
        "Operating Income": 10,
        "EBIT": 23,
        "Net Income": 5
    },
    "2010-06-30": {
        "Diluted EPS": 0.06,
        "Total Revenue": 126,
        "Gross Profit": 71,
        "Operating Income": 9,
        "EBIT": 22,
        "Net Income": 5
    },
    "2010-03-31": {
        "Diluted EPS": 0.05,
        "Total Revenue": 126,
        "Gross Profit": 70,
        "Operating Income": 7,
        "EBIT": 20,
        "Net Income": 4
    },
    "2009-12-31": {
        "Diluted EPS": 0.05,
        "Total Revenue": 129,
        "Gross Profit": 73,
        "Operating Income": 8,
        "EBIT": 21,
        "Net Income": 4
    },
    "2009-09-30": {
        "Diluted EPS": 0.04,
        "Total Revenue": 129,
        "Gross Profit": 74,
        "Operating Income": 7,
        "EBIT": 20,
        "Net Income": 3
    },
    "2009-06-30": {
        "Diluted EPS": 0.05,
        "Total Revenue": 126,
        "Gross Profit": 76,
        "Operating Income": 8,
        "EBIT": 21,
        "Net Income": 4
    },
    "2009-03-31": {
        "Diluted EPS": 0.05,
        "Total Revenue": 122,
        "Gross Profit": 77,
        "Operating Income": 7,
        "EBIT": 21,
        "Net Income": 4
    },
    "2023-09-30": {
        "Tax Effect Of Unusual Items": 767911.766318,
        "Tax Rate For Calcs": 0.254782,
        "Normalized EBITDA": 40219000.0,
        "Total Unusual Items": 3014000.0,
        "Total Unusual Items Excluding Goodwill": 3014000.0,
        "Net Income From Continuing Operation Net Minority Interest": 13598000.0,
        "Reconciled Depreciation": 29017000.0,
        "Reconciled Cost Of Revenue": 237901000.0,
        "EBITDA": 43233000.0,
        "EBIT": 14216000.0,
        "Normalized Income": 11351911.766318,
        "Net Income From Continuing And Discontinued Operation": 13598000.0,
        "Total Expenses": 265322000.0,
        "Total Operating Income As Reported": 17230000.0,
        "Diluted Average Shares": 81454000.0,
        "Basic Average Shares": 81306000.0,
        "Diluted EPS": 0.17,
        "Basic EPS": 0.17,
        "Diluted NI Availto Com Stockholders": 13598000.0,
        "Net Income Common Stockholders": 13598000.0,
        "Net Income": 13598000.0,
        "Net Income Including Noncontrolling Interests": 13598000.0,
        "Net Income Continuous Operations": 13598000.0,
        "Tax Provision": 4649000.0,
        "Pretax Income": 18247000.0,
        "Other Income Expense": 4031000.0,
        "Other Non Operating Income Expenses": 1017000.0,
        "Special Income Charges": 3014000.0,
        "Gain On Sale Of Ppe": 3014000.0,
        "Operating Income": 14216000.0,
        "Operating Expense": 27421000.0,
        "Other Operating Expenses": 8762000.0,
        "Other Taxes": 2821000.0,
        "Selling General And Administration": 15838000.0,
        "General And Administrative Expense": 15838000.0,
        "Other Gand A": 2584000.0,
        "Insurance And Claims": 13254000.0,
        "Gross Profit": 41637000.0,
        "Cost Of Revenue": 237901000.0,
        "Total Revenue": 279538000.0,
        "Operating Revenue": 279538000.0
    },
    "2023-12-31": {
        "Tax Effect Of Unusual Items": 449927.503782,
        "Tax Rate For Calcs": 0.249682,
        "Normalized EBITDA": 40801000.0,
        "Total Unusual Items": 1802000.0,
        "Total Unusual Items Excluding Goodwill": 1802000.0,
        "Net Income From Continuing Operation Net Minority Interest": 12399000.0,
        "Reconciled Depreciation": 28748000.0,
        "Reconciled Cost Of Revenue": 226208000.0,
        "EBITDA": 42603000.0,
        "EBIT": 13855000.0,
        "Normalized Income": 11046927.503782,
        "Net Income From Continuing And Discontinued Operation": 12399000.0,
        "Total Expenses": 254367000.0,
        "Total Operating Income As Reported": 15657000.0,
        "Diluted Average Shares": 81418000.0,
        "Basic Average Shares": 81309000.0,
        "Diluted EPS": 0.15,
        "Basic EPS": 0.15,
        "Diluted NI Availto Com Stockholders": 12399000.0,
        "Net Income Common Stockholders": 12399000.0,
        "Net Income": 12399000.0,
        "Net Income Including Noncontrolling Interests": 12399000.0,
        "Net Income Continuous Operations": 12399000.0,
        "Tax Provision": 4126000.0,
        "Pretax Income": 16525000.0,
        "Other Income Expense": 2670000.0,
        "Other Non Operating Income Expenses": 868000.0,
        "Special Income Charges": 1802000.0,
        "Gain On Sale Of Ppe": 1802000.0,
        "Operating Income": 13855000.0,
        "Operating Expense": 28159000.0,
        "Other Operating Expenses": 7718000.0,
        "Other Taxes": 2708000.0,
        "Selling General And Administration": 17733000.0,
        "General And Administrative Expense": 17733000.0,
        "Other Gand A": 2524000.0,
        "Insurance And Claims": 15209000.0,
        "Gross Profit": 42014000.0,
        "Cost Of Revenue": 226208000.0,
        "Total Revenue": 268222000.0,
        "Operating Revenue": 268222000.0
    },
    "2024-03-31": {
        "Tax Effect Of Unusual Items": 305631.0,
        "Tax Rate For Calcs": 0.261,
        "Normalized EBITDA": 38435000.0,
        "Total Unusual Items": 1171000.0,
        "Total Unusual Items Excluding Goodwill": 1171000.0,
        "Net Income From Continuing Operation Net Minority Interest": 9646000.0,
        "Reconciled Depreciation": 28527000.0,
        "Reconciled Cost Of Revenue": 214734000.0,
        "EBITDA": 39606000.0,
        "EBIT": 11079000.0,
        "Normalized Income": 8780631.0,
        "Net Income From Continuing And Discontinued Operation": 9646000.0,
        "Total Expenses": 238593000.0,
        "Total Operating Income As Reported": 12250000.0,
        "Diluted Average Shares": 81437000.0,
        "Basic Average Shares": 81350000.0,
        "Diluted EPS": 0.12,
        "Basic EPS": 0.12,
        "Diluted NI Availto Com Stockholders": 9646000.0,
        "Net Income Common Stockholders": 9646000.0,
        "Net Income": 9646000.0,
        "Net Income Including Noncontrolling Interests": 9646000.0,
        "Net Income Continuous Operations": 9646000.0,
        "Tax Provision": 3400000.0,
        "Pretax Income": 13046000.0,
        "Other Income Expense": 1967000.0,
        "Other Non Operating Income Expenses": 796000.0,
        "Special Income Charges": 1171000.0,
        "Gain On Sale Of Ppe": 1171000.0,
        "Operating Income": 11079000.0,
        "Operating Expense": 23859000.0,
        "Other Operating Expenses": 7256000.0,
        "Other Taxes": 2575000.0,
        "Selling General And Administration": 14028000.0,
        "General And Administrative Expense": 14028000.0,
        "Other Gand A": 2371000.0,
        "Insurance And Claims": 11657000.0,
        "Gross Profit": 34938000.0,
        "Cost Of Revenue": 214734000.0,
        "Total Revenue": 249672000.0,
        "Operating Revenue": 249672000.0
    },
    "2024-06-30": {
        "Tax Effect Of Unusual Items": 714024.0,
        "Tax Rate For Calcs": 0.282,
        "Normalized EBITDA": 33116000.0,
        "Total Unusual Items": 2532000.0,
        "Total Unusual Items Excluding Goodwill": 2532000.0,
        "Net Income From Continuing Operation Net Minority Interest": 7889000.0,
        "Reconciled Depreciation": 28206000.0,
        "Reconciled Cost Of Revenue": 213241000.0,
        "EBITDA": 35648000.0,
        "EBIT": 7442000.0,
        "Normalized Income": 6071024.0,
        "Net Income From Continuing And Discontinued Operation": 7889000.0,
        "Total Expenses": 238796000.0,
        "Total Operating Income As Reported": 9974000.0,
        "Diluted Average Shares": 81446000.0,
        "Basic Average Shares": 81381000.0,
        "Diluted EPS": 0.1,
        "Basic EPS": 0.1,
        "Diluted NI Availto Com Stockholders": 7889000.0,
        "Net Income Common Stockholders": 7889000.0,
        "Net Income": 7889000.0,
        "Net Income Including Noncontrolling Interests": 7889000.0,
        "Net Income Continuous Operations": 7889000.0,
        "Tax Provision": 3099000.0,
        "Pretax Income": 10988000.0,
        "Other Income Expense": 3546000.0,
        "Other Non Operating Income Expenses": 1014000.0,
        "Special Income Charges": 2532000.0,
        "Gain On Sale Of Ppe": 2532000.0,
        "Operating Income": 7442000.0,
        "Operating Expense": 25555000.0,
        "Other Operating Expenses": 8160000.0,
        "Other Taxes": 2539000.0,
        "Selling General And Administration": 14856000.0,
        "General And Administrative Expense": 14856000.0,
        "Other Gand A": 2297000.0,
        "Insurance And Claims": 12559000.0,
        "Gross Profit": 32997000.0,
        "Cost Of Revenue": 213241000.0,
        "Total Revenue": 246238000.0,
        "Operating Revenue": 246238000.0
    },
    "2024-09-30": {
        "Tax Effect Of Unusual Items": 243883.066846,
        "Tax Rate For Calcs": 0.276825,
        "Normalized EBITDA": 29899000.0,
        "Total Unusual Items": 881000.0,
        "Total Unusual Items Excluding Goodwill": 881000.0,
        "Net Income From Continuing Operation Net Minority Interest": 3754000.0,
        "Reconciled Depreciation": 27392000.0,
        "Reconciled Cost Of Revenue": 207941000.0,
        "EBITDA": 30780000.0,
        "EBIT": 3388000.0,
        "Normalized Income": 3116883.066846,
        "Net Income From Continuing And Discontinued Operation": 3754000.0,
        "Total Expenses": 233978000.0,
        "Total Operating Income As Reported": 4269000.0,
        "Diluted Average Shares": 81492000.0,
        "Basic Average Shares": 81437000.0,
        "Diluted EPS": 0.05,
        "Basic EPS": 0.05,
        "Diluted NI Availto Com Stockholders": 3754000.0,
        "Net Income Common Stockholders": 3754000.0,
        "Net Income": 3754000.0,
        "Net Income Including Noncontrolling Interests": 3754000.0,
        "Net Income Continuous Operations": 3754000.0,
        "Tax Provision": 1437000.0,
        "Pretax Income": 5191000.0,
        "Other Income Expense": 1803000.0,
        "Other Non Operating Income Expenses": 922000.0,
        "Special Income Charges": 881000.0,
        "Gain On Sale Of Ppe": 881000.0,
        "Operating Income": 3388000.0,
        "Operating Expense": 26037000.0,
        "Other Operating Expenses": 7607000.0,
        "Other Taxes": 2505000.0,
        "Selling General And Administration": 15925000.0,
        "General And Administrative Expense": 15925000.0,
        "Other Gand A": 2166000.0,
        "Insurance And Claims": 13759000.0,
        "Gross Profit": 29425000.0,
        "Cost Of Revenue": 207941000.0,
        "Total Revenue": 237366000.0,
        "Operating Revenue": 237366000.0
    }
}