{
    "2023-03-31": {
        "Tax Effect Of Unusual Items": NaN,
        "Tax Rate For Calcs": NaN,
        "Normalized EBITDA": NaN,
        "Total Unusual Items": NaN,
        "Total Unusual Items Excluding Goodwill": NaN,
        "Net Income From Continuing Operation Net Minority Interest": NaN,
        "Reconciled Depreciation": NaN,
        "Reconciled Cost Of Revenue": NaN,
        "EBITDA": NaN,
        "EBIT": NaN,
        "Net Interest Income": NaN,
        "Interest Expense": NaN,
        "Interest Income": NaN,
        "Normalized Income": NaN,
        "Net Income From Continuing And Discontinued Operation": NaN,
        "Total Expenses": NaN,
        "Total Operating Income As Reported": NaN,
        "Diluted Average Shares": NaN,
        "Basic Average Shares": NaN,
        "Diluted EPS": NaN,
        "Basic EPS": NaN,
        "Diluted NI Availto Com Stockholders": NaN,
        "Average Dilution Earnings": NaN,
        "Net Income Common Stockholders": NaN,
        "Net Income": NaN,
        "Minority Interests": NaN,
        "Net Income Including Noncontrolling Interests": NaN,
        "Net Income Continuous Operations": NaN,
        "Tax Provision": NaN,
        "Pretax Income": NaN,
        "Other Income Expense": NaN,
        "Other Non Operating Income Expenses": NaN,
        "Special Income Charges": NaN,
        "Other Special Charges": 1436000.0,
        "Impairment Of Capital Assets": NaN,
        "Restructuring And Mergern Acquisition": NaN,
        "Net Non Operating Interest Income Expense": NaN,
        "Interest Expense Non Operating": NaN,
        "Interest Income Non Operating": NaN,
        "Operating Income": NaN,
        "Operating Expense": NaN,
        "Research And Development": NaN,
        "Selling General And Administration": NaN,
        "Gross Profit": NaN,
        "Cost Of Revenue": NaN,
        "Total Revenue": NaN,
        "Operating Revenue": NaN
    },
    "2022-12-31": {
        "Tax Effect Of Unusual Items": NaN,
        "Tax Rate For Calcs": NaN,
        "Normalized EBITDA": NaN,
        "Total Unusual Items": NaN,
        "Total Unusual Items Excluding Goodwill": NaN,
        "Net Income From Continuing Operation Net Minority Interest": NaN,
        "Reconciled Depreciation": NaN,
        "Reconciled Cost Of Revenue": NaN,
        "EBITDA": NaN,
        "EBIT": NaN,
        "Net Interest Income": NaN,
        "Interest Expense": NaN,
        "Interest Income": NaN,
        "Normalized Income": NaN,
        "Net Income From Continuing And Discontinued Operation": NaN,
        "Total Expenses": NaN,
        "Total Operating Income As Reported": NaN,
        "Diluted Average Shares": NaN,
        "Basic Average Shares": NaN,
        "Diluted EPS": NaN,
        "Basic EPS": NaN,
        "Diluted NI Availto Com Stockholders": NaN,
        "Average Dilution Earnings": 37527000.0,
        "Net Income Common Stockholders": NaN,
        "Net Income": NaN,
        "Minority Interests": NaN,
        "Net Income Including Noncontrolling Interests": NaN,
        "Net Income Continuous Operations": NaN,
        "Tax Provision": NaN,
        "Pretax Income": NaN,
        "Other Income Expense": NaN,
        "Other Non Operating Income Expenses": NaN,
        "Special Income Charges": NaN,
        "Gain On Sale Of Business": 0.0,
        "Other Special Charges": 0.0,
        "Restructuring And Mergern Acquisition": NaN,
        "Net Non Operating Interest Income Expense": NaN,
        "Interest Expense Non Operating": NaN,
        "Interest Income Non Operating": NaN,
        "Operating Income": NaN,
        "Operating Expense": NaN,
        "Research And Development": NaN,
        "Selling General And Administration": NaN,
        "Gross Profit": NaN,
        "Cost Of Revenue": NaN,
        "Total Revenue": NaN,
        "Operating Revenue": NaN
    },
    "2022-09-30": {
        "Tax Effect Of Unusual Items": NaN,
        "Tax Rate For Calcs": NaN,
        "Normalized EBITDA": NaN,
        "Total Unusual Items": NaN,
        "Total Unusual Items Excluding Goodwill": NaN,
        "Net Income From Continuing Operation Net Minority Interest": NaN,
        "Reconciled Depreciation": NaN,
        "Reconciled Cost Of Revenue": NaN,
        "EBITDA": NaN,
        "EBIT": NaN,
        "Net Interest Income": NaN,
        "Interest Expense": NaN,
        "Interest Income": NaN,
        "Normalized Income": NaN,
        "Net Income From Continuing And Discontinued Operation": NaN,
        "Total Expenses": NaN,
        "Total Operating Income As Reported": NaN,
        "Diluted Average Shares": NaN,
        "Basic Average Shares": NaN,
        "Diluted EPS": NaN,
        "Basic EPS": NaN,
        "Diluted NI Availto Com Stockholders": NaN,
        "Average Dilution Earnings": 18000.0,
        "Net Income Common Stockholders": NaN,
        "Net Income": NaN,
        "Minority Interests": NaN,
        "Net Income Including Noncontrolling Interests": NaN,
        "Net Income Continuous Operations": NaN,
        "Tax Provision": NaN,
        "Pretax Income": NaN,
        "Other Income Expense": NaN,
        "Other Non Operating Income Expenses": NaN,
        "Special Income Charges": NaN,
        "Gain On Sale Of Business": 0.0,
        "Other Special Charges": NaN,
        "Restructuring And Mergern Acquisition": NaN,
        "Net Non Operating Interest Income Expense": NaN,
        "Interest Expense Non Operating": NaN,
        "Interest Income Non Operating": NaN,
        "Operating Income": NaN,
        "Operating Expense": NaN,
        "Research And Development": NaN,
        "Selling General And Administration": NaN,
        "Gross Profit": NaN,
        "Cost Of Revenue": NaN,
        "Total Revenue": NaN,
        "Operating Revenue": NaN
    },
    "2022-06-30": {
        "Tax Effect Of Unusual Items": 814401.801225,
        "Tax Rate For Calcs": 0.10441,
        "Normalized EBITDA": 171626000.0,
        "Total Unusual Items": 7800000.0,
        "Total Unusual Items Excluding Goodwill": 7800000.0,
        "Net Income From Continuing Operation Net Minority Interest": 71240000.0,
        "Reconciled Depreciation": 10783000.0,
        "Reconciled Cost Of Revenue": 37496000.0,
        "EBITDA": 179426000.0,
        "EBIT": 179426000.0,
        "Net Interest Income": -4434000.0,
        "Interest Expense": 4434000.0,
        "Interest Income": NaN,
        "Normalized Income": 64254401.801225,
        "Net Income From Continuing And Discontinued Operation": 71240000.0,
        "Total Expenses": 69831000.0,
        "Total Operating Income As Reported": 180701000.0,
        "Diluted Average Shares": 255361000.0,
        "Basic Average Shares": 131524000.0,
        "Diluted EPS": 0.53,
        "Basic EPS": 0.54,
        "Diluted NI Availto Com Stockholders": 71240000.0,
        "Average Dilution Earnings": 65299000.0,
        "Net Income Common Stockholders": 71240000.0,
        "Net Income": 71240000.0,
        "Minority Interests": -85481000.0,
        "Net Income Including Noncontrolling Interests": 156721000.0,
        "Net Income Continuous Operations": 156721000.0,
        "Tax Provision": 18271000.0,
        "Pretax Income": 174992000.0,
        "Other Income Expense": 6525000.0,
        "Other Non Operating Income Expenses": -1275000.0,
        "Special Income Charges": 7800000.0,
        "Gain On Sale Of Business": NaN,
        "Other Special Charges": NaN,
        "Restructuring And Mergern Acquisition": -7800000.0,
        "Net Non Operating Interest Income Expense": -4434000.0,
        "Interest Expense Non Operating": 4434000.0,
        "Interest Income Non Operating": NaN,
        "Operating Income": 172901000.0,
        "Operating Expense": 32335000.0,
        "Research And Development": 4274000.0,
        "Selling General And Administration": 28061000.0,
        "Gross Profit": 205236000.0,
        "Cost Of Revenue": 37496000.0,
        "Total Revenue": 242732000.0,
        "Operating Revenue": 242732000.0
    },
    "2022-03-31": {
        "Diluted EPS": 0.5,
        "Total Revenue": 244,
        "Gross Profit": 204,
        "Operating Income": 167,
        "EBIT": 177,
        "Net Income": 67
    },
    "2021-12-31": {
        "Diluted EPS": 0.44,
        "Total Revenue": 228,
        "Gross Profit": 189,
        "Operating Income": 155,
        "EBIT": 164,
        "Net Income": 56
    },
    "2021-09-30": {
        "Diluted EPS": 0.44,
        "Total Revenue": 205,
        "Gross Profit": 173,
        "Operating Income": 155,
        "EBIT": 164,
        "Net Income": 54
    },
    "2021-06-30": {
        "Diluted EPS": 0.44,
        "Total Revenue": 218,
        "Gross Profit": 180,
        "Operating Income": 154,
        "EBIT": 164,
        "Net Income": 49
    },
    "2021-03-31": {
        "Diluted EPS": 0.24,
        "Total Revenue": 148,
        "Gross Profit": 117,
        "Operating Income": 91,
        "EBIT": 98,
        "Net Income": 23
    },
    "2020-12-31": {
        "Diluted EPS": 0.13,
        "Total Revenue": 98,
        "Gross Profit": 75,
        "Operating Income": 31,
        "EBIT": 38,
        "Net Income": 25
    },
    "2020-09-30": {
        "Diluted EPS": 0.12,
        "Total Revenue": 88,
        "Gross Profit": 68,
        "Operating Income": 46,
        "EBIT": 53,
        "Net Income": 39
    },
    "2020-06-30": {
        "Diluted EPS": 0.0,
        "Total Revenue": 47,
        "Gross Profit": 26,
        "Operating Income": 8,
        "EBIT": 15,
        "Net Income": 1
    },
    "2020-03-31": {
        "Diluted EPS": 0.09,
        "Total Revenue": 51,
        "Gross Profit": 36,
        "Operating Income": 35,
        "EBIT": 42,
        "Net Income": 23
    },
    "2019-12-31": {
        "Diluted EPS": 0.0,
        "Total Revenue": NaN,
        "Gross Profit": NaN,
        "Operating Income": NaN,
        "EBIT": NaN,
        "Net Income": NaN
    },
    "2018-12-31": {
        "Diluted EPS": 0.0,
        "Total Revenue": NaN,
        "Gross Profit": NaN,
        "Operating Income": NaN,
        "EBIT": NaN,
        "Net Income": NaN
    },
    "2023-06-30": {
        "Tax Effect Of Unusual Items": NaN,
        "Tax Rate For Calcs": NaN,
        "Normalized EBITDA": NaN,
        "Total Unusual Items": NaN,
        "Total Unusual Items Excluding Goodwill": NaN,
        "Net Income From Continuing Operation Net Minority Interest": NaN,
        "Reconciled Depreciation": NaN,
        "Reconciled Cost Of Revenue": NaN,
        "EBITDA": NaN,
        "EBIT": NaN,
        "Net Interest Income": NaN,
        "Interest Expense": NaN,
        "Interest Income": NaN,
        "Normalized Income": NaN,
        "Net Income From Continuing And Discontinued Operation": NaN,
        "Total Expenses": NaN,
        "Total Operating Income As Reported": NaN,
        "Diluted Average Shares": NaN,
        "Basic Average Shares": NaN,
        "Diluted EPS": NaN,
        "Basic EPS": NaN,
        "Diluted NI Availto Com Stockholders": NaN,
        "Average Dilution Earnings": 0.0,
        "Net Income Common Stockholders": NaN,
        "Net Income": NaN,
        "Minority Interests": NaN,
        "Net Income Including Noncontrolling Interests": NaN,
        "Net Income Continuous Operations": NaN,
        "Tax Provision": NaN,
        "Pretax Income": NaN,
        "Other Income Expense": NaN,
        "Other Non Operating Income Expenses": NaN,
        "Special Income Charges": NaN,
        "Other Special Charges": -101000.0,
        "Impairment Of Capital Assets": NaN,
        "Restructuring And Mergern Acquisition": NaN,
        "Net Non Operating Interest Income Expense": NaN,
        "Interest Expense Non Operating": NaN,
        "Interest Income Non Operating": NaN,
        "Operating Income": NaN,
        "Operating Expense": NaN,
        "Research And Development": NaN,
        "Selling General And Administration": NaN,
        "Gross Profit": NaN,
        "Cost Of Revenue": NaN,
        "Total Revenue": NaN,
        "Operating Revenue": NaN
    },
    "2023-09-30": {
        "Tax Effect Of Unusual Items": -634410.0,
        "Tax Rate For Calcs": 0.266,
        "Normalized EBITDA": 6555000.0,
        "Total Unusual Items": -2385000.0,
        "Total Unusual Items Excluding Goodwill": -2385000.0,
        "Net Income From Continuing Operation Net Minority Interest": -6462000.0,
        "Reconciled Depreciation": 13096000.0,
        "Reconciled Cost Of Revenue": 36686000.0,
        "EBITDA": 4170000.0,
        "EBIT": -8926000.0,
        "Net Interest Income": -4205000.0,
        "Interest Expense": 11637000.0,
        "Interest Income": 7432000.0,
        "Normalized Income": -4711410.0,
        "Net Income From Continuing And Discontinued Operation": -6462000.0,
        "Total Expenses": 79897000.0,
        "Total Operating Income As Reported": -15417000.0,
        "Diluted Average Shares": 131930000.0,
        "Basic Average Shares": 131930000.0,
        "Diluted EPS": -0.05,
        "Basic EPS": -0.05,
        "Diluted NI Availto Com Stockholders": -6462000.0,
        "Average Dilution Earnings": 0.0,
        "Net Income Common Stockholders": -6462000.0,
        "Net Income": -6462000.0,
        "Minority Interests": 8640000.0,
        "Net Income Including Noncontrolling Interests": -15102000.0,
        "Net Income Continuous Operations": -15102000.0,
        "Tax Provision": -5461000.0,
        "Pretax Income": -20563000.0,
        "Other Income Expense": -3326000.0,
        "Other Non Operating Income Expenses": -941000.0,
        "Special Income Charges": -2385000.0,
        "Other Special Charges": 1007000.0,
        "Impairment Of Capital Assets": 0.0,
        "Restructuring And Mergern Acquisition": 2385000.0,
        "Net Non Operating Interest Income Expense": -4205000.0,
        "Interest Expense Non Operating": 11637000.0,
        "Interest Income Non Operating": 7432000.0,
        "Operating Income": -13032000.0,
        "Operating Expense": 43211000.0,
        "Research And Development": 4347000.0,
        "Selling General And Administration": 38864000.0,
        "Gross Profit": 30179000.0,
        "Cost Of Revenue": 36686000.0,
        "Total Revenue": 66865000.0,
        "Operating Revenue": 66865000.0
    },
    "2023-12-31": {
        "Tax Effect Of Unusual Items": -653310.0,
        "Tax Rate For Calcs": 0.21,
        "Normalized EBITDA": 687677000.0,
        "Total Unusual Items": -3111000.0,
        "Total Unusual Items Excluding Goodwill": -3111000.0,
        "Net Income From Continuing Operation Net Minority Interest": -105959000.0,
        "Reconciled Depreciation": 12980000.0,
        "Reconciled Cost Of Revenue": 35108000.0,
        "EBITDA": 684566000.0,
        "EBIT": 671586000.0,
        "Net Interest Income": -7941000.0,
        "Interest Expense": 15400000.0,
        "Interest Income": 7459000.0,
        "Normalized Income": -103501310.0,
        "Net Income From Continuing And Discontinued Operation": -105959000.0,
        "Total Expenses": 78180000.0,
        "Total Operating Income As Reported": -7150000.0,
        "Diluted Average Shares": 132140000.0,
        "Basic Average Shares": 132140000.0,
        "Diluted EPS": -0.8,
        "Basic EPS": -0.8,
        "Diluted NI Availto Com Stockholders": -105959000.0,
        "Average Dilution Earnings": 0.0,
        "Net Income Common Stockholders": -105959000.0,
        "Net Income": -105959000.0,
        "Minority Interests": 4023000.0,
        "Net Income Including Noncontrolling Interests": -109982000.0,
        "Net Income Continuous Operations": -109982000.0,
        "Tax Provision": 766168000.0,
        "Pretax Income": 656186000.0,
        "Other Income Expense": 668166000.0,
        "Other Non Operating Income Expenses": 671277000.0,
        "Special Income Charges": -3111000.0,
        "Other Special Charges": NaN,
        "Impairment Of Capital Assets": NaN,
        "Restructuring And Mergern Acquisition": 3111000.0,
        "Net Non Operating Interest Income Expense": -7941000.0,
        "Interest Expense Non Operating": 15400000.0,
        "Interest Income Non Operating": 7459000.0,
        "Operating Income": -4039000.0,
        "Operating Expense": 43072000.0,
        "Research And Development": 4594000.0,
        "Selling General And Administration": 38478000.0,
        "Gross Profit": 39033000.0,
        "Cost Of Revenue": 35108000.0,
        "Total Revenue": 74141000.0,
        "Operating Revenue": 74141000.0
    },
    "2024-03-31": {
        "Tax Effect Of Unusual Items": 254520.0,
        "Tax Rate For Calcs": 0.21,
        "Normalized EBITDA": 996000.0,
        "Total Unusual Items": 1212000.0,
        "Total Unusual Items Excluding Goodwill": 1212000.0,
        "Net Income From Continuing Operation Net Minority Interest": -12078000.0,
        "Reconciled Depreciation": 13753000.0,
        "Reconciled Cost Of Revenue": 38335000.0,
        "EBITDA": 2208000.0,
        "EBIT": -11545000.0,
        "Net Interest Income": -3654000.0,
        "Interest Expense": 10864000.0,
        "Interest Income": 7210000.0,
        "Normalized Income": -13035480.0,
        "Net Income From Continuing And Discontinued Operation": -12078000.0,
        "Total Expenses": 84252000.0,
        "Total Operating Income As Reported": -18861000.0,
        "Diluted Average Shares": 132333000.0,
        "Basic Average Shares": 132333000.0,
        "Diluted EPS": -0.09,
        "Basic EPS": -0.09,
        "Diluted NI Availto Com Stockholders": -12078000.0,
        "Average Dilution Earnings": NaN,
        "Net Income Common Stockholders": -12078000.0,
        "Net Income": -12078000.0,
        "Minority Interests": 10602000.0,
        "Net Income Including Noncontrolling Interests": -22680000.0,
        "Net Income Continuous Operations": -22680000.0,
        "Tax Provision": 271000.0,
        "Pretax Income": -22409000.0,
        "Other Income Expense": 1318000.0,
        "Other Non Operating Income Expenses": 106000.0,
        "Special Income Charges": 1212000.0,
        "Other Special Charges": NaN,
        "Impairment Of Capital Assets": NaN,
        "Restructuring And Mergern Acquisition": -1212000.0,
        "Net Non Operating Interest Income Expense": -3654000.0,
        "Interest Expense Non Operating": 10864000.0,
        "Interest Income Non Operating": 7210000.0,
        "Operating Income": -20073000.0,
        "Operating Expense": 45917000.0,
        "Research And Development": 5032000.0,
        "Selling General And Administration": 40885000.0,
        "Gross Profit": 25844000.0,
        "Cost Of Revenue": 38335000.0,
        "Total Revenue": 64179000.0,
        "Operating Revenue": 64179000.0
    },
    "2024-06-30": {
        "Tax Effect Of Unusual Items": 172656.0,
        "Tax Rate For Calcs": 0.144,
        "Normalized EBITDA": 8360000.0,
        "Total Unusual Items": 1199000.0,
        "Total Unusual Items Excluding Goodwill": 1199000.0,
        "Net Income From Continuing Operation Net Minority Interest": -7585000.0,
        "Reconciled Depreciation": 14547000.0,
        "Reconciled Cost Of Revenue": 38271000.0,
        "EBITDA": 9559000.0,
        "EBIT": -4988000.0,
        "Net Interest Income": -4853000.0,
        "Interest Expense": 11939000.0,
        "Interest Income": 7086000.0,
        "Normalized Income": -8611344.0,
        "Net Income From Continuing And Discontinued Operation": -7585000.0,
        "Total Expenses": 84111000.0,
        "Total Operating Income As Reported": -9512000.0,
        "Diluted Average Shares": 135842000.0,
        "Basic Average Shares": 135842000.0,
        "Diluted EPS": -0.05,
        "Basic EPS": -0.05,
        "Diluted NI Availto Com Stockholders": -7585000.0,
        "Average Dilution Earnings": NaN,
        "Net Income Common Stockholders": -7585000.0,
        "Net Income": -7585000.0,
        "Minority Interests": 6907000.0,
        "Net Income Including Noncontrolling Interests": -14492000.0,
        "Net Income Continuous Operations": -14492000.0,
        "Tax Provision": -2435000.0,
        "Pretax Income": -16927000.0,
        "Other Income Expense": -1363000.0,
        "Other Non Operating Income Expenses": -2562000.0,
        "Special Income Charges": 1199000.0,
        "Other Special Charges": NaN,
        "Impairment Of Capital Assets": NaN,
        "Restructuring And Mergern Acquisition": -1199000.0,
        "Net Non Operating Interest Income Expense": -4853000.0,
        "Interest Expense Non Operating": 11939000.0,
        "Interest Income Non Operating": 7086000.0,
        "Operating Income": -10711000.0,
        "Operating Expense": 45840000.0,
        "Research And Development": 5284000.0,
        "Selling General And Administration": 40556000.0,
        "Gross Profit": 35129000.0,
        "Cost Of Revenue": 38271000.0,
        "Total Revenue": 73400000.0,
        "Operating Revenue": 73400000.0
    },
    "2024-09-30": {
        "Tax Effect Of Unusual Items": -32351970.0,
        "Tax Rate For Calcs": 0.21,
        "Normalized EBITDA": 6086000.0,
        "Total Unusual Items": -154057000.0,
        "Total Unusual Items Excluding Goodwill": -154057000.0,
        "Net Income From Continuing Operation Net Minority Interest": -99038000.0,
        "Reconciled Depreciation": 14039000.0,
        "Reconciled Cost Of Revenue": 36826000.0,
        "EBITDA": -147971000.0,
        "EBIT": -162010000.0,
        "Net Interest Income": -6563000.0,
        "Interest Expense": 13634000.0,
        "Interest Income": 7071000.0,
        "Normalized Income": 22667030.0,
        "Net Income From Continuing And Discontinued Operation": -99038000.0,
        "Total Expenses": 80257000.0,
        "Total Operating Income As Reported": -169114000.0,
        "Diluted Average Shares": 141555000.0,
        "Basic Average Shares": 141555000.0,
        "Diluted EPS": -0.7,
        "Basic EPS": -0.7,
        "Diluted NI Availto Com Stockholders": -99038000.0,
        "Average Dilution Earnings": NaN,
        "Net Income Common Stockholders": -99038000.0,
        "Net Income": -99038000.0,
        "Minority Interests": 76917000.0,
        "Net Income Including Noncontrolling Interests": -175955000.0,
        "Net Income Continuous Operations": -175955000.0,
        "Tax Provision": 311000.0,
        "Pretax Income": -175644000.0,
        "Other Income Expense": -154024000.0,
        "Other Non Operating Income Expenses": 33000.0,
        "Special Income Charges": -154057000.0,
        "Other Special Charges": NaN,
        "Impairment Of Capital Assets": 154239000.0,
        "Restructuring And Mergern Acquisition": -182000.0,
        "Net Non Operating Interest Income Expense": -6563000.0,
        "Interest Expense Non Operating": 13634000.0,
        "Interest Income Non Operating": 7071000.0,
        "Operating Income": -15057000.0,
        "Operating Expense": 43431000.0,
        "Research And Development": 4344000.0,
        "Selling General And Administration": 39087000.0,
        "Gross Profit": 28374000.0,
        "Cost Of Revenue": 36826000.0,
        "Total Revenue": 65200000.0,
        "Operating Revenue": 65200000.0
    }
}