{
    "2023-04-30": {
        "Tax Effect Of Unusual Items": NaN,
        "Tax Rate For Calcs": NaN,
        "Normalized EBITDA": NaN,
        "Total Unusual Items": NaN,
        "Total Unusual Items Excluding Goodwill": NaN,
        "Net Income From Continuing Operation Net Minority Interest": NaN,
        "Reconciled Depreciation": NaN,
        "Reconciled Cost Of Revenue": NaN,
        "EBITDA": NaN,
        "EBIT": NaN,
        "Net Interest Income": NaN,
        "Interest Expense": NaN,
        "Interest Income": NaN,
        "Normalized Income": NaN,
        "Net Income From Continuing And Discontinued Operation": NaN,
        "Total Expenses": NaN,
        "Total Operating Income As Reported": NaN,
        "Diluted Average Shares": NaN,
        "Basic Average Shares": NaN,
        "Diluted EPS": NaN,
        "Basic EPS": NaN,
        "Diluted NI Availto Com Stockholders": NaN,
        "Net Income Common Stockholders": NaN,
        "Net Income": NaN,
        "Net Income Including Noncontrolling Interests": NaN,
        "Net Income Continuous Operations": NaN,
        "Tax Provision": NaN,
        "Pretax Income": NaN,
        "Other Income Expense": NaN,
        "Other Non Operating Income Expenses": 300000.0,
        "Special Income Charges": NaN,
        "Impairment Of Capital Assets": 8100000.0,
        "Restructuring And Mergern Acquisition": NaN,
        "Net Non Operating Interest Income Expense": NaN,
        "Interest Expense Non Operating": NaN,
        "Interest Income Non Operating": NaN,
        "Operating Income": NaN,
        "Operating Expense": NaN,
        "Research And Development": NaN,
        "Selling General And Administration": NaN,
        "Gross Profit": NaN,
        "Cost Of Revenue": NaN,
        "Total Revenue": NaN,
        "Operating Revenue": NaN
    },
    "2023-01-31": {
        "Tax Effect Of Unusual Items": NaN,
        "Tax Rate For Calcs": NaN,
        "Normalized EBITDA": NaN,
        "Total Unusual Items": NaN,
        "Total Unusual Items Excluding Goodwill": NaN,
        "Net Income From Continuing Operation Net Minority Interest": NaN,
        "Reconciled Depreciation": NaN,
        "Reconciled Cost Of Revenue": NaN,
        "EBITDA": NaN,
        "EBIT": NaN,
        "Net Interest Income": NaN,
        "Interest Expense": NaN,
        "Interest Income": NaN,
        "Normalized Income": NaN,
        "Net Income From Continuing And Discontinued Operation": NaN,
        "Total Expenses": NaN,
        "Total Operating Income As Reported": NaN,
        "Diluted Average Shares": NaN,
        "Basic Average Shares": NaN,
        "Diluted EPS": NaN,
        "Basic EPS": NaN,
        "Diluted NI Availto Com Stockholders": NaN,
        "Net Income Common Stockholders": NaN,
        "Net Income": NaN,
        "Net Income Including Noncontrolling Interests": NaN,
        "Net Income Continuous Operations": NaN,
        "Tax Provision": NaN,
        "Pretax Income": NaN,
        "Other Income Expense": NaN,
        "Other Non Operating Income Expenses": 300000.0,
        "Special Income Charges": NaN,
        "Other Special Charges": 0.0,
        "Impairment Of Capital Assets": NaN,
        "Restructuring And Mergern Acquisition": NaN,
        "Net Non Operating Interest Income Expense": NaN,
        "Interest Expense Non Operating": NaN,
        "Interest Income Non Operating": NaN,
        "Operating Income": NaN,
        "Operating Expense": NaN,
        "Research And Development": NaN,
        "Selling General And Administration": NaN,
        "Gross Profit": NaN,
        "Cost Of Revenue": NaN,
        "Total Revenue": NaN,
        "Operating Revenue": NaN
    },
    "2022-10-31": {
        "Tax Effect Of Unusual Items": NaN,
        "Tax Rate For Calcs": NaN,
        "Normalized EBITDA": NaN,
        "Total Unusual Items": NaN,
        "Total Unusual Items Excluding Goodwill": NaN,
        "Net Income From Continuing Operation Net Minority Interest": NaN,
        "Reconciled Depreciation": NaN,
        "Reconciled Cost Of Revenue": NaN,
        "EBITDA": NaN,
        "EBIT": NaN,
        "Net Interest Income": NaN,
        "Interest Expense": NaN,
        "Interest Income": NaN,
        "Normalized Income": NaN,
        "Net Income From Continuing And Discontinued Operation": NaN,
        "Total Expenses": NaN,
        "Total Operating Income As Reported": NaN,
        "Diluted Average Shares": NaN,
        "Basic Average Shares": NaN,
        "Diluted EPS": NaN,
        "Basic EPS": NaN,
        "Diluted NI Availto Com Stockholders": NaN,
        "Net Income Common Stockholders": NaN,
        "Net Income": NaN,
        "Net Income Including Noncontrolling Interests": NaN,
        "Net Income Continuous Operations": NaN,
        "Tax Provision": NaN,
        "Pretax Income": NaN,
        "Other Income Expense": NaN,
        "Other Non Operating Income Expenses": NaN,
        "Special Income Charges": NaN,
        "Other Special Charges": NaN,
        "Impairment Of Capital Assets": 0.0,
        "Restructuring And Mergern Acquisition": NaN,
        "Net Non Operating Interest Income Expense": NaN,
        "Interest Expense Non Operating": NaN,
        "Interest Income Non Operating": NaN,
        "Operating Income": NaN,
        "Operating Expense": NaN,
        "Research And Development": NaN,
        "Selling General And Administration": NaN,
        "Gross Profit": NaN,
        "Cost Of Revenue": NaN,
        "Total Revenue": NaN,
        "Operating Revenue": NaN
    },
    "2022-07-31": {
        "Tax Effect Of Unusual Items": -34480000.0,
        "Tax Rate For Calcs": 0.4,
        "Normalized EBITDA": 478500000.0,
        "Total Unusual Items": -86200000.0,
        "Total Unusual Items Excluding Goodwill": -86200000.0,
        "Net Income From Continuing Operation Net Minority Interest": 4300000.0,
        "Reconciled Depreciation": 348700000.0,
        "Reconciled Cost Of Revenue": 730900000.0,
        "EBITDA": 392300000.0,
        "EBIT": 43600000.0,
        "Net Interest Income": -39000000.0,
        "Interest Expense": 39800000.0,
        "Interest Income": 800000.0,
        "Normalized Income": 56020000.0,
        "Net Income From Continuing And Discontinued Operation": 4300000.0,
        "Total Expenses": 1391600000.0,
        "Total Operating Income As Reported": 39100000.0,
        "Diluted Average Shares": 857900000.0,
        "Basic Average Shares": 850900000.0,
        "Diluted EPS": 0.01,
        "Basic EPS": 0.01,
        "Diluted NI Availto Com Stockholders": 4300000.0,
        "Net Income Common Stockholders": 4300000.0,
        "Net Income": 4300000.0,
        "Net Income Including Noncontrolling Interests": 4300000.0,
        "Net Income Continuous Operations": 4300000.0,
        "Tax Provision": -500000.0,
        "Pretax Income": 3800000.0,
        "Other Income Expense": -82500000.0,
        "Other Non Operating Income Expenses": 3700000.0,
        "Special Income Charges": -86200000.0,
        "Other Special Charges": 85000000.0,
        "Impairment Of Capital Assets": NaN,
        "Restructuring And Mergern Acquisition": 1200000.0,
        "Net Non Operating Interest Income Expense": -39000000.0,
        "Interest Expense Non Operating": 39800000.0,
        "Interest Income Non Operating": 800000.0,
        "Operating Income": 125300000.0,
        "Operating Expense": 660700000.0,
        "Research And Development": 449000000.0,
        "Selling General And Administration": 211700000.0,
        "Gross Profit": 786000000.0,
        "Cost Of Revenue": 730900000.0,
        "Total Revenue": 1516900000.0,
        "Operating Revenue": 1516900000.0
    },
    "2022-04-30": {
        "Diluted EPS": -0.2,
        "Total Revenue": NaN,
        "Gross Profit": 751,
        "Operating Income": 70,
        "EBIT": 427,
        "Net Income": -166
    },
    "2022-01-31": {
        "Diluted EPS": 0.02,
        "Total Revenue": NaN,
        "Gross Profit": 686,
        "Operating Income": 35,
        "EBIT": 431,
        "Net Income": 6
    },
    "2021-10-31": {
        "Diluted EPS": -0.08,
        "Total Revenue": NaN,
        "Gross Profit": 588,
        "Operating Income": -33,
        "EBIT": 339,
        "Net Income": -63
    },
    "2021-07-31": {
        "Diluted EPS": -0.34,
        "Total Revenue": NaN,
        "Gross Profit": 372,
        "Operating Income": -267,
        "EBIT": 232,
        "Net Income": -276
    },
    "2021-04-30": {
        "Diluted EPS": -0.13,
        "Total Revenue": 832,
        "Gross Profit": 418,
        "Operating Income": -82,
        "EBIT": 112,
        "Net Income": -88
    },
    "2021-01-31": {
        "Diluted EPS": 0.03,
        "Total Revenue": 798,
        "Gross Profit": 421,
        "Operating Income": -2,
        "EBIT": 163,
        "Net Income": 17
    },
    "2020-10-31": {
        "Diluted EPS": -0.03,
        "Total Revenue": 750,
        "Gross Profit": 381,
        "Operating Income": -9,
        "EBIT": 151,
        "Net Income": -23
    },
    "2020-07-31": {
        "Diluted EPS": -0.24,
        "Total Revenue": 727,
        "Gross Profit": 359,
        "Operating Income": -151,
        "EBIT": 12,
        "Net Income": -158
    },
    "2020-04-30": {
        "Diluted EPS": -0.17,
        "Total Revenue": 694,
        "Gross Profit": 327,
        "Operating Income": -96,
        "EBIT": 85,
        "Net Income": -113
    },
    "2020-01-31": {
        "Diluted EPS": 2.62,
        "Total Revenue": 718,
        "Gross Profit": 305,
        "Operating Income": -114,
        "EBIT": 103,
        "Net Income": NaN
    },
    "2019-10-31": {
        "Diluted EPS": -0.12,
        "Total Revenue": 662,
        "Gross Profit": 340,
        "Operating Income": -62,
        "EBIT": 71,
        "Net Income": -83
    },
    "2019-07-31": {
        "Diluted EPS": -0.09,
        "Total Revenue": 657,
        "Gross Profit": 351,
        "Operating Income": -46,
        "EBIT": 73,
        "Net Income": -57
    },
    "2019-04-30": {
        "Diluted EPS": -0.07,
        "Total Revenue": 662,
        "Gross Profit": 361,
        "Operating Income": -21,
        "EBIT": 97,
        "Net Income": -48
    },
    "2019-01-31": {
        "Diluted EPS": -0.48,
        "Total Revenue": 745,
        "Gross Profit": 322,
        "Operating Income": -53,
        "EBIT": 163,
        "Net Income": -261
    },
    "2018-10-31": {
        "Diluted EPS": -0.08,
        "Total Revenue": 851,
        "Gross Profit": 384,
        "Operating Income": -21,
        "EBIT": 202,
        "Net Income": -54
    },
    "2018-07-31": {
        "Diluted EPS": 0.01,
        "Total Revenue": 665,
        "Gross Profit": 377,
        "Operating Income": -8,
        "EBIT": 74,
        "Net Income": 7
    },
    "2018-04-30": {
        "Diluted EPS": 0.25,
        "Total Revenue": 605,
        "Gross Profit": 376,
        "Operating Income": 125,
        "EBIT": 145,
        "Net Income": 129
    },
    "2018-01-31": {
        "Diluted EPS": 0.09,
        "Total Revenue": 615,
        "Gross Profit": 373,
        "Operating Income": 54,
        "EBIT": 75,
        "Net Income": 49
    },
    "2017-10-31": {
        "Diluted EPS": 0.4,
        "Total Revenue": 616,
        "Gross Profit": 378,
        "Operating Income": 150,
        "EBIT": 172,
        "Net Income": 200
    },
    "2017-07-31": {
        "Diluted EPS": 0.32,
        "Total Revenue": 605,
        "Gross Profit": 365,
        "Operating Income": 124,
        "EBIT": 146,
        "Net Income": 165
    },
    "2017-04-30": {
        "Diluted EPS": 0.21,
        "Total Revenue": 573,
        "Gross Profit": 346,
        "Operating Income": 101,
        "EBIT": 123,
        "Net Income": 107
    },
    "2017-01-31": {
        "Diluted EPS": -0.16,
        "Total Revenue": 561,
        "Gross Profit": 325,
        "Operating Income": 7,
        "EBIT": 37,
        "Net Income": -80
    },
    "2016-10-31": {
        "Diluted EPS": 0.14,
        "Total Revenue": 624,
        "Gross Profit": 357,
        "Operating Income": 93,
        "EBIT": 125,
        "Net Income": 73
    },
    "2016-07-31": {
        "Diluted EPS": 0.1,
        "Total Revenue": 597,
        "Gross Profit": 327,
        "Operating Income": 50,
        "EBIT": 80,
        "Net Income": 51
    },
    "2016-04-30": {
        "Diluted EPS": -0.04,
        "Total Revenue": 519,
        "Gross Profit": 275,
        "Operating Income": -20,
        "EBIT": 10,
        "Net Income": -23
    },
    "2016-01-31": {
        "Diluted EPS": 0.01,
        "Total Revenue": 616,
        "Gross Profit": 314,
        "Operating Income": 2,
        "EBIT": 36,
        "Net Income": 4
    },
    "2015-10-31": {
        "Diluted EPS": -0.11,
        "Total Revenue": 675,
        "Gross Profit": 296,
        "Operating Income": -59,
        "EBIT": -30,
        "Net Income": -58
    },
    "2015-07-31": {
        "Diluted EPS": -1.49,
        "Total Revenue": 710,
        "Gross Profit": 249,
        "Operating Income": -773,
        "EBIT": -745,
        "Net Income": -772
    },
    "2015-04-30": {
        "Diluted EPS": 0.03,
        "Total Revenue": 724,
        "Gross Profit": 373,
        "Operating Income": 13,
        "EBIT": 43,
        "Net Income": 14
    },
    "2015-01-31": {
        "Diluted EPS": 0.16,
        "Total Revenue": 857,
        "Gross Profit": 440,
        "Operating Income": 80,
        "EBIT": 106,
        "Net Income": 82
    },
    "2014-10-31": {
        "Diluted EPS": 0.22,
        "Total Revenue": 930,
        "Gross Profit": 475,
        "Operating Income": 116,
        "EBIT": 146,
        "Net Income": 115
    },
    "2014-07-31": {
        "Diluted EPS": 0.27,
        "Total Revenue": 962,
        "Gross Profit": 484,
        "Operating Income": 120,
        "EBIT": 151,
        "Net Income": 139
    },
    "2014-04-30": {
        "Diluted EPS": 0.19,
        "Total Revenue": 958,
        "Gross Profit": 464,
        "Operating Income": 93,
        "EBIT": 127,
        "Net Income": 99
    },
    "2014-01-31": {
        "Diluted EPS": 0.19,
        "Total Revenue": 932,
        "Gross Profit": 454,
        "Operating Income": 91,
        "EBIT": 137,
        "Net Income": 97
    },
    "2013-10-31": {
        "Diluted EPS": 0.21,
        "Total Revenue": 931,
        "Gross Profit": 466,
        "Operating Income": 95,
        "EBIT": 132,
        "Net Income": 103
    },
    "2013-07-31": {
        "Diluted EPS": 0.12,
        "Total Revenue": 807,
        "Gross Profit": 421,
        "Operating Income": 52,
        "EBIT": 88,
        "Net Income": 62
    },
    "2013-04-30": {
        "Diluted EPS": 0.11,
        "Total Revenue": 734,
        "Gross Profit": 399,
        "Operating Income": 43,
        "EBIT": 79,
        "Net Income": 53
    },
    "2013-01-31": {
        "Diluted EPS": 0.1,
        "Total Revenue": 775,
        "Gross Profit": 404,
        "Operating Income": 44,
        "EBIT": 82,
        "Net Income": 50
    },
    "2012-10-31": {
        "Diluted EPS": 0.12,
        "Total Revenue": 781,
        "Gross Profit": 406,
        "Operating Income": 67,
        "EBIT": 102,
        "Net Income": 69
    },
    "2012-07-31": {
        "Diluted EPS": 0.16,
        "Total Revenue": 816,
        "Gross Profit": 434,
        "Operating Income": 90,
        "EBIT": 125,
        "Net Income": 93
    },
    "2012-04-30": {
        "Diluted EPS": 0.16,
        "Total Revenue": 796,
        "Gross Profit": 430,
        "Operating Income": 94,
        "EBIT": 129,
        "Net Income": 95
    },
    "2012-01-31": {
        "Diluted EPS": 0.14,
        "Total Revenue": 743,
        "Gross Profit": 402,
        "Operating Income": 70,
        "EBIT": 105,
        "Net Income": 81
    },
    "2011-10-31": {
        "Diluted EPS": 0.32,
        "Total Revenue": 950,
        "Gross Profit": 538,
        "Operating Income": 191,
        "EBIT": 223,
        "Net Income": 195
    },
    "2011-07-31": {
        "Diluted EPS": 0.31,
        "Total Revenue": 898,
        "Gross Profit": 519,
        "Operating Income": 195,
        "EBIT": 228,
        "Net Income": 192
    },
    "2011-04-30": {
        "Diluted EPS": 0.22,
        "Total Revenue": 802,
        "Gross Profit": 468,
        "Operating Income": 148,
        "EBIT": 186,
        "Net Income": 147
    },
    "2011-01-31": {
        "Diluted EPS": 0.33,
        "Total Revenue": 901,
        "Gross Profit": 529,
        "Operating Income": 216,
        "EBIT": 254,
        "Net Income": 223
    },
    "2010-10-31": {
        "Diluted EPS": 0.38,
        "Total Revenue": 959,
        "Gross Profit": 569,
        "Operating Income": 259,
        "EBIT": 304,
        "Net Income": 256
    },
    "2010-07-31": {
        "Diluted EPS": 0.33,
        "Total Revenue": 896,
        "Gross Profit": 530,
        "Operating Income": 218,
        "EBIT": 262,
        "Net Income": 220
    },
    "2010-04-30": {
        "Diluted EPS": 0.3,
        "Total Revenue": 856,
        "Gross Profit": 512,
        "Operating Income": 208,
        "EBIT": 254,
        "Net Income": 206
    },
    "2010-01-31": {
        "Diluted EPS": 0.32,
        "Total Revenue": 843,
        "Gross Profit": 503,
        "Operating Income": 206,
        "EBIT": 254,
        "Net Income": 205
    },
    "2009-10-31": {
        "Diluted EPS": 0.31,
        "Total Revenue": 803,
        "Gross Profit": 461,
        "Operating Income": 170,
        "EBIT": 221,
        "Net Income": 202
    },
    "2009-07-31": {
        "Diluted EPS": 0.09,
        "Total Revenue": 641,
        "Gross Profit": 353,
        "Operating Income": 68,
        "EBIT": 119,
        "Net Income": 58
    },
    "2009-04-30": {
        "Diluted EPS": -0.18,
        "Total Revenue": 521,
        "Gross Profit": 264,
        "Operating Income": -109,
        "EBIT": -54,
        "Net Income": -111
    },
    "2009-01-31": {
        "Diluted EPS": -0.1,
        "Total Revenue": 513,
        "Gross Profit": 260,
        "Operating Income": -69,
        "EBIT": 6,
        "Net Income": -65
    },
    "2023-07-31": {
        "Tax Effect Of Unusual Items": -7361685.214626,
        "Tax Rate For Calcs": 0.175278,
        "Normalized EBITDA": 191500000.0,
        "Total Unusual Items": -42000000.0,
        "Total Unusual Items Excluding Goodwill": -42000000.0,
        "Net Income From Continuing Operation Net Minority Interest": -207500000.0,
        "Reconciled Depreciation": 347300000.0,
        "Reconciled Cost Of Revenue": 819800000.0,
        "EBITDA": 149500000.0,
        "EBIT": -197800000.0,
        "Net Interest Income": -52200000.0,
        "Interest Expense": 53800000.0,
        "Interest Income": 1600000.0,
        "Normalized Income": -172861685.214626,
        "Net Income From Continuing And Discontinued Operation": -207500000.0,
        "Total Expenses": 1504600000.0,
        "Total Operating Income As Reported": -205700000.0,
        "Diluted Average Shares": 860900000.0,
        "Basic Average Shares": 860900000.0,
        "Diluted EPS": -0.24,
        "Basic EPS": -0.24,
        "Diluted NI Availto Com Stockholders": -207500000.0,
        "Net Income Common Stockholders": -207500000.0,
        "Net Income": -207500000.0,
        "Net Income Including Noncontrolling Interests": -207500000.0,
        "Net Income Continuous Operations": -207500000.0,
        "Tax Provision": -44100000.0,
        "Pretax Income": -251600000.0,
        "Other Income Expense": -35700000.0,
        "Other Non Operating Income Expenses": 6300000.0,
        "Special Income Charges": -42000000.0,
        "Impairment Of Capital Assets": 20500000.0,
        "Restructuring And Mergern Acquisition": 21500000.0,
        "Net Non Operating Interest Income Expense": -52200000.0,
        "Interest Expense Non Operating": 53800000.0,
        "Interest Income Non Operating": 1600000.0,
        "Operating Income": -163700000.0,
        "Operating Expense": 684800000.0,
        "Research And Development": 474800000.0,
        "Selling General And Administration": 210000000.0,
        "Gross Profit": 521100000.0,
        "Cost Of Revenue": 819800000.0,
        "Total Revenue": 1340900000.0,
        "Operating Revenue": 1340900000.0
    },
    "2023-10-31": {
        "Tax Effect Of Unusual Items": -420693.333333,
        "Tax Rate For Calcs": 0.123733,
        "Normalized EBITDA": 210400000.0,
        "Total Unusual Items": -3400000.0,
        "Total Unusual Items Excluding Goodwill": -3400000.0,
        "Net Income From Continuing Operation Net Minority Interest": -164300000.0,
        "Reconciled Depreciation": 341900000.0,
        "Reconciled Cost Of Revenue": 867400000.0,
        "EBITDA": 207000000.0,
        "EBIT": -134900000.0,
        "Net Interest Income": -50900000.0,
        "Interest Expense": 52600000.0,
        "Interest Income": 1700000.0,
        "Normalized Income": -161320693.333333,
        "Net Income From Continuing And Discontinued Operation": -164300000.0,
        "Total Expenses": 1561500000.0,
        "Total Operating Income As Reported": -146300000.0,
        "Diluted Average Shares": 862600000.0,
        "Basic Average Shares": 862600000.0,
        "Diluted EPS": -0.19,
        "Basic EPS": -0.19,
        "Diluted NI Availto Com Stockholders": -164300000.0,
        "Net Income Common Stockholders": -164300000.0,
        "Net Income": -164300000.0,
        "Net Income Including Noncontrolling Interests": -164300000.0,
        "Net Income Continuous Operations": -164300000.0,
        "Tax Provision": -23200000.0,
        "Pretax Income": -187500000.0,
        "Other Income Expense": 6300000.0,
        "Other Non Operating Income Expenses": 9700000.0,
        "Special Income Charges": -3400000.0,
        "Impairment Of Capital Assets": 0.0,
        "Restructuring And Mergern Acquisition": 3400000.0,
        "Net Non Operating Interest Income Expense": -50900000.0,
        "Interest Expense Non Operating": 52600000.0,
        "Interest Income Non Operating": 1700000.0,
        "Operating Income": -142900000.0,
        "Operating Expense": 694100000.0,
        "Research And Development": 481100000.0,
        "Selling General And Administration": 213000000.0,
        "Gross Profit": 551200000.0,
        "Cost Of Revenue": 867400000.0,
        "Total Revenue": 1418600000.0,
        "Operating Revenue": 1418600000.0
    },
    "2024-01-31": {
        "Tax Effect Of Unusual Items": -5418000.0,
        "Tax Rate For Calcs": 0.21,
        "Normalized EBITDA": 351200000.0,
        "Total Unusual Items": -25800000.0,
        "Total Unusual Items Excluding Goodwill": -25800000.0,
        "Net Income From Continuing Operation Net Minority Interest": -392700000.0,
        "Reconciled Depreciation": 360100000.0,
        "Reconciled Cost Of Revenue": 762400000.0,
        "EBITDA": 325400000.0,
        "EBIT": -34700000.0,
        "Net Interest Income": -49600000.0,
        "Interest Expense": 52600000.0,
        "Interest Income": 3000000.0,
        "Normalized Income": -372318000.0,
        "Net Income From Continuing And Discontinued Operation": -392700000.0,
        "Total Expenses": 1434000000.0,
        "Total Operating Income As Reported": -33300000.0,
        "Diluted Average Shares": 864700000.0,
        "Basic Average Shares": 864700000.0,
        "Diluted EPS": -0.45,
        "Basic EPS": -0.45,
        "Diluted NI Availto Com Stockholders": -392700000.0,
        "Net Income Common Stockholders": -392700000.0,
        "Net Income": -392700000.0,
        "Net Income Including Noncontrolling Interests": -392700000.0,
        "Net Income Continuous Operations": -392700000.0,
        "Tax Provision": 305400000.0,
        "Pretax Income": -87300000.0,
        "Other Income Expense": -30200000.0,
        "Other Non Operating Income Expenses": -4400000.0,
        "Special Income Charges": -25800000.0,
        "Impairment Of Capital Assets": NaN,
        "Restructuring And Mergern Acquisition": 55700000.0,
        "Net Non Operating Interest Income Expense": -49600000.0,
        "Interest Expense Non Operating": 52600000.0,
        "Interest Income Non Operating": 3000000.0,
        "Operating Income": -7500000.0,
        "Operating Expense": 671600000.0,
        "Research And Development": 459600000.0,
        "Selling General And Administration": 212000000.0,
        "Gross Profit": 664100000.0,
        "Cost Of Revenue": 762400000.0,
        "Total Revenue": 1426500000.0,
        "Operating Revenue": 1426500000.0
    },
    "2024-04-30": {
        "Tax Effect Of Unusual Items": -861000.0,
        "Tax Rate For Calcs": 0.21,
        "Normalized EBITDA": 192600000.0,
        "Total Unusual Items": -4100000.0,
        "Total Unusual Items Excluding Goodwill": -4100000.0,
        "Net Income From Continuing Operation Net Minority Interest": -215600000.0,
        "Reconciled Depreciation": 337500000.0,
        "Reconciled Cost Of Revenue": 633100000.0,
        "EBITDA": 188500000.0,
        "EBIT": -149000000.0,
        "Net Interest Income": -45500000.0,
        "Interest Expense": 48800000.0,
        "Interest Income": 3300000.0,
        "Normalized Income": -212361000.0,
        "Net Income From Continuing And Discontinued Operation": -215600000.0,
        "Total Expenses": 1309100000.0,
        "Total Operating Income As Reported": -152300000.0,
        "Diluted Average Shares": 865000000.0,
        "Basic Average Shares": 865000000.0,
        "Diluted EPS": -0.25,
        "Basic EPS": -0.25,
        "Diluted NI Availto Com Stockholders": -215600000.0,
        "Net Income Common Stockholders": -215600000.0,
        "Net Income": -215600000.0,
        "Net Income Including Noncontrolling Interests": -215600000.0,
        "Net Income Continuous Operations": -215600000.0,
        "Tax Provision": 17800000.0,
        "Pretax Income": -197800000.0,
        "Other Income Expense": -4100000.0,
        "Other Non Operating Income Expenses": NaN,
        "Special Income Charges": -4100000.0,
        "Impairment Of Capital Assets": 0.0,
        "Restructuring And Mergern Acquisition": 4100000.0,
        "Net Non Operating Interest Income Expense": -45500000.0,
        "Interest Expense Non Operating": 48800000.0,
        "Interest Income Non Operating": 3300000.0,
        "Operating Income": -148200000.0,
        "Operating Expense": 676000000.0,
        "Research And Development": 476100000.0,
        "Selling General And Administration": 199900000.0,
        "Gross Profit": 527800000.0,
        "Cost Of Revenue": 633100000.0,
        "Total Revenue": 1160900000.0,
        "Operating Revenue": 1160900000.0
    },
    "2024-07-31": {
        "Tax Effect Of Unusual Items": -840000.0,
        "Tax Rate For Calcs": 0.21,
        "Normalized EBITDA": 258200000.0,
        "Total Unusual Items": -4000000.0,
        "Total Unusual Items Excluding Goodwill": -4000000.0,
        "Net Income From Continuing Operation Net Minority Interest": -193300000.0,
        "Reconciled Depreciation": 352000000.0,
        "Reconciled Cost Of Revenue": 685300000.0,
        "EBITDA": 254200000.0,
        "EBIT": -97800000.0,
        "Net Interest Income": -45800000.0,
        "Interest Expense": 48400000.0,
        "Interest Income": 2600000.0,
        "Normalized Income": -190140000.0,
        "Net Income From Continuing And Discontinued Operation": -193300000.0,
        "Total Expenses": 1369300000.0,
        "Total Operating Income As Reported": -100400000.0,
        "Diluted Average Shares": 865700000.0,
        "Basic Average Shares": 865700000.0,
        "Diluted EPS": -0.22,
        "Basic EPS": -0.22,
        "Diluted NI Availto Com Stockholders": -193300000.0,
        "Net Income Common Stockholders": -193300000.0,
        "Net Income": -193300000.0,
        "Net Income Including Noncontrolling Interests": -193300000.0,
        "Net Income Continuous Operations": -193300000.0,
        "Tax Provision": 47100000.0,
        "Pretax Income": -146200000.0,
        "Other Income Expense": -4000000.0,
        "Other Non Operating Income Expenses": NaN,
        "Special Income Charges": -4000000.0,
        "Impairment Of Capital Assets": 0.0,
        "Restructuring And Mergern Acquisition": 4000000.0,
        "Net Non Operating Interest Income Expense": -45800000.0,
        "Interest Expense Non Operating": 48400000.0,
        "Interest Income Non Operating": 2600000.0,
        "Operating Income": -96400000.0,
        "Operating Expense": 684000000.0,
        "Research And Development": 486700000.0,
        "Selling General And Administration": 197300000.0,
        "Gross Profit": 587600000.0,
        "Cost Of Revenue": 685300000.0,
        "Total Revenue": 1272900000.0,
        "Operating Revenue": 1272900000.0
    }
}