{
    "2023-06-30": {
        "Tax Effect Of Unusual Items": 0.0,
        "Tax Rate For Calcs": 0.21,
        "Total Unusual Items": -407000000.0,
        "Total Unusual Items Excluding Goodwill": -407000000.0,
        "Net Income From Continuing Operation Net Minority Interest": 2182000000.0,
        "Reconciled Depreciation": 922000000.0,
        "Net Interest Income": 2010000000.0,
        "Interest Expense": 8903000000.0,
        "Interest Income": 10913000000.0,
        "Normalized Income": 2182000000.0,
        "Net Income From Continuing And Discontinued Operation": 2182000000.0,
        "Diluted Average Shares": 1651000000.0,
        "Basic Average Shares": 1635000000.0,
        "Diluted EPS": 1.24,
        "Basic EPS": 1.25,
        "Diluted NI Availto Com Stockholders": 2049000000.0,
        "Net Income Common Stockholders": 2049000000.0,
        "Preferred Stock Dividends": 133000000.0,
        "Net Income": 2182000000.0,
        "Minority Interests": -39000000.0,
        "Net Income Including Noncontrolling Interests": 2221000000.0,
        "Net Income Continuous Operations": 2221000000.0,
        "Tax Provision": 591000000.0,
        "Pretax Income": 2812000000.0,
        "Special Income Charges": -407000000.0,
        "Other Special Charges": NaN,
        "Restructuring And Mergern Acquisition": 407000000.0,
        "Gain On Sale Of Security": 95000000.0,
        "Selling General And Administration": 6498000000.0,
        "Selling And Marketing Expense": 236000000.0,
        "General And Administrative Expense": 6262000000.0,
        "Salaries And Wages": 6262000000.0,
        "Total Revenue": 12582000000.0,
        "Operating Revenue": 12582000000.0,
        "Occupancy And Equipment": 471000000.0,
        "Professional Expense And Contract Services Expense": 767000000.0,
        "Other Non Interest Expense": 1873000000.0
    },
    "2023-03-31": {
        "Tax Effect Of Unusual Items": NaN,
        "Tax Rate For Calcs": NaN,
        "Total Unusual Items": -77000000.0,
        "Total Unusual Items Excluding Goodwill": -77000000.0,
        "Net Income From Continuing Operation Net Minority Interest": NaN,
        "Reconciled Depreciation": NaN,
        "Net Interest Income": NaN,
        "Interest Expense": NaN,
        "Interest Income": NaN,
        "Normalized Income": NaN,
        "Net Income From Continuing And Discontinued Operation": NaN,
        "Diluted Average Shares": NaN,
        "Basic Average Shares": NaN,
        "Diluted EPS": NaN,
        "Basic EPS": NaN,
        "Diluted NI Availto Com Stockholders": NaN,
        "Net Income Common Stockholders": NaN,
        "Preferred Stock Dividends": NaN,
        "Net Income": NaN,
        "Minority Interests": NaN,
        "Net Income Including Noncontrolling Interests": NaN,
        "Net Income Continuous Operations": NaN,
        "Tax Provision": NaN,
        "Pretax Income": NaN,
        "Special Income Charges": -77000000.0,
        "Other Special Charges": NaN,
        "Restructuring And Mergern Acquisition": 77000000.0,
        "Gain On Sale Of Security": NaN,
        "Selling General And Administration": NaN,
        "Selling And Marketing Expense": NaN,
        "General And Administrative Expense": NaN,
        "Salaries And Wages": NaN,
        "Total Revenue": NaN,
        "Operating Revenue": NaN,
        "Occupancy And Equipment": NaN,
        "Professional Expense And Contract Services Expense": NaN,
        "Other Non Interest Expense": NaN
    },
    "2022-12-31": {
        "Tax Effect Of Unusual Items": NaN,
        "Tax Rate For Calcs": NaN,
        "Total Unusual Items": -120000000.0,
        "Total Unusual Items Excluding Goodwill": -120000000.0,
        "Net Income From Continuing Operation Net Minority Interest": NaN,
        "Reconciled Depreciation": NaN,
        "Net Interest Income": NaN,
        "Interest Expense": NaN,
        "Interest Income": NaN,
        "Normalized Income": NaN,
        "Net Income From Continuing And Discontinued Operation": NaN,
        "Diluted Average Shares": NaN,
        "Basic Average Shares": NaN,
        "Diluted EPS": NaN,
        "Basic EPS": NaN,
        "Diluted NI Availto Com Stockholders": NaN,
        "Net Income Common Stockholders": NaN,
        "Preferred Stock Dividends": NaN,
        "Net Income": NaN,
        "Minority Interests": NaN,
        "Net Income Including Noncontrolling Interests": NaN,
        "Net Income Continuous Operations": NaN,
        "Tax Provision": NaN,
        "Pretax Income": NaN,
        "Special Income Charges": -120000000.0,
        "Other Special Charges": NaN,
        "Restructuring And Mergern Acquisition": 120000000.0,
        "Gain On Sale Of Security": NaN,
        "Selling General And Administration": NaN,
        "Selling And Marketing Expense": NaN,
        "General And Administrative Expense": NaN,
        "Salaries And Wages": NaN,
        "Total Revenue": NaN,
        "Operating Revenue": NaN,
        "Occupancy And Equipment": NaN,
        "Professional Expense And Contract Services Expense": NaN,
        "Other Non Interest Expense": NaN
    },
    "2022-09-30": {
        "Tax Effect Of Unusual Items": NaN,
        "Tax Rate For Calcs": NaN,
        "Total Unusual Items": -123000000.0,
        "Total Unusual Items Excluding Goodwill": -123000000.0,
        "Net Income From Continuing Operation Net Minority Interest": NaN,
        "Reconciled Depreciation": NaN,
        "Net Interest Income": NaN,
        "Interest Expense": NaN,
        "Interest Income": NaN,
        "Normalized Income": NaN,
        "Net Income From Continuing And Discontinued Operation": NaN,
        "Diluted Average Shares": NaN,
        "Basic Average Shares": NaN,
        "Diluted EPS": NaN,
        "Basic EPS": NaN,
        "Diluted NI Availto Com Stockholders": NaN,
        "Net Income Common Stockholders": NaN,
        "Preferred Stock Dividends": NaN,
        "Net Income": NaN,
        "Minority Interests": NaN,
        "Net Income Including Noncontrolling Interests": NaN,
        "Net Income Continuous Operations": NaN,
        "Tax Provision": NaN,
        "Pretax Income": NaN,
        "Special Income Charges": -123000000.0,
        "Other Special Charges": NaN,
        "Restructuring And Mergern Acquisition": 123000000.0,
        "Gain On Sale Of Security": NaN,
        "Selling General And Administration": NaN,
        "Selling And Marketing Expense": NaN,
        "General And Administrative Expense": NaN,
        "Salaries And Wages": NaN,
        "Total Revenue": NaN,
        "Operating Revenue": NaN
    },
    "2022-06-30": {
        "Tax Effect Of Unusual Items": 0.0,
        "Tax Rate For Calcs": 0.236,
        "Total Unusual Items": -120000000.0,
        "Total Unusual Items Excluding Goodwill": -120000000.0,
        "Net Income From Continuing Operation Net Minority Interest": 2495000000.0,
        "Reconciled Depreciation": 921000000.0,
        "Net Interest Income": 2282000000.0,
        "Interest Expense": 1330000000.0,
        "Interest Income": 3612000000.0,
        "Normalized Income": 2495000000.0,
        "Net Income From Continuing And Discontinued Operation": 2495000000.0,
        "Diluted Average Shares": 1723000000.0,
        "Basic Average Shares": 1704000000.0,
        "Diluted EPS": 1.39,
        "Basic EPS": 1.4,
        "Diluted NI Availto Com Stockholders": 2391000000.0,
        "Net Income Common Stockholders": 2391000000.0,
        "Preferred Stock Dividends": 104000000.0,
        "Net Income": 2495000000.0,
        "Minority Interests": -41000000.0,
        "Net Income Including Noncontrolling Interests": 2536000000.0,
        "Net Income Continuous Operations": 2536000000.0,
        "Tax Provision": 783000000.0,
        "Pretax Income": 3319000000.0,
        "Special Income Charges": -120000000.0,
        "Restructuring And Mergern Acquisition": 120000000.0,
        "Gain On Sale Of Security": 23000000.0,
        "Selling General And Administration": 5770000000.0,
        "Selling And Marketing Expense": 220000000.0,
        "General And Administrative Expense": 5550000000.0,
        "Salaries And Wages": 5550000000.0,
        "Total Revenue": 12254000000.0,
        "Operating Revenue": 12254000000.0
    },
    "2023-09-30": {
        "Tax Effect Of Unusual Items": 0.0,
        "Tax Rate For Calcs": 0.226,
        "Total Unusual Items": NaN,
        "Total Unusual Items Excluding Goodwill": NaN,
        "Net Income From Continuing Operation Net Minority Interest": 2408000000.0,
        "Reconciled Depreciation": 988000000.0,
        "Net Interest Income": 1977000000.0,
        "Interest Expense": 11328000000.0,
        "Interest Income": 13305000000.0,
        "Normalized Income": 2408000000.0,
        "Net Income From Continuing And Discontinued Operation": 2408000000.0,
        "Diluted Average Shares": 1643000000.0,
        "Basic Average Shares": 1624000000.0,
        "Diluted EPS": 1.38,
        "Basic EPS": 1.39,
        "Diluted NI Availto Com Stockholders": 2262000000.0,
        "Net Income Common Stockholders": 2262000000.0,
        "Preferred Stock Dividends": 146000000.0,
        "Net Income": 2408000000.0,
        "Minority Interests": -27000000.0,
        "Net Income Including Noncontrolling Interests": 2435000000.0,
        "Net Income Continuous Operations": 2435000000.0,
        "Tax Provision": 710000000.0,
        "Pretax Income": 3145000000.0,
        "Special Income Charges": NaN,
        "Other Special Charges": NaN,
        "Restructuring And Mergern Acquisition": NaN,
        "Gain On Sale Of Security": 144000000.0,
        "Selling General And Administration": 6126000000.0,
        "Selling And Marketing Expense": 191000000.0,
        "General And Administrative Expense": 5935000000.0,
        "Salaries And Wages": 5935000000.0,
        "Total Revenue": 12418000000.0,
        "Operating Revenue": 12418000000.0,
        "Occupancy And Equipment": 456000000.0,
        "Professional Expense And Contract Services Expense": 759000000.0,
        "Other Non Interest Expense": 1798000000.0
    },
    "2023-12-31": {
        "Tax Effect Of Unusual Items": 0.0,
        "Tax Rate For Calcs": 0.26479,
        "Total Unusual Items": NaN,
        "Total Unusual Items Excluding Goodwill": NaN,
        "Net Income From Continuing Operation Net Minority Interest": 1517000000.0,
        "Reconciled Depreciation": 1406000000.0,
        "Net Interest Income": 1897000000.0,
        "Interest Expense": 12161000000.0,
        "Interest Income": 14058000000.0,
        "Normalized Income": 1517000000.0,
        "Net Income From Continuing And Discontinued Operation": 1517000000.0,
        "Diluted Average Shares": 1627000000.0,
        "Basic Average Shares": 1606000000.0,
        "Diluted EPS": 0.85,
        "Basic EPS": 0.86,
        "Diluted NI Availto Com Stockholders": 1383000000.0,
        "Net Income Common Stockholders": 1383000000.0,
        "Preferred Stock Dividends": 134000000.0,
        "Net Income": 1517000000.0,
        "Minority Interests": -24000000.0,
        "Net Income Including Noncontrolling Interests": 1541000000.0,
        "Net Income Continuous Operations": 1541000000.0,
        "Tax Provision": 555000000.0,
        "Pretax Income": 2096000000.0,
        "Special Income Charges": NaN,
        "Other Special Charges": NaN,
        "Restructuring And Mergern Acquisition": NaN,
        "Gain On Sale Of Security": 189000000.0,
        "Selling General And Administration": 5822000000.0,
        "Selling And Marketing Expense": 224000000.0,
        "General And Administrative Expense": 5598000000.0,
        "Salaries And Wages": 5598000000.0,
        "Total Revenue": 12031000000.0,
        "Operating Revenue": 12031000000.0,
        "Occupancy And Equipment": 528000000.0,
        "Professional Expense And Contract Services Expense": 822000000.0,
        "Other Non Interest Expense": 1579000000.0
    },
    "2024-03-31": {
        "Tax Effect Of Unusual Items": -8904000.0,
        "Tax Rate For Calcs": 0.212,
        "Total Unusual Items": -42000000.0,
        "Total Unusual Items Excluding Goodwill": -42000000.0,
        "Net Income From Continuing Operation Net Minority Interest": 3412000000.0,
        "Reconciled Depreciation": 975000000.0,
        "Net Interest Income": 1796000000.0,
        "Interest Expense": 11134000000.0,
        "Interest Income": 12930000000.0,
        "Normalized Income": 3445096000.0,
        "Net Income From Continuing And Discontinued Operation": 3412000000.0,
        "Diluted Average Shares": 1616000000.0,
        "Basic Average Shares": 1601000000.0,
        "Diluted EPS": 2.02,
        "Basic EPS": 2.04,
        "Diluted NI Availto Com Stockholders": 3266000000.0,
        "Net Income Common Stockholders": 3266000000.0,
        "Preferred Stock Dividends": 146000000.0,
        "Net Income": 3412000000.0,
        "Minority Interests": -50000000.0,
        "Net Income Including Noncontrolling Interests": 3462000000.0,
        "Net Income Continuous Operations": 3462000000.0,
        "Tax Provision": 933000000.0,
        "Pretax Income": 4395000000.0,
        "Special Income Charges": -42000000.0,
        "Other Special Charges": 42000000.0,
        "Restructuring And Mergern Acquisition": NaN,
        "Gain On Sale Of Security": 137000000.0,
        "Selling General And Administration": 6913000000.0,
        "Selling And Marketing Expense": 217000000.0,
        "General And Administrative Expense": 6696000000.0,
        "Salaries And Wages": 6696000000.0,
        "Total Revenue": 14215000000.0,
        "Operating Revenue": 14215000000.0,
        "Occupancy And Equipment": 441000000.0,
        "Professional Expense And Contract Services Expense": 639000000.0,
        "Other Non Interest Expense": 1791000000.0
    },
    "2024-06-30": {
        "Tax Effect Of Unusual Items": -11750000.0,
        "Tax Rate For Calcs": 0.235,
        "Total Unusual Items": -50000000.0,
        "Total Unusual Items Excluding Goodwill": -50000000.0,
        "Net Income From Continuing Operation Net Minority Interest": 3076000000.0,
        "Reconciled Depreciation": 1271000000.0,
        "Net Interest Income": 2067000000.0,
        "Interest Expense": 11462000000.0,
        "Interest Income": 13529000000.0,
        "Normalized Income": 3114250000.0,
        "Net Income From Continuing And Discontinued Operation": 3076000000.0,
        "Diluted Average Shares": 1611000000.0,
        "Basic Average Shares": 1594000000.0,
        "Diluted EPS": 1.82,
        "Basic EPS": 1.85,
        "Diluted NI Availto Com Stockholders": 2942000000.0,
        "Net Income Common Stockholders": 2942000000.0,
        "Preferred Stock Dividends": 134000000.0,
        "Net Income": 3076000000.0,
        "Minority Interests": -41000000.0,
        "Net Income Including Noncontrolling Interests": 3117000000.0,
        "Net Income Continuous Operations": 3117000000.0,
        "Tax Provision": 957000000.0,
        "Pretax Income": 4074000000.0,
        "Special Income Charges": -50000000.0,
        "Other Special Charges": 50000000.0,
        "Restructuring And Mergern Acquisition": NaN,
        "Gain On Sale Of Security": 157000000.0,
        "Selling General And Administration": 6705000000.0,
        "Selling And Marketing Expense": 245000000.0,
        "General And Administrative Expense": 6460000000.0,
        "Salaries And Wages": 6460000000.0,
        "Total Revenue": 14024000000.0,
        "Operating Revenue": 14024000000.0,
        "Occupancy And Equipment": 464000000.0,
        "Professional Expense And Contract Services Expense": 753000000.0,
        "Other Non Interest Expense": 1902000000.0
    }
}