{
    "2023-06-30": {
        "Tax Effect Of Unusual Items": -1505180.0,
        "Tax Rate For Calcs": 0.233,
        "Normalized EBITDA": 122007000.0,
        "Total Unusual Items": -6460000.0,
        "Total Unusual Items Excluding Goodwill": -6460000.0,
        "Net Income From Continuing Operation Net Minority Interest": 67090000.0,
        "Reconciled Depreciation": 14889000.0,
        "Reconciled Cost Of Revenue": 233503000.0,
        "EBITDA": 115547000.0,
        "EBIT": 100658000.0,
        "Net Interest Income": -13175000.0,
        "Interest Expense": 13175000.0,
        "Normalized Income": 72044820.0,
        "Net Income From Continuing And Discontinued Operation": 67090000.0,
        "Total Expenses": 345831000.0,
        "Total Operating Income As Reported": 95008000.0,
        "Diluted Average Shares": 39409000.0,
        "Basic Average Shares": 39274000.0,
        "Diluted EPS": 1.7,
        "Basic EPS": 1.71,
        "Diluted NI Availto Com Stockholders": 67072000.0,
        "Net Income Common Stockholders": 67072000.0,
        "Otherunder Preferred Stock Dividend": 8000.0,
        "Preferred Stock Dividends": 10000.0,
        "Net Income": 67090000.0,
        "Net Income Including Noncontrolling Interests": 67090000.0,
        "Net Income Continuous Operations": 67090000.0,
        "Tax Provision": 20393000.0,
        "Pretax Income": 87483000.0,
        "Other Income Expense": -810000.0,
        "Other Non Operating Income Expenses": 5650000.0,
        "Special Income Charges": -3350000.0,
        "Gain On Sale Of Business": 0.0,
        "Restructuring And Mergern Acquisition": 3350000.0,
        "Gain On Sale Of Security": -3110000.0,
        "Net Non Operating Interest Income Expense": -13175000.0,
        "Interest Expense Non Operating": 13175000.0,
        "Operating Income": 101468000.0,
        "Operating Expense": 112328000.0,
        "Research And Development": 15992000.0,
        "Selling General And Administration": 96336000.0,
        "Gross Profit": 213796000.0,
        "Cost Of Revenue": 233503000.0,
        "Total Revenue": 447299000.0,
        "Operating Revenue": 447299000.0
    },
    "2023-03-31": {
        "Tax Effect Of Unusual Items": -28377930.0,
        "Tax Rate For Calcs": 0.21,
        "Normalized EBITDA": 93444000.0,
        "Total Unusual Items": -135133000.0,
        "Total Unusual Items Excluding Goodwill": -135133000.0,
        "Net Income From Continuing Operation Net Minority Interest": -150173000.0,
        "Reconciled Depreciation": 14572000.0,
        "Reconciled Cost Of Revenue": 216864000.0,
        "EBITDA": -41689000.0,
        "EBIT": -56261000.0,
        "Net Interest Income": -11476000.0,
        "Interest Expense": 11476000.0,
        "Normalized Income": -43417930.0,
        "Net Income From Continuing And Discontinued Operation": -150173000.0,
        "Total Expenses": 323187000.0,
        "Total Operating Income As Reported": -60061000.0,
        "Diluted Average Shares": 39224000.0,
        "Basic Average Shares": 39224000.0,
        "Diluted EPS": -3.83,
        "Basic EPS": -3.83,
        "Diluted NI Availto Com Stockholders": -150183000.0,
        "Net Income Common Stockholders": -150183000.0,
        "Otherunder Preferred Stock Dividend": 0.0,
        "Preferred Stock Dividends": 10000.0,
        "Net Income": -150173000.0,
        "Net Income Including Noncontrolling Interests": -150173000.0,
        "Net Income Continuous Operations": -150173000.0,
        "Tax Provision": 82436000.0,
        "Pretax Income": -67737000.0,
        "Other Income Expense": -131336000.0,
        "Other Non Operating Income Expenses": 3797000.0,
        "Special Income Charges": -130958000.0,
        "Gain On Sale Of Business": -129211000.0,
        "Restructuring And Mergern Acquisition": 1747000.0,
        "Gain On Sale Of Security": -4175000.0,
        "Net Non Operating Interest Income Expense": -11476000.0,
        "Interest Expense Non Operating": 11476000.0,
        "Operating Income": 75075000.0,
        "Operating Expense": 106323000.0,
        "Research And Development": 15232000.0,
        "Selling General And Administration": 91091000.0,
        "Gross Profit": 181398000.0,
        "Cost Of Revenue": 216864000.0,
        "Total Revenue": 398262000.0,
        "Operating Revenue": 398262000.0
    },
    "2022-12-31": {
        "Tax Effect Of Unusual Items": -4216194.285549,
        "Tax Rate For Calcs": 0.254355,
        "Normalized EBITDA": 107565000.0,
        "Total Unusual Items": -16576000.0,
        "Total Unusual Items Excluding Goodwill": -16576000.0,
        "Net Income From Continuing Operation Net Minority Interest": 51489000.0,
        "Reconciled Depreciation": 14434000.0,
        "Reconciled Cost Of Revenue": 246002000.0,
        "EBITDA": 90989000.0,
        "EBIT": 76555000.0,
        "Net Interest Income": -3347000.0,
        "Interest Expense": 7502000.0,
        "Normalized Income": 63848805.714451,
        "Net Income From Continuing And Discontinued Operation": 51489000.0,
        "Total Expenses": 351491000.0,
        "Total Operating Income As Reported": 70620000.0,
        "Diluted Average Shares": 39387000.0,
        "Basic Average Shares": 39200000.0,
        "Diluted EPS": 1.31,
        "Basic EPS": 1.31,
        "Diluted NI Availto Com Stockholders": 51469000.0,
        "Net Income Common Stockholders": 51469000.0,
        "Otherunder Preferred Stock Dividend": 9000.0,
        "Preferred Stock Dividends": 11000.0,
        "Net Income": 51489000.0,
        "Minority Interests": 0.0,
        "Net Income Including Noncontrolling Interests": 51489000.0,
        "Net Income Continuous Operations": 51489000.0,
        "Tax Provision": 17564000.0,
        "Pretax Income": 69053000.0,
        "Other Income Expense": -19363000.0,
        "Other Non Operating Income Expenses": -2787000.0,
        "Special Income Charges": -11109000.0,
        "Gain On Sale Of Business": NaN,
        "Restructuring And Mergern Acquisition": 4819000.0,
        "Gain On Sale Of Security": -5467000.0,
        "Net Non Operating Interest Income Expense": -3347000.0,
        "Interest Expense Non Operating": 7502000.0,
        "Operating Income": 91763000.0,
        "Operating Expense": 105489000.0,
        "Research And Development": 13995000.0,
        "Selling General And Administration": 91494000.0,
        "Gross Profit": 197252000.0,
        "Cost Of Revenue": 246002000.0,
        "Total Revenue": 443254000.0,
        "Operating Revenue": 443254000.0
    },
    "2022-09-30": {
        "Tax Effect Of Unusual Items": -1009519.222533,
        "Tax Rate For Calcs": 0.26032,
        "Normalized EBITDA": 84346000.0,
        "Total Unusual Items": -3878000.0,
        "Total Unusual Items Excluding Goodwill": -3878000.0,
        "Net Income From Continuing Operation Net Minority Interest": 44906000.0,
        "Reconciled Depreciation": 13796000.0,
        "Reconciled Cost Of Revenue": 212299000.0,
        "EBITDA": 80468000.0,
        "EBIT": 66672000.0,
        "Net Interest Income": -5962000.0,
        "Interest Expense": 5962000.0,
        "Normalized Income": 47774480.777467,
        "Net Income From Continuing And Discontinued Operation": 44906000.0,
        "Total Expenses": 309468000.0,
        "Total Operating Income As Reported": 64313000.0,
        "Diluted Average Shares": 39299000.0,
        "Basic Average Shares": 39172000.0,
        "Diluted EPS": 1.14,
        "Basic EPS": 1.15,
        "Diluted NI Availto Com Stockholders": 44906000.0,
        "Net Income Common Stockholders": 44906000.0,
        "Otherunder Preferred Stock Dividend": 8000.0,
        "Preferred Stock Dividends": 10000.0,
        "Net Income": 44906000.0,
        "Minority Interests": 0.0,
        "Net Income Including Noncontrolling Interests": 44906000.0,
        "Net Income Continuous Operations": 44906000.0,
        "Tax Provision": 15804000.0,
        "Pretax Income": 60710000.0,
        "Other Income Expense": -5554000.0,
        "Other Non Operating Income Expenses": -1676000.0,
        "Special Income Charges": -899000.0,
        "Gain On Sale Of Ppe": NaN,
        "Gain On Sale Of Business": NaN,
        "Restructuring And Mergern Acquisition": 899000.0,
        "Gain On Sale Of Security": -2979000.0,
        "Net Non Operating Interest Income Expense": -5962000.0,
        "Interest Expense Non Operating": 5962000.0,
        "Operating Income": 72226000.0,
        "Operating Expense": 97169000.0,
        "Research And Development": 14416000.0,
        "Selling General And Administration": 82753000.0,
        "Gross Profit": 169395000.0,
        "Cost Of Revenue": 212299000.0,
        "Total Revenue": 381694000.0,
        "Operating Revenue": 381694000.0
    },
    "2022-06-30": {
        "Tax Effect Of Unusual Items": 347282.0,
        "Tax Rate For Calcs": 0.247,
        "Normalized EBITDA": 80471000.0,
        "Total Unusual Items": 1406000.0,
        "Total Unusual Items Excluding Goodwill": 1406000.0,
        "Net Income From Continuing Operation Net Minority Interest": 47693000.0,
        "Reconciled Depreciation": 13922000.0,
        "Reconciled Cost Of Revenue": 207913000.0,
        "EBITDA": 81877000.0,
        "EBIT": 67955000.0,
        "Net Interest Income": -4578000.0,
        "Interest Expense": 4578000.0,
        "Normalized Income": 46634282.0,
        "Net Income From Continuing And Discontinued Operation": 47693000.0,
        "Total Expenses": 309257000.0,
        "Total Operating Income As Reported": 61536000.0,
        "Diluted Average Shares": 39421000.0,
        "Basic Average Shares": 39266000.0,
        "Diluted EPS": 1.21,
        "Basic EPS": 1.21,
        "Diluted NI Availto Com Stockholders": 47675000.0,
        "Net Income Common Stockholders": 47675000.0,
        "Otherunder Preferred Stock Dividend": 8000.0,
        "Preferred Stock Dividends": 10000.0,
        "Net Income": 47693000.0,
        "Minority Interests": 0.0,
        "Net Income Including Noncontrolling Interests": 47693000.0,
        "Net Income Continuous Operations": 47693000.0,
        "Tax Provision": 15684000.0,
        "Pretax Income": 63377000.0,
        "Other Income Expense": 4899000.0,
        "Other Non Operating Income Expenses": 3493000.0,
        "Special Income Charges": -57000.0,
        "Gain On Sale Of Ppe": NaN,
        "Gain On Sale Of Business": NaN,
        "Restructuring And Mergern Acquisition": 57000.0,
        "Gain On Sale Of Security": 1463000.0,
        "Net Non Operating Interest Income Expense": -4578000.0,
        "Interest Expense Non Operating": 4578000.0,
        "Operating Income": 63056000.0,
        "Operating Expense": 101344000.0,
        "Research And Development": 15268000.0,
        "Selling General And Administration": 86076000.0,
        "Gross Profit": 164400000.0,
        "Cost Of Revenue": 207913000.0,
        "Total Revenue": 372313000.0,
        "Operating Revenue": 372313000.0
    },
    "2022-03-31": {
        "Diluted EPS": 0.9,
        "Total Revenue": 331,
        "Gross Profit": 143,
        "Operating Income": 43,
        "EBIT": 57,
        "Net Income": 36
    },
    "2021-12-31": {
        "Diluted EPS": -1.56,
        "Total Revenue": 410,
        "Gross Profit": 178,
        "Operating Income": -89,
        "EBIT": -75,
        "Net Income": -62
    },
    "2021-09-30": {
        "Diluted EPS": 0.54,
        "Total Revenue": 340,
        "Gross Profit": 149,
        "Operating Income": 32,
        "EBIT": 47,
        "Net Income": 21
    },
    "2021-06-30": {
        "Diluted EPS": 0.64,
        "Total Revenue": 341,
        "Gross Profit": 153,
        "Operating Income": 35,
        "EBIT": 47,
        "Net Income": 25
    },
    "2021-03-31": {
        "Diluted EPS": 0.92,
        "Total Revenue": 308,
        "Gross Profit": 135,
        "Operating Income": 44,
        "EBIT": 55,
        "Net Income": 36
    },
    "2020-12-31": {
        "Diluted EPS": 0.41,
        "Total Revenue": 388,
        "Gross Profit": 164,
        "Operating Income": 24,
        "EBIT": 34,
        "Net Income": 16
    },
    "2020-09-30": {
        "Diluted EPS": 0.71,
        "Total Revenue": 304,
        "Gross Profit": 132,
        "Operating Income": 41,
        "EBIT": 51,
        "Net Income": 28
    },
    "2020-06-30": {
        "Diluted EPS": 0.92,
        "Total Revenue": 314,
        "Gross Profit": 142,
        "Operating Income": 48,
        "EBIT": 58,
        "Net Income": 36
    },
    "2020-03-31": {
        "Diluted EPS": 1.11,
        "Total Revenue": 341,
        "Gross Profit": 157,
        "Operating Income": 59,
        "EBIT": 68,
        "Net Income": 44
    },
    "2019-12-31": {
        "Diluted EPS": 0.84,
        "Total Revenue": 375,
        "Gross Profit": 169,
        "Operating Income": 42,
        "EBIT": 52,
        "Net Income": 32
    },
    "2019-09-30": {
        "Diluted EPS": 1.08,
        "Total Revenue": 351,
        "Gross Profit": 159,
        "Operating Income": 60,
        "EBIT": 69,
        "Net Income": 42
    },
    "2019-06-30": {
        "Diluted EPS": 1.01,
        "Total Revenue": 350,
        "Gross Profit": 161,
        "Operating Income": 54,
        "EBIT": 64,
        "Net Income": 40
    },
    "2019-03-31": {
        "Diluted EPS": 0.59,
        "Total Revenue": 326,
        "Gross Profit": 150,
        "Operating Income": 32,
        "EBIT": 41,
        "Net Income": 23
    },
    "2018-12-31": {
        "Diluted EPS": 0.64,
        "Total Revenue": 362,
        "Gross Profit": 162,
        "Operating Income": 42,
        "EBIT": 52,
        "Net Income": 25
    },
    "2018-09-30": {
        "Diluted EPS": 0.86,
        "Total Revenue": 331,
        "Gross Profit": 148,
        "Operating Income": 40,
        "EBIT": 49,
        "Net Income": 34
    },
    "2018-06-30": {
        "Diluted EPS": 0.85,
        "Total Revenue": 339,
        "Gross Profit": 154,
        "Operating Income": 47,
        "EBIT": 56,
        "Net Income": 33
    },
    "2018-03-31": {
        "Diluted EPS": 0.83,
        "Total Revenue": 326,
        "Gross Profit": 147,
        "Operating Income": 44,
        "EBIT": 54,
        "Net Income": 32
    },
    "2017-12-31": {
        "Diluted EPS": -0.85,
        "Total Revenue": 346,
        "Gross Profit": 154,
        "Operating Income": -32,
        "EBIT": -22,
        "Net Income": -33
    },
    "2017-09-30": {
        "Diluted EPS": 0.83,
        "Total Revenue": 296,
        "Gross Profit": 132,
        "Operating Income": 40,
        "EBIT": 50,
        "Net Income": 32
    },
    "2017-06-30": {
        "Diluted EPS": 0.32,
        "Total Revenue": 289,
        "Gross Profit": 133,
        "Operating Income": 13,
        "EBIT": 22,
        "Net Income": 13
    },
    "2017-03-31": {
        "Diluted EPS": 0.37,
        "Total Revenue": 266,
        "Gross Profit": 120,
        "Operating Income": 19,
        "EBIT": 27,
        "Net Income": 14
    },
    "2016-12-31": {
        "Diluted EPS": 0.66,
        "Total Revenue": 296,
        "Gross Profit": 137,
        "Operating Income": 44,
        "EBIT": 53,
        "Net Income": 25
    },
    "2016-09-30": {
        "Diluted EPS": 0.63,
        "Total Revenue": 278,
        "Gross Profit": 129,
        "Operating Income": 40,
        "EBIT": 49,
        "Net Income": 24
    },
    "2016-06-30": {
        "Diluted EPS": 0.82,
        "Total Revenue": 296,
        "Gross Profit": 136,
        "Operating Income": 48,
        "EBIT": 56,
        "Net Income": 31
    },
    "2016-03-31": {
        "Diluted EPS": 0.31,
        "Total Revenue": 279,
        "Gross Profit": 121,
        "Operating Income": 29,
        "EBIT": 38,
        "Net Income": 12
    },
    "2015-12-31": {
        "Diluted EPS": 0.56,
        "Total Revenue": 313,
        "Gross Profit": 133,
        "Operating Income": 31,
        "EBIT": 40,
        "Net Income": 21
    },
    "2015-09-30": {
        "Diluted EPS": 0.42,
        "Total Revenue": 274,
        "Gross Profit": 120,
        "Operating Income": 26,
        "EBIT": 33,
        "Net Income": 16
    },
    "2015-06-30": {
        "Diluted EPS": 0.63,
        "Total Revenue": 287,
        "Gross Profit": 130,
        "Operating Income": 40,
        "EBIT": 49,
        "Net Income": 24
    },
    "2015-03-31": {
        "Diluted EPS": 0.26,
        "Total Revenue": 257,
        "Gross Profit": 117,
        "Operating Income": 25,
        "EBIT": 32,
        "Net Income": 10
    },
    "2014-12-31": {
        "Diluted EPS": 0.86,
        "Total Revenue": 310,
        "Gross Profit": 139,
        "Operating Income": 40,
        "EBIT": 48,
        "Net Income": 33
    },
    "2014-09-30": {
        "Diluted EPS": 0.51,
        "Total Revenue": 276,
        "Gross Profit": 124,
        "Operating Income": 34,
        "EBIT": 41,
        "Net Income": 19
    },
    "2014-06-30": {
        "Diluted EPS": 0.59,
        "Total Revenue": 283,
        "Gross Profit": 130,
        "Operating Income": 35,
        "EBIT": 43,
        "Net Income": 22
    },
    "2014-03-31": {
        "Diluted EPS": 0.37,
        "Total Revenue": 265,
        "Gross Profit": 122,
        "Operating Income": 26,
        "EBIT": 33,
        "Net Income": 14
    },
    "2013-12-31": {
        "Diluted EPS": 0.67,
        "Total Revenue": 290,
        "Gross Profit": 129,
        "Operating Income": 40,
        "EBIT": 48,
        "Net Income": 25
    },
    "2013-09-30": {
        "Diluted EPS": 0.52,
        "Total Revenue": 266,
        "Gross Profit": 116,
        "Operating Income": 32,
        "EBIT": 40,
        "Net Income": 20
    },
    "2013-06-30": {
        "Diluted EPS": 0.64,
        "Total Revenue": 286,
        "Gross Profit": 130,
        "Operating Income": 40,
        "EBIT": 48,
        "Net Income": 24
    },
    "2013-03-31": {
        "Diluted EPS": 0.51,
        "Total Revenue": 270,
        "Gross Profit": 122,
        "Operating Income": 29,
        "EBIT": 37,
        "Net Income": 19
    },
    "2012-12-31": {
        "Diluted EPS": 0.52,
        "Total Revenue": 238,
        "Gross Profit": 120,
        "Operating Income": 32,
        "EBIT": 40,
        "Net Income": 19
    },
    "2012-09-30": {
        "Diluted EPS": 0.51,
        "Total Revenue": 287,
        "Gross Profit": 122,
        "Operating Income": 31,
        "EBIT": 39,
        "Net Income": 19
    },
    "2012-06-30": {
        "Diluted EPS": 0.75,
        "Total Revenue": 303,
        "Gross Profit": 131,
        "Operating Income": 43,
        "EBIT": 51,
        "Net Income": 28
    },
    "2012-03-31": {
        "Diluted EPS": 0.64,
        "Total Revenue": 293,
        "Gross Profit": 127,
        "Operating Income": 41,
        "EBIT": 49,
        "Net Income": 24
    },
    "2011-12-31": {
        "Diluted EPS": 0.44,
        "Total Revenue": 244,
        "Gross Profit": 109,
        "Operating Income": 29,
        "EBIT": 37,
        "Net Income": 17
    },
    "2011-09-30": {
        "Diluted EPS": 0.54,
        "Total Revenue": 301,
        "Gross Profit": 123,
        "Operating Income": 35,
        "EBIT": 43,
        "Net Income": 20
    },
    "2011-06-30": {
        "Diluted EPS": 0.53,
        "Total Revenue": 296,
        "Gross Profit": 120,
        "Operating Income": 35,
        "EBIT": 43,
        "Net Income": 19
    },
    "2011-03-31": {
        "Diluted EPS": 0.36,
        "Total Revenue": 277,
        "Gross Profit": 111,
        "Operating Income": 28,
        "EBIT": 36,
        "Net Income": 13
    },
    "2010-12-31": {
        "Diluted EPS": 0.33,
        "Total Revenue": 289,
        "Gross Profit": 110,
        "Operating Income": 23,
        "EBIT": 31,
        "Net Income": 11
    },
    "2010-09-30": {
        "Diluted EPS": 0.26,
        "Total Revenue": 243,
        "Gross Profit": 92,
        "Operating Income": 23,
        "EBIT": 29,
        "Net Income": 10
    },
    "2010-06-30": {
        "Diluted EPS": 0.32,
        "Total Revenue": 237,
        "Gross Profit": 90,
        "Operating Income": 21,
        "EBIT": 28,
        "Net Income": 12
    },
    "2010-03-31": {
        "Diluted EPS": 0.14,
        "Total Revenue": 214,
        "Gross Profit": 84,
        "Operating Income": 14,
        "EBIT": 21,
        "Net Income": 5
    },
    "2009-12-31": {
        "Diluted EPS": 0.36,
        "Total Revenue": 240,
        "Gross Profit": 89,
        "Operating Income": 21,
        "EBIT": 28,
        "Net Income": 12
    },
    "2009-09-30": {
        "Diluted EPS": 0.3,
        "Total Revenue": 229,
        "Gross Profit": 83,
        "Operating Income": 19,
        "EBIT": 26,
        "Net Income": 11
    },
    "2009-06-30": {
        "Diluted EPS": 0.35,
        "Total Revenue": 228,
        "Gross Profit": 86,
        "Operating Income": 23,
        "EBIT": 29,
        "Net Income": 12
    },
    "2009-03-31": {
        "Diluted EPS": 0.2,
        "Total Revenue": 219,
        "Gross Profit": 84,
        "Operating Income": 20,
        "EBIT": 27,
        "Net Income": 7
    },
    "2023-09-30": {
        "Tax Effect Of Unusual Items": -1223936.0,
        "Tax Rate For Calcs": 0.256,
        "Normalized EBITDA": 120445000.0,
        "Total Unusual Items": -4781000.0,
        "Total Unusual Items Excluding Goodwill": -4781000.0,
        "Net Income From Continuing Operation Net Minority Interest": 65256000.0,
        "Reconciled Depreciation": 15504000.0,
        "Reconciled Cost Of Revenue": 227967000.0,
        "EBITDA": 115664000.0,
        "EBIT": 100160000.0,
        "Net Interest Income": -12498000.0,
        "Interest Expense": 12498000.0,
        "Normalized Income": 68813064.0,
        "Net Income From Continuing And Discontinued Operation": 65256000.0,
        "Total Expenses": 347824000.0,
        "Total Operating Income As Reported": 94123000.0,
        "Diluted Average Shares": 39450000.0,
        "Basic Average Shares": 39303000.0,
        "Diluted EPS": 1.65,
        "Basic EPS": 1.66,
        "Diluted NI Availto Com Stockholders": 65238000.0,
        "Net Income Common Stockholders": 65238000.0,
        "Otherunder Preferred Stock Dividend": 8000.0,
        "Preferred Stock Dividends": 10000.0,
        "Net Income": 65256000.0,
        "Net Income Including Noncontrolling Interests": 65256000.0,
        "Net Income Continuous Operations": 65256000.0,
        "Tax Provision": 22406000.0,
        "Pretax Income": 87662000.0,
        "Other Income Expense": 1256000.0,
        "Other Non Operating Income Expenses": 6037000.0,
        "Special Income Charges": -3285000.0,
        "Gain On Sale Of Business": 0.0,
        "Restructuring And Mergern Acquisition": 3285000.0,
        "Gain On Sale Of Security": -1496000.0,
        "Net Non Operating Interest Income Expense": -12498000.0,
        "Interest Expense Non Operating": 12498000.0,
        "Operating Income": 98904000.0,
        "Operating Expense": 119857000.0,
        "Research And Development": 17682000.0,
        "Selling General And Administration": 102175000.0,
        "Gross Profit": 218761000.0,
        "Cost Of Revenue": 227967000.0,
        "Total Revenue": 446728000.0,
        "Operating Revenue": 446728000.0
    },
    "2023-12-31": {
        "Tax Effect Of Unusual Items": -2299209.004835,
        "Tax Rate For Calcs": 0.230359,
        "Normalized EBITDA": 134653000.0,
        "Total Unusual Items": -9981000.0,
        "Total Unusual Items Excluding Goodwill": -9981000.0,
        "Net Income From Continuing Operation Net Minority Interest": 76410000.0,
        "Reconciled Depreciation": 15808000.0,
        "Reconciled Cost Of Revenue": 257174000.0,
        "EBITDA": 124672000.0,
        "EBIT": 108864000.0,
        "Net Interest Income": -1400000.0,
        "Interest Expense": 9584000.0,
        "Normalized Income": 84091790.995165,
        "Net Income From Continuing And Discontinued Operation": 76410000.0,
        "Total Expenses": 383299000.0,
        "Total Operating Income As Reported": 102250000.0,
        "Diluted Average Shares": 39541000.0,
        "Basic Average Shares": 39339000.0,
        "Diluted EPS": 1.93,
        "Basic EPS": 1.94,
        "Diluted NI Availto Com Stockholders": 76389000.0,
        "Net Income Common Stockholders": 76389000.0,
        "Otherunder Preferred Stock Dividend": 10000.0,
        "Preferred Stock Dividends": 11000.0,
        "Net Income": 76410000.0,
        "Net Income Including Noncontrolling Interests": 76410000.0,
        "Net Income Continuous Operations": 76410000.0,
        "Tax Provision": 22870000.0,
        "Pretax Income": 99280000.0,
        "Other Income Expense": -11378000.0,
        "Other Non Operating Income Expenses": -1397000.0,
        "Special Income Charges": -1683000.0,
        "Gain On Sale Of Business": 0.0,
        "Restructuring And Mergern Acquisition": 1510000.0,
        "Gain On Sale Of Security": -8298000.0,
        "Net Non Operating Interest Income Expense": -1400000.0,
        "Interest Expense Non Operating": 9584000.0,
        "Operating Income": 112058000.0,
        "Operating Expense": 126125000.0,
        "Research And Development": 19082000.0,
        "Selling General And Administration": 107043000.0,
        "Gross Profit": 238183000.0,
        "Cost Of Revenue": 257174000.0,
        "Total Revenue": 495357000.0,
        "Operating Revenue": 495357000.0
    },
    "2024-03-31": {
        "Tax Effect Of Unusual Items": -1235850.0,
        "Tax Rate For Calcs": 0.231,
        "Normalized EBITDA": 107256000.0,
        "Total Unusual Items": -5350000.0,
        "Total Unusual Items Excluding Goodwill": -5350000.0,
        "Net Income From Continuing Operation Net Minority Interest": 58139000.0,
        "Reconciled Depreciation": 15559000.0,
        "Reconciled Cost Of Revenue": 217771000.0,
        "EBITDA": 101906000.0,
        "EBIT": 86347000.0,
        "Net Interest Income": -10740000.0,
        "Interest Expense": 10740000.0,
        "Normalized Income": 62253150.0,
        "Net Income From Continuing And Discontinued Operation": 58139000.0,
        "Total Expenses": 327840000.0,
        "Total Operating Income As Reported": 80112000.0,
        "Diluted Average Shares": 39556000.0,
        "Basic Average Shares": 39360000.0,
        "Diluted EPS": 1.47,
        "Basic EPS": 1.48,
        "Diluted NI Availto Com Stockholders": 58122000.0,
        "Net Income Common Stockholders": 58122000.0,
        "Otherunder Preferred Stock Dividend": 7000.0,
        "Preferred Stock Dividends": 10000.0,
        "Net Income": 58139000.0,
        "Net Income Including Noncontrolling Interests": 58139000.0,
        "Net Income Continuous Operations": 58139000.0,
        "Tax Provision": 17468000.0,
        "Pretax Income": 75607000.0,
        "Other Income Expense": 885000.0,
        "Other Non Operating Income Expenses": 6235000.0,
        "Special Income Charges": -3017000.0,
        "Gain On Sale Of Business": 0.0,
        "Restructuring And Mergern Acquisition": 3017000.0,
        "Gain On Sale Of Security": -2333000.0,
        "Net Non Operating Interest Income Expense": -10740000.0,
        "Interest Expense Non Operating": 10740000.0,
        "Operating Income": 85462000.0,
        "Operating Expense": 110069000.0,
        "Research And Development": 15919000.0,
        "Selling General And Administration": 94150000.0,
        "Gross Profit": 195531000.0,
        "Cost Of Revenue": 217771000.0,
        "Total Revenue": 413302000.0,
        "Operating Revenue": 413302000.0
    }
}