{
    "2023-03-31": {
        "Tax Effect Of Unusual Items": NaN,
        "Tax Rate For Calcs": NaN,
        "Total Unusual Items": 0.0,
        "Total Unusual Items Excluding Goodwill": 0.0,
        "Net Income From Continuing Operation Net Minority Interest": NaN,
        "Reconciled Depreciation": NaN,
        "Net Interest Income": NaN,
        "Interest Expense": NaN,
        "Interest Income": NaN,
        "Normalized Income": NaN,
        "Net Income From Continuing And Discontinued Operation": NaN,
        "Diluted Average Shares": 22501970.0,
        "Basic Average Shares": 22478808.0,
        "Diluted EPS": 0.86,
        "Basic EPS": 0.86,
        "Diluted NI Availto Com Stockholders": NaN,
        "Average Dilution Earnings": 0.0,
        "Net Income Common Stockholders": NaN,
        "Otherunder Preferred Stock Dividend": NaN,
        "Preferred Stock Dividends": NaN,
        "Net Income": NaN,
        "Net Income Including Noncontrolling Interests": NaN,
        "Net Income Continuous Operations": NaN,
        "Tax Provision": NaN,
        "Pretax Income": NaN,
        "Special Income Charges": 0.0,
        "Write Off": 0.0,
        "Gain On Sale Of Security": NaN,
        "Depreciation Amortization Depletion Income Statement": NaN,
        "Depreciation And Amortization In Income Statement": NaN,
        "Amortization": NaN,
        "Amortization Of Intangibles Income Statement": NaN,
        "Selling General And Administration": NaN,
        "Selling And Marketing Expense": NaN,
        "General And Administrative Expense": NaN,
        "Insurance And Claims": NaN,
        "Salaries And Wages": NaN,
        "Total Revenue": NaN,
        "Operating Revenue": NaN,
        "Occupancy And Equipment": NaN,
        "Professional Expense And Contract Services Expense": NaN,
        "Other Non Interest Expense": NaN
    },
    "2022-12-31": {
        "Tax Effect Of Unusual Items": NaN,
        "Tax Rate For Calcs": NaN,
        "Total Unusual Items": -3250000.0,
        "Total Unusual Items Excluding Goodwill": -3250000.0,
        "Net Income From Continuing Operation Net Minority Interest": NaN,
        "Reconciled Depreciation": NaN,
        "Net Interest Income": NaN,
        "Interest Expense": NaN,
        "Interest Income": NaN,
        "Normalized Income": NaN,
        "Net Income From Continuing And Discontinued Operation": NaN,
        "Diluted Average Shares": NaN,
        "Basic Average Shares": NaN,
        "Diluted EPS": NaN,
        "Basic EPS": NaN,
        "Diluted NI Availto Com Stockholders": NaN,
        "Average Dilution Earnings": NaN,
        "Net Income Common Stockholders": NaN,
        "Otherunder Preferred Stock Dividend": NaN,
        "Preferred Stock Dividends": NaN,
        "Net Income": NaN,
        "Net Income Including Noncontrolling Interests": NaN,
        "Net Income Continuous Operations": NaN,
        "Tax Provision": NaN,
        "Pretax Income": NaN,
        "Special Income Charges": -3250000.0,
        "Write Off": 0.0,
        "Gain On Sale Of Security": NaN,
        "Depreciation Amortization Depletion Income Statement": NaN,
        "Depreciation And Amortization In Income Statement": NaN,
        "Amortization": NaN,
        "Amortization Of Intangibles Income Statement": NaN,
        "Selling General And Administration": NaN,
        "Selling And Marketing Expense": NaN,
        "General And Administrative Expense": NaN,
        "Insurance And Claims": NaN,
        "Salaries And Wages": NaN,
        "Total Revenue": NaN,
        "Operating Revenue": NaN,
        "Occupancy And Equipment": NaN,
        "Professional Expense And Contract Services Expense": NaN,
        "Other Non Interest Expense": NaN
    },
    "2022-09-30": {
        "Tax Effect Of Unusual Items": NaN,
        "Tax Rate For Calcs": NaN,
        "Total Unusual Items": NaN,
        "Total Unusual Items Excluding Goodwill": NaN,
        "Net Income From Continuing Operation Net Minority Interest": NaN,
        "Reconciled Depreciation": NaN,
        "Net Interest Income": NaN,
        "Interest Expense": NaN,
        "Interest Income": NaN,
        "Normalized Income": NaN,
        "Net Income From Continuing And Discontinued Operation": NaN,
        "Diluted Average Shares": 22390438.0,
        "Basic Average Shares": 22338828.0,
        "Diluted EPS": 1.04,
        "Basic EPS": 1.04,
        "Diluted NI Availto Com Stockholders": NaN,
        "Average Dilution Earnings": NaN,
        "Net Income Common Stockholders": NaN,
        "Otherunder Preferred Stock Dividend": NaN,
        "Preferred Stock Dividends": NaN,
        "Net Income": NaN,
        "Net Income Including Noncontrolling Interests": NaN,
        "Net Income Continuous Operations": NaN,
        "Tax Provision": NaN,
        "Pretax Income": NaN,
        "Special Income Charges": NaN,
        "Write Off": NaN,
        "Gain On Sale Of Security": NaN,
        "Depreciation Amortization Depletion Income Statement": NaN,
        "Depreciation And Amortization In Income Statement": NaN,
        "Amortization": NaN,
        "Amortization Of Intangibles Income Statement": NaN,
        "Selling General And Administration": NaN,
        "Selling And Marketing Expense": NaN,
        "General And Administrative Expense": NaN,
        "Other Gand A": 6680000.0,
        "Insurance And Claims": NaN,
        "Salaries And Wages": NaN,
        "Total Revenue": NaN,
        "Operating Revenue": NaN
    },
    "2022-06-30": {
        "Tax Effect Of Unusual Items": -217019.096925,
        "Tax Rate For Calcs": 0.249734,
        "Total Unusual Items": -869000.0,
        "Total Unusual Items Excluding Goodwill": -869000.0,
        "Net Income From Continuing Operation Net Minority Interest": 21883000.0,
        "Reconciled Depreciation": 3709000.0,
        "Net Interest Income": 61334000.0,
        "Interest Expense": 7902000.0,
        "Interest Income": 69236000.0,
        "Normalized Income": 22534980.903075,
        "Net Income From Continuing And Discontinued Operation": 21883000.0,
        "Diluted Average Shares": 22360819.0,
        "Basic Average Shares": 22305590.0,
        "Diluted EPS": 0.97,
        "Basic EPS": 0.97,
        "Diluted NI Availto Com Stockholders": 21640000.0,
        "Average Dilution Earnings": 1000.0,
        "Net Income Common Stockholders": 21639000.0,
        "Otherunder Preferred Stock Dividend": 244000.0,
        "Preferred Stock Dividends": NaN,
        "Net Income": 21883000.0,
        "Net Income Including Noncontrolling Interests": 21883000.0,
        "Net Income Continuous Operations": 21883000.0,
        "Tax Provision": 7284000.0,
        "Pretax Income": 29167000.0,
        "Special Income Charges": -869000.0,
        "Write Off": 869000.0,
        "Gain On Sale Of Security": -101000.0,
        "Depreciation Amortization Depletion Income Statement": 1318000.0,
        "Depreciation And Amortization In Income Statement": 1318000.0,
        "Amortization": 1318000.0,
        "Amortization Of Intangibles Income Statement": 1318000.0,
        "Selling General And Administration": 30095000.0,
        "Selling And Marketing Expense": 733000.0,
        "General And Administrative Expense": 29362000.0,
        "Other Gand A": 6717000.0,
        "Insurance And Claims": NaN,
        "Salaries And Wages": 22645000.0,
        "Total Revenue": 76816000.0,
        "Operating Revenue": 76816000.0
    },
    "2023-06-30": {
        "Tax Effect Of Unusual Items": 0.0,
        "Tax Rate For Calcs": 0.251,
        "Total Unusual Items": 0.0,
        "Total Unusual Items Excluding Goodwill": 0.0,
        "Net Income From Continuing Operation Net Minority Interest": 21575000.0,
        "Reconciled Depreciation": 2926000.0,
        "Net Interest Income": 58840000.0,
        "Interest Expense": 41651000.0,
        "Interest Income": 100491000.0,
        "Normalized Income": 21575000.0,
        "Net Income From Continuing And Discontinued Operation": 21575000.0,
        "Diluted Average Shares": 22205079.0,
        "Basic Average Shares": 22200917.0,
        "Diluted EPS": 0.86,
        "Basic EPS": 0.86,
        "Diluted NI Availto Com Stockholders": 19118000.0,
        "Average Dilution Earnings": 0.0,
        "Net Income Common Stockholders": 19118000.0,
        "Otherunder Preferred Stock Dividend": 229000.0,
        "Preferred Stock Dividends": 2228000.0,
        "Net Income": 21575000.0,
        "Net Income Including Noncontrolling Interests": 21575000.0,
        "Net Income Continuous Operations": 21575000.0,
        "Tax Provision": 7245000.0,
        "Pretax Income": 28820000.0,
        "Special Income Charges": 0.0,
        "Write Off": 0.0,
        "Gain On Sale Of Security": -869000.0,
        "Depreciation Amortization Depletion Income Statement": 1208000.0,
        "Depreciation And Amortization In Income Statement": 1208000.0,
        "Amortization": 1208000.0,
        "Amortization Of Intangibles Income Statement": 1208000.0,
        "Selling General And Administration": 24723000.0,
        "Selling And Marketing Expense": 670000.0,
        "General And Administrative Expense": 24053000.0,
        "Insurance And Claims": 1196000.0,
        "Salaries And Wages": 22857000.0,
        "Total Revenue": 76173000.0,
        "Operating Revenue": 76173000.0,
        "Occupancy And Equipment": 3879000.0,
        "Professional Expense And Contract Services Expense": 1663000.0,
        "Other Non Interest Expense": 10001000.0
    },
    "2022-03-31": {
        "Diluted EPS": 0.92,
        "Total Revenue": 78,
        "Gross Profit": 72,
        "Operating Income": 27,
        "EBIT": NaN,
        "Net Income": 21
    },
    "2021-12-31": {
        "Diluted EPS": 1.02,
        "Total Revenue": 83,
        "Gross Profit": 77,
        "Operating Income": 40,
        "EBIT": NaN,
        "Net Income": 23
    },
    "2021-09-30": {
        "Diluted EPS": 0.86,
        "Total Revenue": 74,
        "Gross Profit": 67,
        "Operating Income": 25,
        "EBIT": NaN,
        "Net Income": 20
    },
    "2021-06-30": {
        "Diluted EPS": 0.88,
        "Total Revenue": 76,
        "Gross Profit": 68,
        "Operating Income": 19,
        "EBIT": NaN,
        "Net Income": 20
    },
    "2021-03-31": {
        "Diluted EPS": 0.81,
        "Total Revenue": 75,
        "Gross Profit": 67,
        "Operating Income": 24,
        "EBIT": NaN,
        "Net Income": 19
    },
    "2020-12-31": {
        "Diluted EPS": 0.36,
        "Total Revenue": 77,
        "Gross Profit": 68,
        "Operating Income": 18,
        "EBIT": NaN,
        "Net Income": 8
    },
    "2020-09-30": {
        "Diluted EPS": 0.0,
        "Total Revenue": 79,
        "Gross Profit": 69,
        "Operating Income": 16,
        "EBIT": NaN,
        "Net Income": 0
    },
    "2020-06-30": {
        "Diluted EPS": 0.53,
        "Total Revenue": 80,
        "Gross Profit": 68,
        "Operating Income": 16,
        "EBIT": NaN,
        "Net Income": 13
    },
    "2020-03-31": {
        "Diluted EPS": 0.06,
        "Total Revenue": 70,
        "Gross Profit": 55,
        "Operating Income": 2,
        "EBIT": NaN,
        "Net Income": 2
    },
    "2019-12-31": {
        "Diluted EPS": 0.51,
        "Total Revenue": 83,
        "Gross Profit": 68,
        "Operating Income": 15,
        "EBIT": NaN,
        "Net Income": 13
    },
    "2019-09-30": {
        "Diluted EPS": 0.51,
        "Total Revenue": 85,
        "Gross Profit": 69,
        "Operating Income": 20,
        "EBIT": NaN,
        "Net Income": 13
    },
    "2019-06-30": {
        "Diluted EPS": 0.67,
        "Total Revenue": 80,
        "Gross Profit": 66,
        "Operating Income": 21,
        "EBIT": NaN,
        "Net Income": 16
    },
    "2019-03-31": {
        "Diluted EPS": 0.57,
        "Total Revenue": 77,
        "Gross Profit": 63,
        "Operating Income": 18,
        "EBIT": NaN,
        "Net Income": 14
    },
    "2018-12-31": {
        "Diluted EPS": 0.71,
        "Total Revenue": 83,
        "Gross Profit": 70,
        "Operating Income": 19,
        "EBIT": NaN,
        "Net Income": 16
    },
    "2018-09-30": {
        "Diluted EPS": 0.35,
        "Total Revenue": 75,
        "Gross Profit": 63,
        "Operating Income": 11,
        "EBIT": NaN,
        "Net Income": 8
    },
    "2018-06-30": {
        "Diluted EPS": 0.52,
        "Total Revenue": 74,
        "Gross Profit": 64,
        "Operating Income": 16,
        "EBIT": NaN,
        "Net Income": 13
    },
    "2018-03-31": {
        "Diluted EPS": 0.08,
        "Total Revenue": 63,
        "Gross Profit": 55,
        "Operating Income": 3,
        "EBIT": NaN,
        "Net Income": 2
    },
    "2017-12-31": {
        "Diluted EPS": 0.05,
        "Total Revenue": 58,
        "Gross Profit": 50,
        "Operating Income": 8,
        "EBIT": NaN,
        "Net Income": 2
    },
    "2017-09-30": {
        "Diluted EPS": 0.1,
        "Total Revenue": 59,
        "Gross Profit": 52,
        "Operating Income": 2,
        "EBIT": NaN,
        "Net Income": 2
    },
    "2017-06-30": {
        "Diluted EPS": 0.2,
        "Total Revenue": 48,
        "Gross Profit": 43,
        "Operating Income": 5,
        "EBIT": NaN,
        "Net Income": 4
    },
    "2017-03-31": {
        "Diluted EPS": 0.52,
        "Total Revenue": 48,
        "Gross Profit": 44,
        "Operating Income": 11,
        "EBIT": NaN,
        "Net Income": 8
    },
    "2016-12-31": {
        "Diluted EPS": 0.74,
        "Total Revenue": 60,
        "Gross Profit": 56,
        "Operating Income": 20,
        "EBIT": NaN,
        "Net Income": 11
    },
    "2016-09-30": {
        "Diluted EPS": 0.51,
        "Total Revenue": 46,
        "Gross Profit": 42,
        "Operating Income": 12,
        "EBIT": NaN,
        "Net Income": 8
    },
    "2016-06-30": {
        "Diluted EPS": 0.5,
        "Total Revenue": 46,
        "Gross Profit": 42,
        "Operating Income": 10,
        "EBIT": NaN,
        "Net Income": 7
    },
    "2016-03-31": {
        "Diluted EPS": 0.42,
        "Total Revenue": 41,
        "Gross Profit": 37,
        "Operating Income": 8,
        "EBIT": NaN,
        "Net Income": 5
    },
    "2015-12-31": {
        "Diluted EPS": 0.63,
        "Total Revenue": 43,
        "Gross Profit": 39,
        "Operating Income": 5,
        "EBIT": NaN,
        "Net Income": 8
    },
    "2015-09-30": {
        "Diluted EPS": 0.28,
        "Total Revenue": 43,
        "Gross Profit": 40,
        "Operating Income": 5,
        "EBIT": NaN,
        "Net Income": 3
    },
    "2015-06-30": {
        "Diluted EPS": 0.55,
        "Total Revenue": 45,
        "Gross Profit": 43,
        "Operating Income": 9,
        "EBIT": NaN,
        "Net Income": 7
    },
    "2015-03-31": {
        "Diluted EPS": 0.54,
        "Total Revenue": 45,
        "Gross Profit": 43,
        "Operating Income": 10,
        "EBIT": NaN,
        "Net Income": 6
    },
    "2014-12-31": {
        "Diluted EPS": 0.0,
        "Total Revenue": NaN,
        "Gross Profit": NaN,
        "Operating Income": NaN,
        "EBIT": NaN,
        "Net Income": NaN
    },
    "2013-12-31": {
        "Diluted EPS": 0.0,
        "Total Revenue": NaN,
        "Gross Profit": NaN,
        "Operating Income": NaN,
        "EBIT": NaN,
        "Net Income": NaN
    },
    "2023-09-30": {
        "Tax Effect Of Unusual Items": 0.0,
        "Tax Rate For Calcs": 0.39,
        "Total Unusual Items": 0.0,
        "Total Unusual Items Excluding Goodwill": 0.0,
        "Net Income From Continuing Operation Net Minority Interest": 18042000.0,
        "Reconciled Depreciation": 3363000.0,
        "Net Interest Income": 58596000.0,
        "Interest Expense": 44989000.0,
        "Interest Income": 103585000.0,
        "Normalized Income": 18042000.0,
        "Net Income From Continuing And Discontinued Operation": 18042000.0,
        "Diluted Average Shares": 21977196.0,
        "Basic Average Shares": 21970372.0,
        "Diluted EPS": 0.71,
        "Basic EPS": 0.71,
        "Diluted NI Availto Com Stockholders": 15632000.0,
        "Average Dilution Earnings": 0.0,
        "Net Income Common Stockholders": 15632000.0,
        "Otherunder Preferred Stock Dividend": 181000.0,
        "Preferred Stock Dividends": 2229000.0,
        "Net Income": 18042000.0,
        "Net Income Including Noncontrolling Interests": 18042000.0,
        "Net Income Continuous Operations": 18042000.0,
        "Tax Provision": 11533000.0,
        "Pretax Income": 29575000.0,
        "Special Income Charges": 0.0,
        "Write Off": 0.0,
        "Gain On Sale Of Security": -4961000.0,
        "Depreciation Amortization Depletion Income Statement": 1129000.0,
        "Depreciation And Amortization In Income Statement": 1129000.0,
        "Amortization": 1129000.0,
        "Amortization Of Intangibles Income Statement": 1129000.0,
        "Selling General And Administration": 24364000.0,
        "Selling And Marketing Expense": 950000.0,
        "General And Administrative Expense": 23414000.0,
        "Insurance And Claims": 1107000.0,
        "Salaries And Wages": 22307000.0,
        "Total Revenue": 75915000.0,
        "Operating Revenue": 75915000.0,
        "Occupancy And Equipment": 3730000.0,
        "Professional Expense And Contract Services Expense": 1554000.0,
        "Other Non Interest Expense": 10395000.0
    },
    "2023-12-31": {
        "Tax Effect Of Unusual Items": 0.0,
        "Tax Rate For Calcs": 0.314011,
        "Total Unusual Items": 0.0,
        "Total Unusual Items Excluding Goodwill": 0.0,
        "Net Income From Continuing Operation Net Minority Interest": 14071000.0,
        "Reconciled Depreciation": 3424000.0,
        "Net Interest Income": 58077000.0,
        "Interest Expense": 46604000.0,
        "Interest Income": 104681000.0,
        "Normalized Income": 14071000.0,
        "Net Income From Continuing And Discontinued Operation": 14071000.0,
        "Diluted Average Shares": NaN,
        "Basic Average Shares": NaN,
        "Diluted EPS": NaN,
        "Basic EPS": NaN,
        "Diluted NI Availto Com Stockholders": 11580000.0,
        "Average Dilution Earnings": 0.0,
        "Net Income Common Stockholders": 11580000.0,
        "Otherunder Preferred Stock Dividend": 263000.0,
        "Preferred Stock Dividends": 2228000.0,
        "Net Income": 14071000.0,
        "Net Income Including Noncontrolling Interests": 14071000.0,
        "Net Income Continuous Operations": 14071000.0,
        "Tax Provision": 6441000.0,
        "Pretax Income": 20512000.0,
        "Special Income Charges": 0.0,
        "Write Off": 0.0,
        "Gain On Sale Of Security": -2894000.0,
        "Depreciation Amortization Depletion Income Statement": 1130000.0,
        "Depreciation And Amortization In Income Statement": 1130000.0,
        "Amortization": 1130000.0,
        "Amortization Of Intangibles Income Statement": 1130000.0,
        "Selling General And Administration": 26013000.0,
        "Selling And Marketing Expense": 835000.0,
        "General And Administrative Expense": 25178000.0,
        "Insurance And Claims": 1147000.0,
        "Salaries And Wages": 24031000.0,
        "Total Revenue": 70848000.0,
        "Operating Revenue": 70848000.0,
        "Occupancy And Equipment": 3934000.0,
        "Professional Expense And Contract Services Expense": 2072000.0,
        "Other Non Interest Expense": 10237000.0
    },
    "2024-03-31": {
        "Tax Effect Of Unusual Items": 0.0,
        "Tax Rate For Calcs": 0.239,
        "Total Unusual Items": NaN,
        "Total Unusual Items Excluding Goodwill": NaN,
        "Net Income From Continuing Operation Net Minority Interest": 13885000.0,
        "Reconciled Depreciation": 3398000.0,
        "Net Interest Income": 55920000.0,
        "Interest Expense": 45755000.0,
        "Interest Income": 101675000.0,
        "Normalized Income": 13885000.0,
        "Net Income From Continuing And Discontinued Operation": 13885000.0,
        "Diluted Average Shares": 21787691.0,
        "Basic Average Shares": 21774647.0,
        "Diluted EPS": 0.53,
        "Basic EPS": 0.53,
        "Diluted NI Availto Com Stockholders": 11476000.0,
        "Average Dilution Earnings": 0.0,
        "Net Income Common Stockholders": 11476000.0,
        "Otherunder Preferred Stock Dividend": 181000.0,
        "Preferred Stock Dividends": 2228000.0,
        "Net Income": 13885000.0,
        "Net Income Including Noncontrolling Interests": 13885000.0,
        "Net Income Continuous Operations": 13885000.0,
        "Tax Provision": 4355000.0,
        "Pretax Income": 18240000.0,
        "Special Income Charges": NaN,
        "Write Off": NaN,
        "Gain On Sale Of Security": 0.0,
        "Depreciation Amortization Depletion Income Statement": 1089000.0,
        "Depreciation And Amortization In Income Statement": 1089000.0,
        "Amortization": 1089000.0,
        "Amortization Of Intangibles Income Statement": 1089000.0,
        "Selling General And Administration": 26113000.0,
        "Selling And Marketing Expense": 737000.0,
        "General And Administrative Expense": 25376000.0,
        "Insurance And Claims": 1274000.0,
        "Salaries And Wages": 24102000.0,
        "Total Revenue": 75876000.0,
        "Operating Revenue": 75876000.0,
        "Occupancy And Equipment": 4142000.0,
        "Professional Expense And Contract Services Expense": 2255000.0,
        "Other Non Interest Expense": 10037000.0
    },
    "2024-06-30": {
        "Tax Effect Of Unusual Items": 0.0,
        "Tax Rate For Calcs": 0.199193,
        "Total Unusual Items": NaN,
        "Total Unusual Items Excluding Goodwill": NaN,
        "Net Income From Continuing Operation Net Minority Interest": 6750000.0,
        "Reconciled Depreciation": 3339000.0,
        "Net Interest Income": 55052000.0,
        "Interest Expense": 48243000.0,
        "Interest Income": 103295000.0,
        "Normalized Income": 6750000.0,
        "Net Income From Continuing And Discontinued Operation": 6750000.0,
        "Diluted Average Shares": 21734849.0,
        "Basic Average Shares": 21731195.0,
        "Diluted EPS": 0.2,
        "Basic EPS": 0.2,
        "Diluted NI Availto Com Stockholders": 4419000.0,
        "Average Dilution Earnings": NaN,
        "Net Income Common Stockholders": 4419000.0,
        "Otherunder Preferred Stock Dividend": 103000.0,
        "Preferred Stock Dividends": 2228000.0,
        "Net Income": 6750000.0,
        "Net Income Including Noncontrolling Interests": 6750000.0,
        "Net Income Continuous Operations": 6750000.0,
        "Tax Provision": 1679000.0,
        "Pretax Income": 8429000.0,
        "Special Income Charges": NaN,
        "Write Off": NaN,
        "Gain On Sale Of Security": -152000.0,
        "Depreciation Amortization Depletion Income Statement": 1016000.0,
        "Depreciation And Amortization In Income Statement": 1016000.0,
        "Amortization": 1016000.0,
        "Amortization Of Intangibles Income Statement": 1016000.0,
        "Selling General And Administration": 24832000.0,
        "Selling And Marketing Expense": 741000.0,
        "General And Administrative Expense": 24091000.0,
        "Insurance And Claims": 1219000.0,
        "Salaries And Wages": 22872000.0,
        "Total Revenue": 71458000.0,
        "Operating Revenue": 71458000.0,
        "Occupancy And Equipment": 3964000.0,
        "Professional Expense And Contract Services Expense": 2243000.0,
        "Other Non Interest Expense": 14174000.0
    }
}