{
    "2023-03-31": {
        "Tax Effect Of Unusual Items": 1888.819608,
        "Tax Rate For Calcs": 0.00048,
        "Normalized EBITDA": 6090000.0,
        "Total Unusual Items": 3938000.0,
        "Total Unusual Items Excluding Goodwill": 3938000.0,
        "Net Income From Continuing Operation Net Minority Interest": -41778000.0,
        "Reconciled Depreciation": 30627000.0,
        "Reconciled Cost Of Revenue": 20933000.0,
        "EBITDA": 10028000.0,
        "EBIT": -20599000.0,
        "Net Interest Income": -18717000.0,
        "Interest Expense": 21099000.0,
        "Interest Income": 2485000.0,
        "Normalized Income": -45714111.180392,
        "Net Income From Continuing And Discontinued Operation": -41778000.0,
        "Total Expenses": 78387000.0,
        "Total Operating Income As Reported": -26920000.0,
        "Diluted Average Shares": 192588175.0,
        "Basic Average Shares": 192588175.0,
        "Diluted EPS": -0.216929,
        "Basic EPS": -0.216929,
        "Diluted NI Availto Com Stockholders": -41778000.0,
        "Net Income Common Stockholders": -41778000.0,
        "Otherunder Preferred Stock Dividend": -3579000.0,
        "Net Income": -41778000.0,
        "Minority Interests": -100000.0,
        "Net Income Including Noncontrolling Interests": -41678000.0,
        "Net Income Continuous Operations": -41678000.0,
        "Tax Provision": -20000.0,
        "Pretax Income": -41698000.0,
        "Other Income Expense": 3939000.0,
        "Other Non Operating Income Expenses": 1000.0,
        "Special Income Charges": NaN,
        "Other Special Charges": NaN,
        "Gain On Sale Of Security": 3938000.0,
        "Net Non Operating Interest Income Expense": -18717000.0,
        "Total Other Finance Cost": 103000.0,
        "Interest Expense Non Operating": 21099000.0,
        "Interest Income Non Operating": 2485000.0,
        "Operating Income": -26920000.0,
        "Operating Expense": 57454000.0,
        "Other Operating Expenses": 5164000.0,
        "Depreciation Amortization Depletion Income Statement": 30627000.0,
        "Depreciation And Amortization In Income Statement": 30627000.0,
        "Amortization": 824000.0,
        "Amortization Of Intangibles Income Statement": 824000.0,
        "Depreciation Income Statement": 30627000.0,
        "Selling General And Administration": 21663000.0,
        "General And Administrative Expense": 21663000.0,
        "Other Gand A": 21663000.0,
        "Gross Profit": 30534000.0,
        "Cost Of Revenue": 20933000.0,
        "Total Revenue": 51467000.0,
        "Operating Revenue": 51467000.0
    },
    "2022-12-31": {
        "Tax Effect Of Unusual Items": -1097.840023,
        "Tax Rate For Calcs": 0.001119,
        "Normalized EBITDA": -37669000.0,
        "Total Unusual Items": -981000.0,
        "Total Unusual Items Excluding Goodwill": -981000.0,
        "Net Income From Continuing Operation Net Minority Interest": -57928000.0,
        "Reconciled Depreciation": 31460000.0,
        "Reconciled Cost Of Revenue": 20740000.0,
        "EBITDA": -38650000.0,
        "EBIT": -70110000.0,
        "Net Interest Income": -19593000.0,
        "Interest Expense": 21928000.0,
        "Interest Income": 2441000.0,
        "Normalized Income": -56948097.840023,
        "Net Income From Continuing And Discontinued Operation": -57928000.0,
        "Total Expenses": 76012000.0,
        "Total Operating Income As Reported": -69982000.0,
        "Diluted Average Shares": 192588175.0,
        "Basic Average Shares": 192588175.0,
        "Diluted EPS": -0.444,
        "Basic EPS": -0.444,
        "Diluted NI Availto Com Stockholders": -57928000.0,
        "Net Income Common Stockholders": -57928000.0,
        "Otherunder Preferred Stock Dividend": NaN,
        "Net Income": -57928000.0,
        "Minority Interests": 34007000.0,
        "Net Income Including Noncontrolling Interests": -91935000.0,
        "Net Income Continuous Operations": -91935000.0,
        "Tax Provision": -103000.0,
        "Pretax Income": -92038000.0,
        "Other Income Expense": -732000.0,
        "Other Non Operating Income Expenses": NaN,
        "Special Income Charges": 1731000.0,
        "Other Special Charges": NaN,
        "Gain On Sale Of Security": -2712000.0,
        "Net Non Operating Interest Income Expense": -19593000.0,
        "Total Other Finance Cost": 106000.0,
        "Interest Expense Non Operating": 21928000.0,
        "Interest Income Non Operating": 2441000.0,
        "Operating Income": -71713000.0,
        "Operating Expense": 55272000.0,
        "Other Operating Expenses": 5272000.0,
        "Depreciation Amortization Depletion Income Statement": 31460000.0,
        "Depreciation And Amortization In Income Statement": 31460000.0,
        "Amortization": 826000.0,
        "Amortization Of Intangibles Income Statement": 826000.0,
        "Depreciation Income Statement": 31460000.0,
        "Selling General And Administration": 20549000.0,
        "General And Administrative Expense": 20549000.0,
        "Other Gand A": 20549000.0,
        "Gross Profit": -16441000.0,
        "Cost Of Revenue": 20740000.0,
        "Total Revenue": 4299000.0,
        "Operating Revenue": 4299000.0
    },
    "2022-09-30": {
        "Tax Effect Of Unusual Items": 15.046458,
        "Tax Rate For Calcs": 9.6e-05,
        "Normalized EBITDA": -38378000.0,
        "Total Unusual Items": 156000.0,
        "Total Unusual Items Excluding Goodwill": 156000.0,
        "Net Income From Continuing Operation Net Minority Interest": -92978000.0,
        "Reconciled Depreciation": 31908000.0,
        "Reconciled Cost Of Revenue": 19456000.0,
        "EBITDA": -38222000.0,
        "EBIT": -70130000.0,
        "Net Interest Income": -20867000.0,
        "Interest Expense": 23181000.0,
        "Interest Income": 2418000.0,
        "Normalized Income": -93133984.953542,
        "Net Income From Continuing And Discontinued Operation": -92978000.0,
        "Total Expenses": 69745000.0,
        "Total Operating Income As Reported": -72600000.0,
        "Diluted Average Shares": 192588175.0,
        "Basic Average Shares": 192588175.0,
        "Diluted EPS": -0.444,
        "Basic EPS": -0.444,
        "Diluted NI Availto Com Stockholders": -92978000.0,
        "Net Income Common Stockholders": -92978000.0,
        "Otherunder Preferred Stock Dividend": -8016000.0,
        "Net Income": -92978000.0,
        "Minority Interests": 324000.0,
        "Net Income Including Noncontrolling Interests": -93302000.0,
        "Net Income Continuous Operations": -93302000.0,
        "Tax Provision": -9000.0,
        "Pretax Income": -93311000.0,
        "Other Income Expense": 156000.0,
        "Other Non Operating Income Expenses": NaN,
        "Special Income Charges": 0.0,
        "Other Special Charges": NaN,
        "Gain On Sale Of Security": 156000.0,
        "Net Non Operating Interest Income Expense": -20867000.0,
        "Total Other Finance Cost": 104000.0,
        "Interest Expense Non Operating": 23181000.0,
        "Interest Income Non Operating": 2418000.0,
        "Operating Income": -72600000.0,
        "Operating Expense": 50289000.0,
        "Other Operating Expenses": 369000.0,
        "Depreciation Amortization Depletion Income Statement": 31908000.0,
        "Depreciation And Amortization In Income Statement": 31908000.0,
        "Amortization": 823000.0,
        "Amortization Of Intangibles Income Statement": 823000.0,
        "Depreciation Income Statement": 31085000.0,
        "Selling General And Administration": 18012000.0,
        "General And Administrative Expense": 18012000.0,
        "Other Gand A": 18012000.0,
        "Gross Profit": -22311000.0,
        "Cost Of Revenue": 19456000.0,
        "Total Revenue": -2855000.0,
        "Operating Revenue": -2855000.0
    },
    "2022-06-30": {
        "Tax Effect Of Unusual Items": 2620.788072,
        "Tax Rate For Calcs": 0.001267,
        "Normalized EBITDA": -39810000.0,
        "Total Unusual Items": 2068000.0,
        "Total Unusual Items Excluding Goodwill": 2068000.0,
        "Net Income From Continuing Operation Net Minority Interest": -93492000.0,
        "Reconciled Depreciation": 31715000.0,
        "Reconciled Cost Of Revenue": 16739000.0,
        "EBITDA": -37742000.0,
        "EBIT": -69457000.0,
        "Net Interest Income": -23282000.0,
        "Interest Expense": 24443000.0,
        "Interest Income": 1265000.0,
        "Normalized Income": -95557379.211928,
        "Net Income From Continuing And Discontinued Operation": -93492000.0,
        "Total Expenses": 70798000.0,
        "Total Operating Income As Reported": -72686000.0,
        "Diluted Average Shares": 192588175.0,
        "Basic Average Shares": 192588175.0,
        "Diluted EPS": -0.444,
        "Basic EPS": -0.444,
        "Diluted NI Availto Com Stockholders": -93492000.0,
        "Net Income Common Stockholders": -93492000.0,
        "Otherunder Preferred Stock Dividend": -8061000.0,
        "Net Income": -93492000.0,
        "Minority Interests": 289000.0,
        "Net Income Including Noncontrolling Interests": -93781000.0,
        "Net Income Continuous Operations": -93781000.0,
        "Tax Provision": -119000.0,
        "Pretax Income": -93900000.0,
        "Other Income Expense": 2068000.0,
        "Other Non Operating Income Expenses": NaN,
        "Special Income Charges": 0.0,
        "Gain On Sale Of Security": 2068000.0,
        "Net Non Operating Interest Income Expense": -23282000.0,
        "Total Other Finance Cost": 104000.0,
        "Interest Expense Non Operating": 24443000.0,
        "Interest Income Non Operating": 1265000.0,
        "Operating Income": -72686000.0,
        "Operating Expense": 54059000.0,
        "Other Operating Expenses": 358000.0,
        "Depreciation Amortization Depletion Income Statement": 31715000.0,
        "Depreciation And Amortization In Income Statement": 31715000.0,
        "Amortization": 824000.0,
        "Amortization Of Intangibles Income Statement": 824000.0,
        "Depreciation Income Statement": 30891000.0,
        "Selling General And Administration": 21986000.0,
        "General And Administrative Expense": 21986000.0,
        "Other Gand A": 21986000.0,
        "Gross Profit": -18627000.0,
        "Cost Of Revenue": 16739000.0,
        "Total Revenue": -1888000.0,
        "Operating Revenue": -1888000.0
    },
    "2023-05-31": {
        "Diluted EPS": 1.69,
        "Total Revenue": NaN,
        "Gross Profit": 429,
        "Operating Income": 135,
        "EBIT": 154,
        "Net Income": 95
    },
    "2023-02-28": {
        "Diluted EPS": 1.41,
        "Total Revenue": 962,
        "Gross Profit": 397,
        "Operating Income": 114,
        "EBIT": 133,
        "Net Income": 79
    },
    "2022-11-30": {
        "Diluted EPS": 1.45,
        "Total Revenue": 958,
        "Gross Profit": 398,
        "Operating Income": 116,
        "EBIT": 135,
        "Net Income": 81
    },
    "2022-08-31": {
        "Diluted EPS": 1.85,
        "Total Revenue": NaN,
        "Gross Profit": 428,
        "Operating Income": 144,
        "EBIT": 162,
        "Net Income": 104
    },
    "2022-05-31": {
        "Diluted EPS": 1.78,
        "Total Revenue": 959,
        "Gross Profit": 411,
        "Operating Income": 137,
        "EBIT": 154,
        "Net Income": 100
    },
    "2022-02-28": {
        "Diluted EPS": 1.25,
        "Total Revenue": 863,
        "Gross Profit": 366,
        "Operating Income": 97,
        "EBIT": 115,
        "Net Income": 70
    },
    "2021-11-30": {
        "Diluted EPS": 1.18,
        "Total Revenue": 849,
        "Gross Profit": 353,
        "Operating Income": 91,
        "EBIT": 108,
        "Net Income": 66
    },
    "2021-08-31": {
        "Diluted EPS": 1.18,
        "Total Revenue": 831,
        "Gross Profit": 349,
        "Operating Income": 91,
        "EBIT": 108,
        "Net Income": 66
    },
    "2021-05-31": {
        "Diluted EPS": 1.68,
        "Total Revenue": 866,
        "Gross Profit": 366,
        "Operating Income": 129,
        "EBIT": 146,
        "Net Income": 94
    },
    "2021-02-28": {
        "Diluted EPS": 0.32,
        "Total Revenue": 774,
        "Gross Profit": 295,
        "Operating Income": 28,
        "EBIT": 45,
        "Net Income": 18
    },
    "2020-11-30": {
        "Diluted EPS": 0.69,
        "Total Revenue": 772,
        "Gross Profit": 323,
        "Operating Income": 54,
        "EBIT": 71,
        "Net Income": 38
    },
    "2020-08-31": {
        "Diluted EPS": 0.93,
        "Total Revenue": 748,
        "Gross Profit": 311,
        "Operating Income": 73,
        "EBIT": 91,
        "Net Income": 52
    },
    "2020-05-31": {
        "Diluted EPS": 1.4,
        "Total Revenue": 835,
        "Gross Profit": 354,
        "Operating Income": 110,
        "EBIT": 127,
        "Net Income": 78
    },
    "2020-02-29": {
        "Diluted EPS": 1.0,
        "Total Revenue": 786,
        "Gross Profit": 331,
        "Operating Income": 78,
        "EBIT": 95,
        "Net Income": 56
    },
    "2019-11-30": {
        "Diluted EPS": 1.18,
        "Total Revenue": 824,
        "Gross Profit": 347,
        "Operating Income": 90,
        "EBIT": 107,
        "Net Income": 65
    },
    "2019-08-31": {
        "Diluted EPS": 1.19,
        "Total Revenue": 843,
        "Gross Profit": 354,
        "Operating Income": 91,
        "EBIT": 107,
        "Net Income": 67
    },
    "2019-05-31": {
        "Diluted EPS": 1.44,
        "Total Revenue": 867,
        "Gross Profit": 369,
        "Operating Income": 111,
        "EBIT": 127,
        "Net Income": 80
    },
    "2019-02-28": {
        "Diluted EPS": 1.24,
        "Total Revenue": 823,
        "Gross Profit": 352,
        "Operating Income": 96,
        "EBIT": 112,
        "Net Income": 68
    },
    "2018-11-30": {
        "Diluted EPS": 1.33,
        "Total Revenue": 832,
        "Gross Profit": 358,
        "Operating Income": 103,
        "EBIT": 119,
        "Net Income": 74
    },
    "2018-08-31": {
        "Diluted EPS": 1.3,
        "Total Revenue": 838,
        "Gross Profit": 360,
        "Operating Income": 108,
        "EBIT": 124,
        "Net Income": 73
    },
    "2018-05-31": {
        "Diluted EPS": 1.39,
        "Total Revenue": 828,
        "Gross Profit": 361,
        "Operating Income": 115,
        "EBIT": 131,
        "Net Income": 79
    },
    "2018-02-28": {
        "Diluted EPS": 2.06,
        "Total Revenue": 769,
        "Gross Profit": 337,
        "Operating Income": 98,
        "EBIT": 114,
        "Net Income": 118
    },
    "2017-11-30": {
        "Diluted EPS": 1.05,
        "Total Revenue": 769,
        "Gross Profit": 335,
        "Operating Income": 99,
        "EBIT": 115,
        "Net Income": 60
    },
    "2017-08-31": {
        "Diluted EPS": 1.07,
        "Total Revenue": 754,
        "Gross Profit": 333,
        "Operating Income": 100,
        "EBIT": 116,
        "Net Income": 61
    },
    "2017-05-31": {
        "Diluted EPS": 1.09,
        "Total Revenue": 744,
        "Gross Profit": 330,
        "Operating Income": 102,
        "EBIT": 118,
        "Net Income": 63
    },
    "2017-02-28": {
        "Diluted EPS": 0.93,
        "Total Revenue": 704,
        "Gross Profit": 315,
        "Operating Income": 87,
        "EBIT": 102,
        "Net Income": 54
    },
    "2016-11-30": {
        "Diluted EPS": 0.96,
        "Total Revenue": 686,
        "Gross Profit": 309,
        "Operating Income": 91,
        "EBIT": 106,
        "Net Income": 54
    },
    "2016-08-31": {
        "Diluted EPS": 1.03,
        "Total Revenue": 745,
        "Gross Profit": 334,
        "Operating Income": 99,
        "EBIT": 118,
        "Net Income": 62
    },
    "2016-05-31": {
        "Diluted EPS": 1.05,
        "Total Revenue": 727,
        "Gross Profit": 327,
        "Operating Income": 106,
        "EBIT": 124,
        "Net Income": 65
    },
    "2016-02-29": {
        "Diluted EPS": 0.8,
        "Total Revenue": 684,
        "Gross Profit": 309,
        "Operating Income": 81,
        "EBIT": 98,
        "Net Income": 50
    },
    "2015-11-30": {
        "Diluted EPS": 0.89,
        "Total Revenue": 707,
        "Gross Profit": 319,
        "Operating Income": 90,
        "EBIT": 108,
        "Net Income": 55
    },
    "2015-08-31": {
        "Diluted EPS": 0.97,
        "Total Revenue": 727,
        "Gross Profit": 327,
        "Operating Income": 95,
        "EBIT": 113,
        "Net Income": 60
    },
    "2015-05-31": {
        "Diluted EPS": 1.03,
        "Total Revenue": 745,
        "Gross Profit": 338,
        "Operating Income": 104,
        "EBIT": 122,
        "Net Income": 63
    },
    "2015-02-28": {
        "Diluted EPS": 0.83,
        "Total Revenue": 706,
        "Gross Profit": 321,
        "Operating Income": 86,
        "EBIT": 103,
        "Net Income": 52
    },
    "2014-11-30": {
        "Diluted EPS": 0.91,
        "Total Revenue": 731,
        "Gross Profit": 330,
        "Operating Income": 94,
        "EBIT": 111,
        "Net Income": 56
    },
    "2014-08-31": {
        "Diluted EPS": 1.01,
        "Total Revenue": 727,
        "Gross Profit": 331,
        "Operating Income": 100,
        "EBIT": 116,
        "Net Income": 62
    },
    "2014-05-31": {
        "Diluted EPS": 1.03,
        "Total Revenue": 720,
        "Gross Profit": 333,
        "Operating Income": 105,
        "EBIT": 121,
        "Net Income": 64
    },
    "2014-02-28": {
        "Diluted EPS": 0.79,
        "Total Revenue": 662,
        "Gross Profit": 307,
        "Operating Income": 82,
        "EBIT": 98,
        "Net Income": 49
    },
    "2013-11-30": {
        "Diluted EPS": 0.93,
        "Total Revenue": 679,
        "Gross Profit": 315,
        "Operating Income": 97,
        "EBIT": 113,
        "Net Income": 59
    },
    "2013-08-31": {
        "Diluted EPS": 0.89,
        "Total Revenue": 674,
        "Gross Profit": 308,
        "Operating Income": 92,
        "EBIT": 108,
        "Net Income": 56
    },
    "2013-05-31": {
        "Diluted EPS": 0.98,
        "Total Revenue": 637,
        "Gross Profit": 290,
        "Operating Income": 100,
        "EBIT": 113,
        "Net Income": 62
    },
    "2013-02-28": {
        "Diluted EPS": 0.88,
        "Total Revenue": 569,
        "Gross Profit": 256,
        "Operating Income": 91,
        "EBIT": 102,
        "Net Income": 56
    },
    "2012-11-30": {
        "Diluted EPS": 1.0,
        "Total Revenue": 577,
        "Gross Profit": 265,
        "Operating Income": 102,
        "EBIT": 112,
        "Net Income": 63
    },
    "2012-08-31": {
        "Diluted EPS": 1.09,
        "Total Revenue": 635,
        "Gross Profit": 287,
        "Operating Income": 108,
        "EBIT": 117,
        "Net Income": 68
    },
    "2012-05-31": {
        "Diluted EPS": 1.1,
        "Total Revenue": 612,
        "Gross Profit": 280,
        "Operating Income": 111,
        "EBIT": 120,
        "Net Income": 70
    },
    "2012-02-29": {
        "Diluted EPS": 0.95,
        "Total Revenue": 563,
        "Gross Profit": 259,
        "Operating Income": 97,
        "EBIT": 105,
        "Net Income": 60
    },
    "2011-11-30": {
        "Diluted EPS": 0.95,
        "Total Revenue": 546,
        "Gross Profit": 252,
        "Operating Income": 97,
        "EBIT": 105,
        "Net Income": 59
    },
    "2011-08-31": {
        "Diluted EPS": 0.93,
        "Total Revenue": 533,
        "Gross Profit": 245,
        "Operating Income": 94,
        "EBIT": 102,
        "Net Income": 59
    },
    "2011-05-31": {
        "Diluted EPS": 0.97,
        "Total Revenue": 532,
        "Gross Profit": 252,
        "Operating Income": 98,
        "EBIT": 105,
        "Net Income": 62
    },
    "2011-02-28": {
        "Diluted EPS": 0.78,
        "Total Revenue": 483,
        "Gross Profit": 226,
        "Operating Income": 81,
        "EBIT": 88,
        "Net Income": 49
    },
    "2010-11-30": {
        "Diluted EPS": 0.75,
        "Total Revenue": 473,
        "Gross Profit": 218,
        "Operating Income": 77,
        "EBIT": 84,
        "Net Income": 47
    },
    "2010-08-31": {
        "Diluted EPS": 0.7,
        "Total Revenue": 461,
        "Gross Profit": 207,
        "Operating Income": 71,
        "EBIT": 77,
        "Net Income": 44
    },
    "2010-05-31": {
        "Diluted EPS": 0.69,
        "Total Revenue": 450,
        "Gross Profit": 205,
        "Operating Income": 70,
        "EBIT": 77,
        "Net Income": 44
    },
    "2010-02-28": {
        "Diluted EPS": 0.48,
        "Total Revenue": 395,
        "Gross Profit": 179,
        "Operating Income": 50,
        "EBIT": 56,
        "Net Income": 30
    },
    "2009-11-30": {
        "Diluted EPS": 0.5,
        "Total Revenue": 385,
        "Gross Profit": 176,
        "Operating Income": 51,
        "EBIT": 58,
        "Net Income": 31
    },
    "2009-08-31": {
        "Diluted EPS": 0.41,
        "Total Revenue": 354,
        "Gross Profit": 159,
        "Operating Income": 42,
        "EBIT": 49,
        "Net Income": 26
    },
    "2009-05-31": {
        "Diluted EPS": 0.44,
        "Total Revenue": 350,
        "Gross Profit": 161,
        "Operating Income": 45,
        "EBIT": 52,
        "Net Income": 28
    },
    "2009-02-28": {
        "Diluted EPS": 0.42,
        "Total Revenue": 352,
        "Gross Profit": 164,
        "Operating Income": 43,
        "EBIT": 50,
        "Net Income": 26
    },
    "2023-06-30": {
        "Tax Effect Of Unusual Items": -646.142838,
        "Tax Rate For Calcs": 0.000866,
        "Normalized EBITDA": 26691000.0,
        "Total Unusual Items": -746000.0,
        "Total Unusual Items Excluding Goodwill": -746000.0,
        "Net Income From Continuing Operation Net Minority Interest": -53063000.0,
        "Reconciled Depreciation": 42709000.0,
        "Reconciled Cost Of Revenue": 58117000.0,
        "EBITDA": 25945000.0,
        "EBIT": -16764000.0,
        "Net Interest Income": -33650000.0,
        "Interest Expense": 36345000.0,
        "Interest Income": 2798000.0,
        "Normalized Income": -52317646.142838,
        "Net Income From Continuing And Discontinued Operation": -53063000.0,
        "Total Expenses": 133885000.0,
        "Total Operating Income As Reported": -18651000.0,
        "Diluted Average Shares": 192588175.0,
        "Basic Average Shares": 192588175.0,
        "Diluted EPS": -0.252,
        "Basic EPS": -0.252,
        "Diluted NI Availto Com Stockholders": -48498000.0,
        "Net Income Common Stockholders": -48498000.0,
        "Otherunder Preferred Stock Dividend": -4565000.0,
        "Net Income": -53063000.0,
        "Minority Interests": NaN,
        "Net Income Including Noncontrolling Interests": -53063000.0,
        "Net Income Continuous Operations": -53063000.0,
        "Tax Provision": -46000.0,
        "Pretax Income": -53109000.0,
        "Other Income Expense": -808000.0,
        "Other Non Operating Income Expenses": -62000.0,
        "Special Income Charges": NaN,
        "Other Special Charges": NaN,
        "Gain On Sale Of Security": -746000.0,
        "Net Non Operating Interest Income Expense": -33650000.0,
        "Total Other Finance Cost": 103000.0,
        "Interest Expense Non Operating": 36345000.0,
        "Interest Income Non Operating": 2798000.0,
        "Operating Income": -18651000.0,
        "Operating Expense": 75768000.0,
        "Other Operating Expenses": 4833000.0,
        "Depreciation Amortization Depletion Income Statement": 42709000.0,
        "Depreciation And Amortization In Income Statement": 42709000.0,
        "Amortization": 824000.0,
        "Amortization Of Intangibles Income Statement": 824000.0,
        "Depreciation Income Statement": 42709000.0,
        "Selling General And Administration": 28226000.0,
        "General And Administrative Expense": 28226000.0,
        "Other Gand A": 28226000.0,
        "Gross Profit": 57117000.0,
        "Cost Of Revenue": 58117000.0,
        "Total Revenue": 115234000.0,
        "Operating Revenue": 115234000.0
    },
    "2023-09-30": {
        "Tax Effect Of Unusual Items": -6459.00161,
        "Tax Rate For Calcs": 0.000354,
        "Normalized EBITDA": 68927000.0,
        "Total Unusual Items": -18232000.0,
        "Total Unusual Items Excluding Goodwill": -18232000.0,
        "Net Income From Continuing Operation Net Minority Interest": -31039000.0,
        "Reconciled Depreciation": 45383000.0,
        "Reconciled Cost Of Revenue": 51429000.0,
        "EBITDA": 50695000.0,
        "EBIT": 5312000.0,
        "Net Interest Income": -33646000.0,
        "Interest Expense": 36362000.0,
        "Interest Income": 2821000.0,
        "Normalized Income": -12813459.00161,
        "Net Income From Continuing And Discontinued Operation": -31039000.0,
        "Total Expenses": 116758000.0,
        "Total Operating Income As Reported": 3208000.0,
        "Diluted Average Shares": NaN,
        "Basic Average Shares": NaN,
        "Diluted EPS": NaN,
        "Basic EPS": NaN,
        "Diluted NI Availto Com Stockholders": -28370000.0,
        "Net Income Common Stockholders": -28370000.0,
        "Otherunder Preferred Stock Dividend": -2669000.0,
        "Net Income": -31039000.0,
        "Minority Interests": NaN,
        "Net Income Including Noncontrolling Interests": -31039000.0,
        "Net Income Continuous Operations": -31039000.0,
        "Tax Provision": -11000.0,
        "Pretax Income": -31050000.0,
        "Other Income Expense": -18232000.0,
        "Other Non Operating Income Expenses": 0.0,
        "Special Income Charges": 80000.0,
        "Other Special Charges": -80000.0,
        "Gain On Sale Of Security": -692000.0,
        "Net Non Operating Interest Income Expense": -33646000.0,
        "Total Other Finance Cost": 105000.0,
        "Interest Expense Non Operating": 36362000.0,
        "Interest Income Non Operating": 2821000.0,
        "Operating Income": 20828000.0,
        "Operating Expense": 65329000.0,
        "Other Operating Expenses": NaN,
        "Depreciation Amortization Depletion Income Statement": 45383000.0,
        "Depreciation And Amortization In Income Statement": 45383000.0,
        "Amortization": NaN,
        "Amortization Of Intangibles Income Statement": NaN,
        "Depreciation Income Statement": 45383000.0,
        "Selling General And Administration": 29943000.0,
        "General And Administrative Expense": 29943000.0,
        "Other Gand A": 29943000.0,
        "Gross Profit": 86157000.0,
        "Cost Of Revenue": 51429000.0,
        "Total Revenue": 137586000.0,
        "Operating Revenue": 137586000.0
    },
    "2023-12-31": {
        "Tax Effect Of Unusual Items": 3389.657541,
        "Tax Rate For Calcs": 0.000196,
        "Normalized EBITDA": 48841000.0,
        "Total Unusual Items": 17272000.0,
        "Total Unusual Items Excluding Goodwill": 17272000.0,
        "Net Income From Continuing Operation Net Minority Interest": -7811000.0,
        "Reconciled Depreciation": 50734000.0,
        "Reconciled Cost Of Revenue": 42050000.0,
        "EBITDA": 66113000.0,
        "EBIT": 15379000.0,
        "Net Interest Income": -33365000.0,
        "Interest Expense": 35761000.0,
        "Interest Income": 2502000.0,
        "Normalized Income": -25079610.342459,
        "Net Income From Continuing And Discontinued Operation": -7811000.0,
        "Total Expenses": 145534000.0,
        "Total Operating Income As Reported": 13337000.0,
        "Diluted Average Shares": NaN,
        "Basic Average Shares": NaN,
        "Diluted EPS": NaN,
        "Basic EPS": NaN,
        "Diluted NI Availto Com Stockholders": -18624000.0,
        "Net Income Common Stockholders": -18624000.0,
        "Otherunder Preferred Stock Dividend": NaN,
        "Net Income": -7811000.0,
        "Minority Interests": NaN,
        "Net Income Including Noncontrolling Interests": -20378000.0,
        "Net Income Continuous Operations": -20378000.0,
        "Tax Provision": -4000.0,
        "Pretax Income": -20382000.0,
        "Other Income Expense": 17266000.0,
        "Other Non Operating Income Expenses": -6000.0,
        "Special Income Charges": 19151000.0,
        "Other Special Charges": -19151000.0,
        "Gain On Sale Of Security": -1879000.0,
        "Net Non Operating Interest Income Expense": -33365000.0,
        "Total Other Finance Cost": 106000.0,
        "Interest Expense Non Operating": 35761000.0,
        "Interest Income Non Operating": 2502000.0,
        "Operating Income": -4283000.0,
        "Operating Expense": 103484000.0,
        "Other Operating Expenses": NaN,
        "Depreciation Amortization Depletion Income Statement": 50734000.0,
        "Depreciation And Amortization In Income Statement": 50734000.0,
        "Amortization": NaN,
        "Amortization Of Intangibles Income Statement": NaN,
        "Depreciation Income Statement": 50734000.0,
        "Selling General And Administration": 35299000.0,
        "General And Administrative Expense": 35299000.0,
        "Other Gand A": 35299000.0,
        "Gross Profit": 99201000.0,
        "Cost Of Revenue": 42050000.0,
        "Total Revenue": 141251000.0,
        "Operating Revenue": 141251000.0
    }
}