{
    "2023-06-30": {
        "Tax Effect Of Unusual Items": 0.0,
        "Tax Rate For Calcs": 0.21,
        "Normalized EBITDA": 20153000.0,
        "Total Unusual Items": 0.0,
        "Total Unusual Items Excluding Goodwill": 0.0,
        "Net Income From Continuing Operation Net Minority Interest": 9901000.0,
        "Reconciled Depreciation": 7342000.0,
        "Reconciled Cost Of Revenue": 20046000.0,
        "EBITDA": 20153000.0,
        "EBIT": 12811000.0,
        "Net Interest Income": -3251000.0,
        "Interest Expense": 3251000.0,
        "Normalized Income": 9901000.0,
        "Net Income From Continuing And Discontinued Operation": 9901000.0,
        "Total Expenses": 32132000.0,
        "Total Operating Income As Reported": 10669000.0,
        "Diluted Average Shares": 17828000.0,
        "Basic Average Shares": 17713000.0,
        "Diluted EPS": 0.55,
        "Basic EPS": 0.56,
        "Diluted NI Availto Com Stockholders": 9888000.0,
        "Average Dilution Earnings": 17000.0,
        "Net Income Common Stockholders": 9871000.0,
        "Preferred Stock Dividends": 30000.0,
        "Net Income": 9901000.0,
        "Net Income Including Noncontrolling Interests": 9901000.0,
        "Net Income Continuous Operations": 9901000.0,
        "Tax Provision": -341000.0,
        "Pretax Income": 9560000.0,
        "Other Income Expense": 2142000.0,
        "Other Non Operating Income Expenses": 2142000.0,
        "Special Income Charges": 0.0,
        "Gain On Sale Of Business": 0.0,
        "Other Special Charges": NaN,
        "Net Non Operating Interest Income Expense": -3251000.0,
        "Interest Expense Non Operating": 3251000.0,
        "Operating Income": 10669000.0,
        "Operating Expense": 10928000.0,
        "Other Taxes": 4744000.0,
        "Depreciation Amortization Depletion Income Statement": 6184000.0,
        "Depreciation And Amortization In Income Statement": 6184000.0,
        "Depreciation Income Statement": 6184000.0,
        "Gross Profit": 21597000.0,
        "Cost Of Revenue": 21204000.0,
        "Total Revenue": 42801000.0,
        "Operating Revenue": 42801000.0
    },
    "2023-03-31": {
        "Tax Effect Of Unusual Items": NaN,
        "Tax Rate For Calcs": NaN,
        "Normalized EBITDA": NaN,
        "Total Unusual Items": 813000.0,
        "Total Unusual Items Excluding Goodwill": 813000.0,
        "Net Income From Continuing Operation Net Minority Interest": NaN,
        "Reconciled Depreciation": NaN,
        "Reconciled Cost Of Revenue": NaN,
        "EBITDA": NaN,
        "EBIT": NaN,
        "Net Interest Income": NaN,
        "Interest Expense": NaN,
        "Normalized Income": NaN,
        "Net Income From Continuing And Discontinued Operation": NaN,
        "Total Expenses": NaN,
        "Total Operating Income As Reported": NaN,
        "Diluted Average Shares": 17767000.0,
        "Basic Average Shares": 17652000.0,
        "Diluted EPS": 0.33,
        "Basic EPS": 0.33,
        "Diluted NI Availto Com Stockholders": NaN,
        "Average Dilution Earnings": NaN,
        "Net Income Common Stockholders": NaN,
        "Preferred Stock Dividends": NaN,
        "Net Income": NaN,
        "Net Income Including Noncontrolling Interests": NaN,
        "Net Income Continuous Operations": NaN,
        "Tax Provision": NaN,
        "Pretax Income": NaN,
        "Other Income Expense": NaN,
        "Other Non Operating Income Expenses": NaN,
        "Special Income Charges": 813000.0,
        "Gain On Sale Of Business": 0.0,
        "Other Special Charges": -813000.0,
        "Net Non Operating Interest Income Expense": NaN,
        "Interest Expense Non Operating": NaN,
        "Operating Income": NaN,
        "Operating Expense": NaN,
        "Other Taxes": NaN,
        "Depreciation Amortization Depletion Income Statement": NaN,
        "Depreciation And Amortization In Income Statement": NaN,
        "Depreciation Income Statement": NaN,
        "Gross Profit": NaN,
        "Cost Of Revenue": NaN,
        "Total Revenue": NaN,
        "Operating Revenue": NaN
    },
    "2022-12-31": {
        "Tax Effect Of Unusual Items": NaN,
        "Tax Rate For Calcs": NaN,
        "Normalized EBITDA": NaN,
        "Total Unusual Items": NaN,
        "Total Unusual Items Excluding Goodwill": NaN,
        "Net Income From Continuing Operation Net Minority Interest": NaN,
        "Reconciled Depreciation": NaN,
        "Reconciled Cost Of Revenue": NaN,
        "EBITDA": NaN,
        "EBIT": NaN,
        "Net Interest Income": NaN,
        "Interest Expense": NaN,
        "Normalized Income": NaN,
        "Net Income From Continuing And Discontinued Operation": NaN,
        "Total Expenses": NaN,
        "Total Operating Income As Reported": NaN,
        "Diluted Average Shares": NaN,
        "Basic Average Shares": NaN,
        "Diluted EPS": NaN,
        "Basic EPS": NaN,
        "Diluted NI Availto Com Stockholders": NaN,
        "Average Dilution Earnings": NaN,
        "Net Income Common Stockholders": NaN,
        "Preferred Stock Dividends": NaN,
        "Net Income": NaN,
        "Net Income Including Noncontrolling Interests": NaN,
        "Net Income Continuous Operations": NaN,
        "Tax Provision": NaN,
        "Pretax Income": NaN,
        "Other Income Expense": NaN,
        "Other Non Operating Income Expenses": NaN,
        "Special Income Charges": NaN,
        "Gain On Sale Of Business": 0.0,
        "Other Special Charges": -761000.0,
        "Net Non Operating Interest Income Expense": NaN,
        "Interest Expense Non Operating": NaN,
        "Operating Income": NaN,
        "Operating Expense": NaN,
        "Other Operating Expenses": -761000.0,
        "Other Taxes": NaN,
        "Depreciation Amortization Depletion Income Statement": NaN,
        "Depreciation And Amortization In Income Statement": NaN,
        "Depreciation Income Statement": NaN,
        "Gross Profit": NaN,
        "Cost Of Revenue": NaN,
        "Total Revenue": NaN,
        "Operating Revenue": NaN
    },
    "2022-09-30": {
        "Tax Effect Of Unusual Items": NaN,
        "Tax Rate For Calcs": NaN,
        "Normalized EBITDA": NaN,
        "Total Unusual Items": NaN,
        "Total Unusual Items Excluding Goodwill": NaN,
        "Net Income From Continuing Operation Net Minority Interest": NaN,
        "Reconciled Depreciation": NaN,
        "Reconciled Cost Of Revenue": NaN,
        "EBITDA": NaN,
        "EBIT": NaN,
        "Net Interest Income": NaN,
        "Interest Expense": NaN,
        "Normalized Income": NaN,
        "Net Income From Continuing And Discontinued Operation": NaN,
        "Total Expenses": NaN,
        "Total Operating Income As Reported": NaN,
        "Diluted Average Shares": NaN,
        "Basic Average Shares": NaN,
        "Diluted EPS": NaN,
        "Basic EPS": NaN,
        "Diluted NI Availto Com Stockholders": NaN,
        "Average Dilution Earnings": NaN,
        "Net Income Common Stockholders": NaN,
        "Preferred Stock Dividends": NaN,
        "Net Income": NaN,
        "Net Income Including Noncontrolling Interests": NaN,
        "Net Income Continuous Operations": NaN,
        "Tax Provision": NaN,
        "Pretax Income": NaN,
        "Other Income Expense": NaN,
        "Other Non Operating Income Expenses": NaN,
        "Special Income Charges": NaN,
        "Gain On Sale Of Business": NaN,
        "Other Special Charges": -627000.0,
        "Net Non Operating Interest Income Expense": NaN,
        "Interest Expense Non Operating": NaN,
        "Operating Income": NaN,
        "Operating Expense": NaN,
        "Other Operating Expenses": -627000.0,
        "Other Taxes": NaN,
        "Depreciation Amortization Depletion Income Statement": NaN,
        "Depreciation And Amortization In Income Statement": NaN,
        "Depreciation Income Statement": NaN,
        "Gross Profit": NaN,
        "Cost Of Revenue": NaN,
        "Total Revenue": NaN,
        "Operating Revenue": NaN
    },
    "2022-06-30": {
        "Tax Effect Of Unusual Items": 0.0,
        "Tax Rate For Calcs": 0.082273,
        "Normalized EBITDA": 18608000.0,
        "Total Unusual Items": 0.0,
        "Total Unusual Items Excluding Goodwill": 0.0,
        "Net Income From Continuing Operation Net Minority Interest": 8868000.0,
        "Reconciled Depreciation": 6576000.0,
        "Reconciled Cost Of Revenue": 18651000.0,
        "EBITDA": 18608000.0,
        "EBIT": 12032000.0,
        "Net Interest Income": -2369000.0,
        "Interest Expense": 2369000.0,
        "Normalized Income": 8868000.0,
        "Net Income From Continuing And Discontinued Operation": 8868000.0,
        "Total Expenses": 29047000.0,
        "Total Operating Income As Reported": 10088000.0,
        "Diluted Average Shares": 17698000.0,
        "Basic Average Shares": 17583000.0,
        "Diluted EPS": 0.5,
        "Basic EPS": 0.5,
        "Diluted NI Availto Com Stockholders": 8855000.0,
        "Average Dilution Earnings": 17000.0,
        "Net Income Common Stockholders": 8838000.0,
        "Preferred Stock Dividends": 30000.0,
        "Net Income": 8868000.0,
        "Net Income Including Noncontrolling Interests": 8868000.0,
        "Net Income Continuous Operations": 8868000.0,
        "Tax Provision": 795000.0,
        "Pretax Income": 9663000.0,
        "Other Income Expense": 1396000.0,
        "Other Non Operating Income Expenses": 1396000.0,
        "Special Income Charges": 0.0,
        "Gain On Sale Of Business": 0.0,
        "Other Special Charges": -548000.0,
        "Net Non Operating Interest Income Expense": -2369000.0,
        "Interest Expense Non Operating": 2369000.0,
        "Operating Income": 10636000.0,
        "Operating Expense": 9490000.0,
        "Other Operating Expenses": -548000.0,
        "Other Taxes": 4368000.0,
        "Depreciation Amortization Depletion Income Statement": 5670000.0,
        "Depreciation And Amortization In Income Statement": 5670000.0,
        "Depreciation Income Statement": 5670000.0,
        "Gross Profit": 20126000.0,
        "Cost Of Revenue": 19557000.0,
        "Total Revenue": 39683000.0,
        "Operating Revenue": 39683000.0
    },
    "2022-03-31": {
        "Diluted EPS": 0.68,
        "Total Revenue": 36,
        "Gross Profit": 36,
        "Operating Income": 13,
        "EBIT": 19,
        "Net Income": 12
    },
    "2021-12-31": {
        "Diluted EPS": 0.41,
        "Total Revenue": 34,
        "Gross Profit": 34,
        "Operating Income": 6,
        "EBIT": 16,
        "Net Income": 7
    },
    "2021-09-30": {
        "Diluted EPS": 0.65,
        "Total Revenue": 40,
        "Gross Profit": 40,
        "Operating Income": 11,
        "EBIT": 16,
        "Net Income": 11
    },
    "2021-06-30": {
        "Diluted EPS": 0.62,
        "Total Revenue": 37,
        "Gross Profit": 37,
        "Operating Income": 10,
        "EBIT": 16,
        "Net Income": 11
    },
    "2021-03-31": {
        "Diluted EPS": 0.39,
        "Total Revenue": 33,
        "Gross Profit": 33,
        "Operating Income": 6,
        "EBIT": 12,
        "Net Income": 7
    },
    "2020-12-31": {
        "Diluted EPS": 0.47,
        "Total Revenue": 35,
        "Gross Profit": 35,
        "Operating Income": 8,
        "EBIT": 14,
        "Net Income": 8
    },
    "2020-09-30": {
        "Diluted EPS": 0.72,
        "Total Revenue": 40,
        "Gross Profit": 40,
        "Operating Income": 13,
        "EBIT": 18,
        "Net Income": 13
    },
    "2020-06-30": {
        "Diluted EPS": 0.55,
        "Total Revenue": 35,
        "Gross Profit": 35,
        "Operating Income": 9,
        "EBIT": 15,
        "Net Income": 10
    },
    "2020-03-31": {
        "Diluted EPS": 0.44,
        "Total Revenue": 32,
        "Gross Profit": 32,
        "Operating Income": 7,
        "EBIT": 12,
        "Net Income": 8
    },
    "2019-12-31": {
        "Diluted EPS": 0.47,
        "Total Revenue": 33,
        "Gross Profit": 33,
        "Operating Income": 8,
        "EBIT": 12,
        "Net Income": 8
    },
    "2019-09-30": {
        "Diluted EPS": 0.66,
        "Total Revenue": 38,
        "Gross Profit": 38,
        "Operating Income": 12,
        "EBIT": 16,
        "Net Income": 11
    },
    "2019-06-30": {
        "Diluted EPS": 0.49,
        "Total Revenue": 33,
        "Gross Profit": 33,
        "Operating Income": 9,
        "EBIT": 13,
        "Net Income": 8
    },
    "2019-03-31": {
        "Diluted EPS": 0.39,
        "Total Revenue": 31,
        "Gross Profit": 31,
        "Operating Income": 7,
        "EBIT": 11,
        "Net Income": 7
    },
    "2018-12-31": {
        "Diluted EPS": 0.43,
        "Total Revenue": 33,
        "Gross Profit": 33,
        "Operating Income": 7,
        "EBIT": 11,
        "Net Income": 7
    },
    "2018-09-30": {
        "Diluted EPS": 0.74,
        "Total Revenue": 39,
        "Gross Profit": 39,
        "Operating Income": 13,
        "EBIT": 17,
        "Net Income": 12
    },
    "2018-06-30": {
        "Diluted EPS": 0.52,
        "Total Revenue": 35,
        "Gross Profit": 35,
        "Operating Income": 11,
        "EBIT": 15,
        "Net Income": 9
    },
    "2018-03-31": {
        "Diluted EPS": 0.27,
        "Total Revenue": 31,
        "Gross Profit": 31,
        "Operating Income": 6,
        "EBIT": 10,
        "Net Income": 4
    },
    "2017-12-31": {
        "Diluted EPS": 0.32,
        "Total Revenue": 31,
        "Gross Profit": 31,
        "Operating Income": 8,
        "EBIT": 12,
        "Net Income": 5
    },
    "2017-09-30": {
        "Diluted EPS": 0.46,
        "Total Revenue": 36,
        "Gross Profit": 36,
        "Operating Income": 13,
        "EBIT": 16,
        "Net Income": 8
    },
    "2017-06-30": {
        "Diluted EPS": 0.33,
        "Total Revenue": 33,
        "Gross Profit": 33,
        "Operating Income": 9,
        "EBIT": 13,
        "Net Income": 5
    },
    "2017-03-31": {
        "Diluted EPS": 0.27,
        "Total Revenue": 30,
        "Gross Profit": 30,
        "Operating Income": 8,
        "EBIT": 11,
        "Net Income": 4
    },
    "2016-12-31": {
        "Diluted EPS": 0.19,
        "Total Revenue": 32,
        "Gross Profit": 32,
        "Operating Income": 8,
        "EBIT": 11,
        "Net Income": 3
    },
    "2016-09-30": {
        "Diluted EPS": 0.54,
        "Total Revenue": 38,
        "Gross Profit": 38,
        "Operating Income": 14,
        "EBIT": 17,
        "Net Income": 9
    },
    "2016-06-30": {
        "Diluted EPS": 0.36,
        "Total Revenue": 33,
        "Gross Profit": 33,
        "Operating Income": 10,
        "EBIT": 14,
        "Net Income": 6
    },
    "2016-03-31": {
        "Diluted EPS": 0.29,
        "Total Revenue": 31,
        "Gross Profit": 31,
        "Operating Income": 8,
        "EBIT": 12,
        "Net Income": 5
    },
    "2015-12-31": {
        "Diluted EPS": 0.28,
        "Total Revenue": 31,
        "Gross Profit": 31,
        "Operating Income": 8,
        "EBIT": 12,
        "Net Income": 5
    },
    "2015-09-30": {
        "Diluted EPS": 0.41,
        "Total Revenue": 35,
        "Gross Profit": 35,
        "Operating Income": 11,
        "EBIT": 15,
        "Net Income": 7
    },
    "2015-06-30": {
        "Diluted EPS": 0.31,
        "Total Revenue": 32,
        "Gross Profit": 32,
        "Operating Income": 9,
        "EBIT": 13,
        "Net Income": 5
    },
    "2015-03-31": {
        "Diluted EPS": 0.22,
        "Total Revenue": 29,
        "Gross Profit": 29,
        "Operating Income": 7,
        "EBIT": 10,
        "Net Income": 4
    },
    "2014-12-31": {
        "Diluted EPS": 0.22,
        "Total Revenue": 28,
        "Gross Profit": 28,
        "Operating Income": 8,
        "EBIT": 11,
        "Net Income": 4
    },
    "2014-09-30": {
        "Diluted EPS": 0.42,
        "Total Revenue": 33,
        "Gross Profit": 33,
        "Operating Income": 12,
        "EBIT": 15,
        "Net Income": 7
    },
    "2014-06-30": {
        "Diluted EPS": 0.29,
        "Total Revenue": 29,
        "Gross Profit": 29,
        "Operating Income": 9,
        "EBIT": 12,
        "Net Income": 5
    },
    "2014-03-31": {
        "Diluted EPS": 0.2,
        "Total Revenue": 27,
        "Gross Profit": 27,
        "Operating Income": 6,
        "EBIT": 9,
        "Net Income": 3
    },
    "2013-12-31": {
        "Diluted EPS": 0.19,
        "Total Revenue": 27,
        "Gross Profit": 27,
        "Operating Income": 7,
        "EBIT": 10,
        "Net Income": 3
    },
    "2013-09-30": {
        "Diluted EPS": 0.36,
        "Total Revenue": 31,
        "Gross Profit": 31,
        "Operating Income": 10,
        "EBIT": 13,
        "Net Income": 6
    },
    "2013-06-30": {
        "Diluted EPS": 0.28,
        "Total Revenue": 29,
        "Gross Profit": 29,
        "Operating Income": 8,
        "EBIT": 11,
        "Net Income": 4
    },
    "2013-03-31": {
        "Diluted EPS": 0.2,
        "Total Revenue": 27,
        "Gross Profit": 27,
        "Operating Income": 6,
        "EBIT": 9,
        "Net Income": 3
    },
    "2012-12-31": {
        "Diluted EPS": 0.18,
        "Total Revenue": 27,
        "Gross Profit": 27,
        "Operating Income": 6,
        "EBIT": 9,
        "Net Income": 3
    },
    "2012-09-30": {
        "Diluted EPS": 0.38,
        "Total Revenue": 32,
        "Gross Profit": 32,
        "Operating Income": 11,
        "EBIT": 14,
        "Net Income": 6
    },
    "2012-06-30": {
        "Diluted EPS": 0.23,
        "Total Revenue": 27,
        "Gross Profit": 27,
        "Operating Income": 7,
        "EBIT": 10,
        "Net Income": 4
    },
    "2012-03-31": {
        "Diluted EPS": 0.11,
        "Total Revenue": 24,
        "Gross Profit": 24,
        "Operating Income": 4,
        "EBIT": 6,
        "Net Income": 2
    },
    "2011-12-31": {
        "Diluted EPS": 0.12,
        "Total Revenue": 23,
        "Gross Profit": 23,
        "Operating Income": 4,
        "EBIT": 7,
        "Net Income": 2
    },
    "2011-09-30": {
        "Diluted EPS": 0.32,
        "Total Revenue": 29,
        "Gross Profit": 29,
        "Operating Income": 9,
        "EBIT": 11,
        "Net Income": 5
    },
    "2011-06-30": {
        "Diluted EPS": 0.23,
        "Total Revenue": 26,
        "Gross Profit": 26,
        "Operating Income": 7,
        "EBIT": 9,
        "Net Income": 4
    },
    "2011-03-31": {
        "Diluted EPS": 0.17,
        "Total Revenue": 24,
        "Gross Profit": 24,
        "Operating Income": 5,
        "EBIT": 7,
        "Net Income": 3
    },
    "2010-12-31": {
        "Diluted EPS": 0.18,
        "Total Revenue": 25,
        "Gross Profit": 25,
        "Operating Income": 5,
        "EBIT": 8,
        "Net Income": 3
    },
    "2010-09-30": {
        "Diluted EPS": 0.36,
        "Total Revenue": 30,
        "Gross Profit": 30,
        "Operating Income": 10,
        "EBIT": 13,
        "Net Income": 6
    },
    "2010-06-30": {
        "Diluted EPS": 0.31,
        "Total Revenue": 27,
        "Gross Profit": 27,
        "Operating Income": 8,
        "EBIT": 10,
        "Net Income": 4
    },
    "2010-03-31": {
        "Diluted EPS": 0.11,
        "Total Revenue": 22,
        "Gross Profit": 22,
        "Operating Income": 3,
        "EBIT": 6,
        "Net Income": 2
    },
    "2009-12-31": {
        "Diluted EPS": 0.12,
        "Total Revenue": 22,
        "Gross Profit": 22,
        "Operating Income": 4,
        "EBIT": 7,
        "Net Income": 2
    },
    "2009-09-30": {
        "Diluted EPS": 0.29,
        "Total Revenue": 25,
        "Gross Profit": 25,
        "Operating Income": 7,
        "EBIT": 10,
        "Net Income": 4
    },
    "2009-06-30": {
        "Diluted EPS": 0.21,
        "Total Revenue": 23,
        "Gross Profit": 23,
        "Operating Income": 6,
        "EBIT": 8,
        "Net Income": 3
    },
    "2009-03-31": {
        "Diluted EPS": 0.1,
        "Total Revenue": 21,
        "Gross Profit": 21,
        "Operating Income": 3,
        "EBIT": 5,
        "Net Income": 1
    },
    "2023-09-30": {
        "Tax Effect Of Unusual Items": 0.0,
        "Tax Rate For Calcs": 0.069486,
        "Normalized EBITDA": 21321000.0,
        "Total Unusual Items": 0.0,
        "Total Unusual Items Excluding Goodwill": 0.0,
        "Net Income From Continuing Operation Net Minority Interest": 9990000.0,
        "Reconciled Depreciation": 7563000.0,
        "Reconciled Cost Of Revenue": 21394000.0,
        "EBITDA": 21321000.0,
        "EBIT": 13758000.0,
        "Net Interest Income": -3022000.0,
        "Interest Expense": 3022000.0,
        "Normalized Income": 9990000.0,
        "Net Income From Continuing And Discontinued Operation": 9990000.0,
        "Total Expenses": 33893000.0,
        "Total Operating Income As Reported": 12822000.0,
        "Diluted Average Shares": 17873000.0,
        "Basic Average Shares": 17758000.0,
        "Diluted EPS": 0.56,
        "Basic EPS": 0.56,
        "Diluted NI Availto Com Stockholders": 9977000.0,
        "Average Dilution Earnings": 17000.0,
        "Net Income Common Stockholders": 9960000.0,
        "Preferred Stock Dividends": 30000.0,
        "Net Income": 9990000.0,
        "Net Income Including Noncontrolling Interests": 9990000.0,
        "Net Income Continuous Operations": 9990000.0,
        "Tax Provision": 746000.0,
        "Pretax Income": 10736000.0,
        "Other Income Expense": 936000.0,
        "Other Non Operating Income Expenses": 936000.0,
        "Special Income Charges": 0.0,
        "Gain On Sale Of Business": 0.0,
        "Other Special Charges": NaN,
        "Net Non Operating Interest Income Expense": -3022000.0,
        "Interest Expense Non Operating": 3022000.0,
        "Operating Income": 12822000.0,
        "Operating Expense": 11312000.0,
        "Other Taxes": 4936000.0,
        "Depreciation Amortization Depletion Income Statement": 6376000.0,
        "Depreciation And Amortization In Income Statement": 6376000.0,
        "Depreciation Income Statement": 6376000.0,
        "Gross Profit": 24134000.0,
        "Cost Of Revenue": 22581000.0,
        "Total Revenue": 46715000.0,
        "Operating Revenue": 46715000.0
    },
    "2023-12-31": {
        "Tax Effect Of Unusual Items": 0.0,
        "Tax Rate For Calcs": 0.21,
        "Normalized EBITDA": 16507000.0,
        "Total Unusual Items": 0.0,
        "Total Unusual Items Excluding Goodwill": 0.0,
        "Net Income From Continuing Operation Net Minority Interest": 5765000.0,
        "Reconciled Depreciation": 7336000.0,
        "Reconciled Cost Of Revenue": 18383000.0,
        "EBITDA": 16507000.0,
        "EBIT": 9171000.0,
        "Net Interest Income": -3508000.0,
        "Interest Expense": 3508000.0,
        "Normalized Income": 5765000.0,
        "Net Income From Continuing And Discontinued Operation": 5765000.0,
        "Total Expenses": 30359000.0,
        "Total Operating Income As Reported": 8243000.0,
        "Diluted Average Shares": NaN,
        "Basic Average Shares": NaN,
        "Diluted EPS": NaN,
        "Basic EPS": NaN,
        "Diluted NI Availto Com Stockholders": 5751000.0,
        "Average Dilution Earnings": 16000.0,
        "Net Income Common Stockholders": 5735000.0,
        "Preferred Stock Dividends": 30000.0,
        "Net Income": 5765000.0,
        "Net Income Including Noncontrolling Interests": 5765000.0,
        "Net Income Continuous Operations": 5765000.0,
        "Tax Provision": -102000.0,
        "Pretax Income": 5663000.0,
        "Other Income Expense": 928000.0,
        "Other Non Operating Income Expenses": 928000.0,
        "Special Income Charges": 0.0,
        "Gain On Sale Of Business": 0.0,
        "Other Special Charges": NaN,
        "Net Non Operating Interest Income Expense": -3508000.0,
        "Interest Expense Non Operating": 3508000.0,
        "Operating Income": 8243000.0,
        "Operating Expense": 11288000.0,
        "Other Taxes": 4640000.0,
        "Depreciation Amortization Depletion Income Statement": 6648000.0,
        "Depreciation And Amortization In Income Statement": 6648000.0,
        "Depreciation Income Statement": 6648000.0,
        "Gross Profit": 19531000.0,
        "Cost Of Revenue": 19071000.0,
        "Total Revenue": 38602000.0,
        "Operating Revenue": 38602000.0
    },
    "2024-03-31": {
        "Tax Effect Of Unusual Items": 0.0,
        "Tax Rate For Calcs": 0.106931,
        "Normalized EBITDA": 21209000.0,
        "Total Unusual Items": 176000.0,
        "Total Unusual Items Excluding Goodwill": 176000.0,
        "Net Income From Continuing Operation Net Minority Interest": 10682000.0,
        "Reconciled Depreciation": 5979000.0,
        "Reconciled Cost Of Revenue": 19882000.0,
        "EBITDA": 21209000.0,
        "EBIT": 15230000.0,
        "Net Interest Income": -3269000.0,
        "Interest Expense": 3269000.0,
        "Normalized Income": 10682000.0,
        "Net Income From Continuing And Discontinued Operation": 10682000.0,
        "Total Expenses": 30659000.0,
        "Total Operating Income As Reported": 9865000.0,
        "Diluted Average Shares": 17934000.0,
        "Basic Average Shares": 17819000.0,
        "Diluted EPS": 0.59,
        "Basic EPS": 0.6,
        "Diluted NI Availto Com Stockholders": 10669000.0,
        "Average Dilution Earnings": 17000.0,
        "Net Income Common Stockholders": 10652000.0,
        "Preferred Stock Dividends": 30000.0,
        "Net Income": 10682000.0,
        "Net Income Including Noncontrolling Interests": 10682000.0,
        "Net Income Continuous Operations": 10682000.0,
        "Tax Provision": 1279000.0,
        "Pretax Income": 11961000.0,
        "Other Income Expense": 5365000.0,
        "Other Non Operating Income Expenses": 5365000.0,
        "Special Income Charges": 176000.0,
        "Gain On Sale Of Business": NaN,
        "Other Special Charges": -176000.0,
        "Net Non Operating Interest Income Expense": -3269000.0,
        "Interest Expense Non Operating": 3269000.0,
        "Operating Income": 9865000.0,
        "Operating Expense": 10194000.0,
        "Other Taxes": 4798000.0,
        "Depreciation Amortization Depletion Income Statement": 5396000.0,
        "Depreciation And Amortization In Income Statement": 5396000.0,
        "Depreciation Income Statement": 5396000.0,
        "Gross Profit": 20059000.0,
        "Cost Of Revenue": 20465000.0,
        "Total Revenue": 40524000.0,
        "Operating Revenue": 40524000.0
    },
    "2024-06-30": {
        "Tax Effect Of Unusual Items": 0.0,
        "Tax Rate For Calcs": 0.242929,
        "Normalized EBITDA": 25000000.0,
        "Total Unusual Items": NaN,
        "Total Unusual Items Excluding Goodwill": NaN,
        "Net Income From Continuing Operation Net Minority Interest": 10546000.0,
        "Reconciled Depreciation": 7029000.0,
        "Reconciled Cost Of Revenue": 21101000.0,
        "EBITDA": 25000000.0,
        "EBIT": 17971000.0,
        "Net Interest Income": -4041000.0,
        "Interest Expense": 4041000.0,
        "Normalized Income": 10546000.0,
        "Net Income From Continuing And Discontinued Operation": 10546000.0,
        "Total Expenses": 33831000.0,
        "Total Operating Income As Reported": 15315000.0,
        "Diluted Average Shares": 17944000.0,
        "Basic Average Shares": 17829000.0,
        "Diluted EPS": 0.59,
        "Basic EPS": 0.59,
        "Diluted NI Availto Com Stockholders": 10533000.0,
        "Average Dilution Earnings": 17000.0,
        "Net Income Common Stockholders": 10516000.0,
        "Preferred Stock Dividends": 30000.0,
        "Net Income": 10546000.0,
        "Net Income Including Noncontrolling Interests": 10546000.0,
        "Net Income Continuous Operations": 10546000.0,
        "Tax Provision": 3384000.0,
        "Pretax Income": 13930000.0,
        "Other Income Expense": 2656000.0,
        "Other Non Operating Income Expenses": 2656000.0,
        "Special Income Charges": NaN,
        "Gain On Sale Of Business": NaN,
        "Other Special Charges": NaN,
        "Net Non Operating Interest Income Expense": -4041000.0,
        "Interest Expense Non Operating": 4041000.0,
        "Operating Income": 15315000.0,
        "Operating Expense": 12006000.0,
        "Other Taxes": 5701000.0,
        "Depreciation Amortization Depletion Income Statement": 6305000.0,
        "Depreciation And Amortization In Income Statement": 6305000.0,
        "Depreciation Income Statement": 6305000.0,
        "Gross Profit": 27321000.0,
        "Cost Of Revenue": 21825000.0,
        "Total Revenue": 49146000.0,
        "Operating Revenue": 49146000.0
    }
}