{
    "2023-03-31": {
        "Tax Effect Of Unusual Items": 0.0,
        "Tax Rate For Calcs": 0.21,
        "Normalized EBITDA": 102619000.0,
        "Net Income From Continuing Operation Net Minority Interest": 52379000.0,
        "Reconciled Depreciation": 840000.0,
        "Reconciled Cost Of Revenue": 239051000.0,
        "EBITDA": 102619000.0,
        "EBIT": 101779000.0,
        "Net Interest Income": -6300000.0,
        "Interest Expense": 7004000.0,
        "Interest Income": 704000.0,
        "Normalized Income": 52379000.0,
        "Net Income From Continuing And Discontinued Operation": 52379000.0,
        "Total Expenses": 300993000.0,
        "Total Operating Income As Reported": 81751000.0,
        "Diluted Average Shares": 24062000.0,
        "Basic Average Shares": 23971000.0,
        "Diluted EPS": 2.18,
        "Basic EPS": 2.19,
        "Diluted NI Availto Com Stockholders": 52379000.0,
        "Net Income Common Stockholders": 52379000.0,
        "Net Income": 52379000.0,
        "Minority Interests": 566000.0,
        "Net Income Including Noncontrolling Interests": 51813000.0,
        "Net Income Continuous Operations": 51813000.0,
        "Tax Provision": 42962000.0,
        "Pretax Income": 94775000.0,
        "Other Income Expense": 19324000.0,
        "Other Non Operating Income Expenses": 19324000.0,
        "Net Non Operating Interest Income Expense": -6300000.0,
        "Interest Expense Non Operating": 7004000.0,
        "Interest Income Non Operating": 704000.0,
        "Operating Income": 81751000.0,
        "Operating Expense": 61942000.0,
        "Depreciation Amortization Depletion Income Statement": 840000.0,
        "Depreciation And Amortization In Income Statement": 840000.0,
        "Selling General And Administration": 61102000.0,
        "Gross Profit": 143693000.0,
        "Cost Of Revenue": 239051000.0,
        "Total Revenue": 382744000.0,
        "Operating Revenue": 382744000.0
    },
    "2022-12-31": {
        "Tax Effect Of Unusual Items": 0.0,
        "Tax Rate For Calcs": 0.4,
        "Normalized EBITDA": 53308000.0,
        "Net Income From Continuing Operation Net Minority Interest": 22491000.0,
        "Reconciled Depreciation": 838000.0,
        "Reconciled Cost Of Revenue": 225702000.0,
        "EBITDA": 53308000.0,
        "EBIT": 52470000.0,
        "Net Interest Income": -5512000.0,
        "Interest Expense": 6079000.0,
        "Interest Income": 567000.0,
        "Normalized Income": 22491000.0,
        "Net Income From Continuing And Discontinued Operation": 22491000.0,
        "Total Expenses": 302176000.0,
        "Total Operating Income As Reported": 51518000.0,
        "Diluted Average Shares": 24189000.0,
        "Basic Average Shares": 24130000.0,
        "Diluted EPS": 0.84,
        "Basic EPS": 0.85,
        "Diluted NI Availto Com Stockholders": 22491000.0,
        "Net Income Common Stockholders": 22491000.0,
        "Net Income": 22491000.0,
        "Minority Interests": 655000.0,
        "Net Income Including Noncontrolling Interests": 21836000.0,
        "Net Income Continuous Operations": 21836000.0,
        "Tax Provision": 24555000.0,
        "Pretax Income": 46391000.0,
        "Other Income Expense": 385000.0,
        "Other Non Operating Income Expenses": 385000.0,
        "Net Non Operating Interest Income Expense": -5512000.0,
        "Interest Expense Non Operating": 6079000.0,
        "Interest Income Non Operating": 567000.0,
        "Operating Income": 51518000.0,
        "Operating Expense": 76474000.0,
        "Depreciation Amortization Depletion Income Statement": 838000.0,
        "Depreciation And Amortization In Income Statement": 838000.0,
        "Selling General And Administration": 75636000.0,
        "Gross Profit": 127992000.0,
        "Cost Of Revenue": 225702000.0,
        "Total Revenue": 353694000.0,
        "Operating Revenue": 353694000.0
    },
    "2022-09-30": {
        "Tax Effect Of Unusual Items": 0.0,
        "Tax Rate For Calcs": 0.4,
        "Normalized EBITDA": -34683000.0,
        "Net Income From Continuing Operation Net Minority Interest": -17820000.0,
        "Reconciled Depreciation": 1025000.0,
        "Reconciled Cost Of Revenue": 3681000.0,
        "EBITDA": -34683000.0,
        "EBIT": -35708000.0,
        "Net Interest Income": -2956000.0,
        "Interest Expense": 3312000.0,
        "Interest Income": 356000.0,
        "Normalized Income": -17820000.0,
        "Net Income From Continuing And Discontinued Operation": -17820000.0,
        "Total Expenses": 59987000.0,
        "Total Operating Income As Reported": -35898000.0,
        "Diluted Average Shares": 24295000.0,
        "Basic Average Shares": 24295000.0,
        "Diluted EPS": -0.73,
        "Basic EPS": -0.73,
        "Diluted NI Availto Com Stockholders": -17820000.0,
        "Net Income Common Stockholders": -17820000.0,
        "Net Income": -17820000.0,
        "Minority Interests": 707000.0,
        "Net Income Including Noncontrolling Interests": -18527000.0,
        "Net Income Continuous Operations": -18527000.0,
        "Tax Provision": -20493000.0,
        "Pretax Income": -39020000.0,
        "Other Income Expense": -166000.0,
        "Other Non Operating Income Expenses": -166000.0,
        "Net Non Operating Interest Income Expense": -2956000.0,
        "Interest Expense Non Operating": 3312000.0,
        "Interest Income Non Operating": 356000.0,
        "Operating Income": -35898000.0,
        "Operating Expense": 56306000.0,
        "Depreciation Amortization Depletion Income Statement": 1025000.0,
        "Depreciation And Amortization In Income Statement": 1025000.0,
        "Selling General And Administration": 55281000.0,
        "Gross Profit": 20408000.0,
        "Cost Of Revenue": 3681000.0,
        "Total Revenue": 24089000.0,
        "Operating Revenue": 24089000.0
    },
    "2022-06-30": {
        "Tax Effect Of Unusual Items": 0.0,
        "Tax Rate For Calcs": 0.4,
        "Normalized EBITDA": 24533000.0,
        "Net Income From Continuing Operation Net Minority Interest": 27188000.0,
        "Reconciled Depreciation": 1195000.0,
        "Reconciled Cost Of Revenue": 92866000.0,
        "EBITDA": 24533000.0,
        "EBIT": 23338000.0,
        "Net Interest Income": -2409000.0,
        "Interest Expense": 2577000.0,
        "Interest Income": 168000.0,
        "Normalized Income": 27188000.0,
        "Net Income From Continuing And Discontinued Operation": 27188000.0,
        "Total Expenses": 151499000.0,
        "Total Operating Income As Reported": 23706000.0,
        "Diluted Average Shares": 24489000.0,
        "Basic Average Shares": 24279000.0,
        "Diluted EPS": 1.11,
        "Basic EPS": 1.12,
        "Diluted NI Availto Com Stockholders": 27188000.0,
        "Net Income Common Stockholders": 27188000.0,
        "Net Income": 27188000.0,
        "Minority Interests": 540000.0,
        "Net Income Including Noncontrolling Interests": 26648000.0,
        "Net Income Continuous Operations": 26648000.0,
        "Tax Provision": -5887000.0,
        "Pretax Income": 20761000.0,
        "Other Income Expense": -536000.0,
        "Other Non Operating Income Expenses": -536000.0,
        "Net Non Operating Interest Income Expense": -2409000.0,
        "Interest Expense Non Operating": 2577000.0,
        "Interest Income Non Operating": 168000.0,
        "Operating Income": 23706000.0,
        "Operating Expense": 58633000.0,
        "Depreciation Amortization Depletion Income Statement": 1195000.0,
        "Depreciation And Amortization In Income Statement": 1195000.0,
        "Selling General And Administration": 57438000.0,
        "Gross Profit": 82339000.0,
        "Cost Of Revenue": 92866000.0,
        "Total Revenue": 175205000.0,
        "Operating Revenue": 175205000.0
    },
    "2022-03-31": {
        "Diluted EPS": 1.0,
        "Total Revenue": 338,
        "Gross Profit": 132,
        "Operating Income": 61,
        "EBIT": 63,
        "Net Income": 25
    },
    "2021-12-31": {
        "Diluted EPS": 0.65,
        "Total Revenue": 290,
        "Gross Profit": 97,
        "Operating Income": 36,
        "EBIT": 37,
        "Net Income": 16
    },
    "2021-09-30": {
        "Diluted EPS": -0.68,
        "Total Revenue": 19,
        "Gross Profit": 10,
        "Operating Income": -35,
        "EBIT": -34,
        "Net Income": -16
    },
    "2021-06-30": {
        "Diluted EPS": 2.06,
        "Total Revenue": 147,
        "Gross Profit": 48,
        "Operating Income": -21,
        "EBIT": -20,
        "Net Income": 50
    },
    "2021-03-31": {
        "Diluted EPS": 0.22,
        "Total Revenue": 183,
        "Gross Profit": 57,
        "Operating Income": 8,
        "EBIT": 10,
        "Net Income": 5
    },
    "2020-12-31": {
        "Diluted EPS": -1.68,
        "Total Revenue": 29,
        "Gross Profit": 12,
        "Operating Income": -38,
        "EBIT": -37,
        "Net Income": -41
    },
    "2020-09-30": {
        "Diluted EPS": -1.18,
        "Total Revenue": 57,
        "Gross Profit": 17,
        "Operating Income": -27,
        "EBIT": -26,
        "Net Income": -28
    },
    "2020-06-30": {
        "Diluted EPS": -3.27,
        "Total Revenue": -7,
        "Gross Profit": 11,
        "Operating Income": -45,
        "EBIT": -38,
        "Net Income": -79
    },
    "2020-03-31": {
        "Diluted EPS": -4.92,
        "Total Revenue": 268,
        "Gross Profit": 106,
        "Operating Income": 11,
        "EBIT": 143,
        "Net Income": -118
    },
    "2019-12-31": {
        "Diluted EPS": 3.93,
        "Total Revenue": 293,
        "Gross Profit": 95,
        "Operating Income": 0,
        "EBIT": 28,
        "Net Income": 94
    },
    "2019-09-30": {
        "Diluted EPS": -3.36,
        "Total Revenue": 50,
        "Gross Profit": 31,
        "Operating Income": -59,
        "EBIT": -30,
        "Net Income": -80
    },
    "2019-06-30": {
        "Diluted EPS": -3.06,
        "Total Revenue": -638,
        "Gross Profit": -257,
        "Operating Income": -124,
        "EBIT": -94,
        "Net Income": -73
    },
    "2019-03-31": {
        "Diluted EPS": 1.48,
        "Total Revenue": 517,
        "Gross Profit": 206,
        "Operating Income": 39,
        "EBIT": 67,
        "Net Income": 35
    },
    "2018-12-31": {
        "Diluted EPS": 3.42,
        "Total Revenue": 632,
        "Gross Profit": 245,
        "Operating Income": 78,
        "EBIT": 108,
        "Net Income": 82
    },
    "2018-09-30": {
        "Diluted EPS": -1.36,
        "Total Revenue": 218,
        "Gross Profit": 94,
        "Operating Income": -51,
        "EBIT": -21,
        "Net Income": -32
    },
    "2018-06-30": {
        "Diluted EPS": -1.93,
        "Total Revenue": -529,
        "Gross Profit": -213,
        "Operating Income": -85,
        "EBIT": -54,
        "Net Income": -46
    },
    "2018-03-31": {
        "Diluted EPS": 0.38,
        "Total Revenue": 460,
        "Gross Profit": 160,
        "Operating Income": 8,
        "EBIT": 39,
        "Net Income": 9
    },
    "2017-12-31": {
        "Diluted EPS": 7.96,
        "Total Revenue": 536,
        "Gross Profit": 225,
        "Operating Income": 73,
        "EBIT": 104,
        "Net Income": 190
    },
    "2017-09-30": {
        "Diluted EPS": -0.47,
        "Total Revenue": 245,
        "Gross Profit": 122,
        "Operating Income": -14,
        "EBIT": 16,
        "Net Income": -11
    },
    "2017-06-30": {
        "Diluted EPS": -3.51,
        "Total Revenue": 306,
        "Gross Profit": 76,
        "Operating Income": -88,
        "EBIT": -51,
        "Net Income": -84
    },
    "2017-03-31": {
        "Diluted EPS": -0.74,
        "Total Revenue": 386,
        "Gross Profit": 133,
        "Operating Income": 7,
        "EBIT": 33,
        "Net Income": -18
    },
    "2016-12-31": {
        "Diluted EPS": 2.39,
        "Total Revenue": 445,
        "Gross Profit": 178,
        "Operating Income": 58,
        "EBIT": 84,
        "Net Income": 58
    },
    "2016-09-30": {
        "Diluted EPS": -1.19,
        "Total Revenue": 182,
        "Gross Profit": 70,
        "Operating Income": -33,
        "EBIT": -7,
        "Net Income": -29
    },
    "2016-06-30": {
        "Diluted EPS": -2.33,
        "Total Revenue": 218,
        "Gross Profit": 76,
        "Operating Income": -46,
        "EBIT": -21,
        "Net Income": -58
    },
    "2016-03-31": {
        "Diluted EPS": -2.47,
        "Total Revenue": 336,
        "Gross Profit": 61,
        "Operating Income": -57,
        "EBIT": -31,
        "Net Income": -61
    },
    "2015-12-31": {
        "Diluted EPS": 1.74,
        "Total Revenue": 411,
        "Gross Profit": 161,
        "Operating Income": 49,
        "EBIT": 75,
        "Net Income": 43
    },
    "2015-09-30": {
        "Diluted EPS": -0.06,
        "Total Revenue": 150,
        "Gross Profit": 79,
        "Operating Income": -5,
        "EBIT": 21,
        "Net Income": -2
    },
    "2015-06-30": {
        "Diluted EPS": 0.6,
        "Total Revenue": 388,
        "Gross Profit": 199,
        "Operating Income": 81,
        "EBIT": 105,
        "Net Income": 46
    },
    "2015-03-31": {
        "Diluted EPS": -0.46,
        "Total Revenue": 301,
        "Gross Profit": 70,
        "Operating Income": -10,
        "EBIT": 16,
        "Net Income": -11
    },
    "2014-12-31": {
        "Diluted EPS": 0.39,
        "Total Revenue": 397,
        "Gross Profit": 128,
        "Operating Income": 40,
        "EBIT": 65,
        "Net Income": 10
    },
    "2014-09-30": {
        "Diluted EPS": -1.51,
        "Total Revenue": 119,
        "Gross Profit": 51,
        "Operating Income": -35,
        "EBIT": -1,
        "Net Income": -38
    },
    "2014-06-30": {
        "Diluted EPS": 0.15,
        "Total Revenue": 372,
        "Gross Profit": 154,
        "Operating Income": 20,
        "EBIT": 33,
        "Net Income": 12
    },
    "2014-03-31": {
        "Diluted EPS": 0.24,
        "Total Revenue": 459,
        "Gross Profit": 158,
        "Operating Income": 27,
        "EBIT": 58,
        "Net Income": 19
    },
    "2013-12-31": {
        "Diluted EPS": 0.77,
        "Total Revenue": 509,
        "Gross Profit": 208,
        "Operating Income": 97,
        "EBIT": 121,
        "Net Income": 61
    },
    "2013-09-30": {
        "Diluted EPS": 0.31,
        "Total Revenue": 216,
        "Gross Profit": 136,
        "Operating Income": 40,
        "EBIT": 63,
        "Net Income": 24
    },
    "2013-06-30": {
        "Diluted EPS": 0.48,
        "Total Revenue": 336,
        "Gross Profit": 172,
        "Operating Income": 66,
        "EBIT": 91,
        "Net Income": 36
    },
    "2013-03-31": {
        "Diluted EPS": 0.49,
        "Total Revenue": 412,
        "Gross Profit": 166,
        "Operating Income": 64,
        "EBIT": 87,
        "Net Income": 38
    },
    "2012-12-31": {
        "Diluted EPS": 0.6,
        "Total Revenue": 388,
        "Gross Profit": 181,
        "Operating Income": 81,
        "EBIT": 103,
        "Net Income": 47
    },
    "2012-09-30": {
        "Diluted EPS": 0.26,
        "Total Revenue": 204,
        "Gross Profit": 131,
        "Operating Income": 40,
        "EBIT": 60,
        "Net Income": 21
    },
    "2012-06-30": {
        "Diluted EPS": 0.37,
        "Total Revenue": 333,
        "Gross Profit": 159,
        "Operating Income": 227,
        "EBIT": 252,
        "Net Income": 29
    },
    "2012-03-31": {
        "Diluted EPS": 0.4,
        "Total Revenue": 400,
        "Gross Profit": 156,
        "Operating Income": 53,
        "EBIT": 76,
        "Net Income": 31
    },
    "2011-12-31": {
        "Diluted EPS": 0.33,
        "Total Revenue": 373,
        "Gross Profit": 148,
        "Operating Income": 48,
        "EBIT": 73,
        "Net Income": 26
    },
    "2011-09-30": {
        "Diluted EPS": 0.28,
        "Total Revenue": 178,
        "Gross Profit": 106,
        "Operating Income": 26,
        "EBIT": 43,
        "Net Income": 21
    },
    "2011-06-30": {
        "Diluted EPS": 0.11,
        "Total Revenue": 234,
        "Gross Profit": 476,
        "Operating Income": 167,
        "EBIT": 162,
        "Net Income": 9
    },
    "2011-03-31": {
        "Diluted EPS": 0.25,
        "Total Revenue": 330,
        "Gross Profit": 123,
        "Operating Income": 30,
        "EBIT": 52,
        "Net Income": 19
    },
    "2010-12-31": {
        "Diluted EPS": 0.0,
        "Total Revenue": NaN,
        "Gross Profit": NaN,
        "Operating Income": NaN,
        "EBIT": NaN,
        "Net Income": NaN
    },
    "2010-09-30": {
        "Diluted EPS": 0.25,
        "Total Revenue": 191,
        "Gross Profit": 110,
        "Operating Income": 26,
        "EBIT": 40,
        "Net Income": 19
    },
    "2010-06-30": {
        "Diluted EPS": 0.18,
        "Total Revenue": 227,
        "Gross Profit": 103,
        "Operating Income": 26,
        "EBIT": 40,
        "Net Income": 14
    },
    "2010-03-31": {
        "Diluted EPS": 0.23,
        "Total Revenue": 307,
        "Gross Profit": 110,
        "Operating Income": 30,
        "EBIT": -14,
        "Net Income": 17
    },
    "2009-12-31": {
        "Diluted EPS": 0.0,
        "Total Revenue": NaN,
        "Gross Profit": NaN,
        "Operating Income": NaN,
        "EBIT": 15,
        "Net Income": NaN
    },
    "2009-09-30": {
        "Diluted EPS": 0.14,
        "Total Revenue": 162,
        "Gross Profit": 90,
        "Operating Income": 12,
        "EBIT": 57,
        "Net Income": 10
    },
    "2009-06-30": {
        "Diluted EPS": -0.05,
        "Total Revenue": 207,
        "Gross Profit": 85,
        "Operating Income": 207,
        "EBIT": 222,
        "Net Income": -4
    },
    "2009-03-31": {
        "Diluted EPS": -0.03,
        "Total Revenue": 281,
        "Gross Profit": 74,
        "Operating Income": -2,
        "EBIT": -52,
        "Net Income": -2
    },
    "2023-06-30": {
        "Tax Effect Of Unusual Items": 0.0,
        "Tax Rate For Calcs": 0.223395,
        "Normalized EBITDA": -4862000.0,
        "Net Income From Continuing Operation Net Minority Interest": -9257000.0,
        "Reconciled Depreciation": 874000.0,
        "Reconciled Cost Of Revenue": 80377000.0,
        "EBITDA": -4862000.0,
        "EBIT": -5736000.0,
        "Net Interest Income": -5724000.0,
        "Interest Expense": 6489000.0,
        "Interest Income": 765000.0,
        "Normalized Income": -9257000.0,
        "Net Income From Continuing And Discontinued Operation": -9257000.0,
        "Total Expenses": 139117000.0,
        "Total Operating Income As Reported": -12197000.0,
        "Diluted Average Shares": 23961000.0,
        "Basic Average Shares": 23961000.0,
        "Diluted EPS": -0.39,
        "Basic EPS": -0.39,
        "Diluted NI Availto Com Stockholders": -9257000.0,
        "Net Income Common Stockholders": -9257000.0,
        "Net Income": -9257000.0,
        "Minority Interests": 237000.0,
        "Net Income Including Noncontrolling Interests": -9494000.0,
        "Net Income Continuous Operations": -9494000.0,
        "Tax Provision": -2731000.0,
        "Pretax Income": -12225000.0,
        "Other Income Expense": 5696000.0,
        "Other Non Operating Income Expenses": 5696000.0,
        "Net Non Operating Interest Income Expense": -5724000.0,
        "Interest Expense Non Operating": 6489000.0,
        "Interest Income Non Operating": 765000.0,
        "Operating Income": -12197000.0,
        "Operating Expense": 58740000.0,
        "Depreciation Amortization Depletion Income Statement": 874000.0,
        "Depreciation And Amortization In Income Statement": 874000.0,
        "Selling General And Administration": 57866000.0,
        "Gross Profit": 46543000.0,
        "Cost Of Revenue": 80377000.0,
        "Total Revenue": 126920000.0,
        "Operating Revenue": 126920000.0
    },
    "2023-09-30": {
        "Tax Effect Of Unusual Items": 0.0,
        "Tax Rate For Calcs": 0.21,
        "Normalized EBITDA": -26242000.0,
        "Net Income From Continuing Operation Net Minority Interest": -18821000.0,
        "Reconciled Depreciation": 794000.0,
        "Reconciled Cost Of Revenue": 3520000.0,
        "EBITDA": -26242000.0,
        "EBIT": -27036000.0,
        "Net Interest Income": -6476000.0,
        "Interest Expense": 6929000.0,
        "Interest Income": 453000.0,
        "Normalized Income": -18821000.0,
        "Net Income From Continuing And Discontinued Operation": -18821000.0,
        "Total Expenses": 57870000.0,
        "Total Operating Income As Reported": -14824000.0,
        "Diluted Average Shares": 23971000.0,
        "Basic Average Shares": 23971000.0,
        "Diluted EPS": -0.79,
        "Basic EPS": -0.79,
        "Diluted NI Availto Com Stockholders": -18821000.0,
        "Net Income Common Stockholders": -18821000.0,
        "Net Income": -18821000.0,
        "Minority Interests": 0.0,
        "Net Income Including Noncontrolling Interests": -18821000.0,
        "Net Income Continuous Operations": -18821000.0,
        "Tax Provision": -15144000.0,
        "Pretax Income": -33965000.0,
        "Other Income Expense": -12665000.0,
        "Other Non Operating Income Expenses": -12665000.0,
        "Net Non Operating Interest Income Expense": -6476000.0,
        "Interest Expense Non Operating": 6929000.0,
        "Interest Income Non Operating": 453000.0,
        "Operating Income": -14824000.0,
        "Operating Expense": 54350000.0,
        "Depreciation Amortization Depletion Income Statement": 794000.0,
        "Depreciation And Amortization In Income Statement": 794000.0,
        "Selling General And Administration": 53556000.0,
        "Gross Profit": 39526000.0,
        "Cost Of Revenue": 3520000.0,
        "Total Revenue": 43046000.0,
        "Operating Revenue": 43046000.0
    }
}