{
    "2023-05-31": {
        "Tax Effect Of Unusual Items": NaN,
        "Tax Rate For Calcs": NaN,
        "Normalized EBITDA": NaN,
        "Total Unusual Items": NaN,
        "Total Unusual Items Excluding Goodwill": NaN,
        "Net Income From Continuing Operation Net Minority Interest": NaN,
        "Reconciled Depreciation": NaN,
        "Reconciled Cost Of Revenue": NaN,
        "EBITDA": NaN,
        "EBIT": NaN,
        "Net Interest Income": NaN,
        "Interest Expense": NaN,
        "Interest Income": NaN,
        "Normalized Income": NaN,
        "Net Income From Continuing And Discontinued Operation": NaN,
        "Total Expenses": NaN,
        "Total Operating Income As Reported": NaN,
        "Diluted Average Shares": 56156000.0,
        "Basic Average Shares": 55963000.0,
        "Diluted EPS": 1.69,
        "Basic EPS": 1.7,
        "Diluted NI Availto Com Stockholders": NaN,
        "Net Income Common Stockholders": NaN,
        "Net Income": NaN,
        "Minority Interests": NaN,
        "Net Income Including Noncontrolling Interests": NaN,
        "Net Income Continuous Operations": NaN,
        "Tax Provision": NaN,
        "Pretax Income": NaN,
        "Other Income Expense": NaN,
        "Other Non Operating Income Expenses": NaN,
        "Special Income Charges": NaN,
        "Restructuring And Mergern Acquisition": NaN,
        "Net Non Operating Interest Income Expense": NaN,
        "Interest Expense Non Operating": NaN,
        "Interest Income Non Operating": NaN,
        "Operating Income": NaN,
        "Operating Expense": NaN,
        "Gross Profit": NaN,
        "Cost Of Revenue": NaN,
        "Total Revenue": NaN,
        "Operating Revenue": NaN
    },
    "2023-02-28": {
        "Tax Effect Of Unusual Items": NaN,
        "Tax Rate For Calcs": NaN,
        "Normalized EBITDA": NaN,
        "Total Unusual Items": NaN,
        "Total Unusual Items Excluding Goodwill": NaN,
        "Net Income From Continuing Operation Net Minority Interest": NaN,
        "Reconciled Depreciation": NaN,
        "Reconciled Cost Of Revenue": NaN,
        "EBITDA": NaN,
        "EBIT": NaN,
        "Net Interest Income": NaN,
        "Interest Expense": NaN,
        "Interest Income": NaN,
        "Normalized Income": NaN,
        "Net Income From Continuing And Discontinued Operation": NaN,
        "Total Expenses": NaN,
        "Total Operating Income As Reported": NaN,
        "Diluted Average Shares": 56001000.0,
        "Basic Average Shares": 55880000.0,
        "Diluted EPS": 1.41,
        "Basic EPS": 1.42,
        "Diluted NI Availto Com Stockholders": NaN,
        "Net Income Common Stockholders": NaN,
        "Net Income": NaN,
        "Minority Interests": NaN,
        "Net Income Including Noncontrolling Interests": NaN,
        "Net Income Continuous Operations": NaN,
        "Tax Provision": NaN,
        "Pretax Income": NaN,
        "Other Income Expense": NaN,
        "Other Non Operating Income Expenses": NaN,
        "Special Income Charges": NaN,
        "Restructuring And Mergern Acquisition": NaN,
        "Net Non Operating Interest Income Expense": NaN,
        "Interest Expense Non Operating": NaN,
        "Interest Income Non Operating": NaN,
        "Operating Income": NaN,
        "Operating Expense": NaN,
        "Gross Profit": NaN,
        "Cost Of Revenue": NaN,
        "Total Revenue": NaN,
        "Operating Revenue": NaN
    },
    "2022-11-30": {
        "Tax Effect Of Unusual Items": NaN,
        "Tax Rate For Calcs": NaN,
        "Normalized EBITDA": NaN,
        "Total Unusual Items": NaN,
        "Total Unusual Items Excluding Goodwill": NaN,
        "Net Income From Continuing Operation Net Minority Interest": NaN,
        "Reconciled Depreciation": NaN,
        "Reconciled Cost Of Revenue": NaN,
        "EBITDA": NaN,
        "EBIT": NaN,
        "Net Interest Income": NaN,
        "Interest Expense": NaN,
        "Interest Income": NaN,
        "Normalized Income": NaN,
        "Net Income From Continuing And Discontinued Operation": NaN,
        "Total Expenses": NaN,
        "Total Operating Income As Reported": NaN,
        "Diluted Average Shares": 56081000.0,
        "Basic Average Shares": 55891000.0,
        "Diluted EPS": 1.45,
        "Basic EPS": 1.45,
        "Diluted NI Availto Com Stockholders": NaN,
        "Net Income Common Stockholders": NaN,
        "Net Income": NaN,
        "Minority Interests": NaN,
        "Net Income Including Noncontrolling Interests": NaN,
        "Net Income Continuous Operations": NaN,
        "Tax Provision": NaN,
        "Pretax Income": NaN,
        "Other Income Expense": NaN,
        "Other Non Operating Income Expenses": NaN,
        "Special Income Charges": NaN,
        "Restructuring And Mergern Acquisition": NaN,
        "Net Non Operating Interest Income Expense": NaN,
        "Interest Expense Non Operating": NaN,
        "Interest Income Non Operating": NaN,
        "Operating Income": NaN,
        "Operating Expense": NaN,
        "Gross Profit": NaN,
        "Cost Of Revenue": NaN,
        "Total Revenue": NaN,
        "Operating Revenue": NaN
    },
    "2022-08-31": {
        "Tax Effect Of Unusual Items": 1456475.44745,
        "Tax Rate For Calcs": 0.242302,
        "Normalized EBITDA": 137691000.0,
        "Total Unusual Items": 6011000.0,
        "Total Unusual Items Excluding Goodwill": 6011000.0,
        "Net Income From Continuing Operation Net Minority Interest": 104131000.0,
        "Reconciled Depreciation": 17950000.0,
        "Reconciled Cost Of Revenue": 594017000.0,
        "EBITDA": 143702000.0,
        "EBIT": 143702000.0,
        "Net Interest Income": -5884000.0,
        "Interest Expense": 5977000.0,
        "Interest Income": 93000.0,
        "Normalized Income": 99576475.44745,
        "Net Income From Continuing And Discontinued Operation": 104131000.0,
        "Total Expenses": 884279000.0,
        "Total Operating Income As Reported": 143977000.0,
        "Diluted Average Shares": 56061000.0,
        "Basic Average Shares": 55858000.0,
        "Diluted EPS": 1.86,
        "Basic EPS": 1.86,
        "Diluted NI Availto Com Stockholders": 104131000.0,
        "Net Income Common Stockholders": 104131000.0,
        "Net Income": 104131000.0,
        "Minority Interests": -223000.0,
        "Net Income Including Noncontrolling Interests": 104354000.0,
        "Net Income Continuous Operations": 104354000.0,
        "Tax Provision": 33371000.0,
        "Pretax Income": 137725000.0,
        "Other Income Expense": 5643000.0,
        "Other Non Operating Income Expenses": -368000.0,
        "Special Income Charges": 6011000.0,
        "Gain On Sale Of Ppe": 10132000.0,
        "Impairment Of Capital Assets": 0.0,
        "Restructuring And Mergern Acquisition": 4121000.0,
        "Net Non Operating Interest Income Expense": -5884000.0,
        "Interest Expense Non Operating": 5977000.0,
        "Interest Income Non Operating": 93000.0,
        "Operating Income": 137966000.0,
        "Operating Expense": 290262000.0,
        "Gross Profit": 428228000.0,
        "Cost Of Revenue": 594017000.0,
        "Total Revenue": 1022245000.0,
        "Operating Revenue": 1022245000.0
    },
    "2022-05-31": {
        "Tax Effect Of Unusual Items": -820017.0,
        "Tax Rate For Calcs": 0.251,
        "Normalized EBITDA": 158119000.0,
        "Total Unusual Items": -3267000.0,
        "Total Unusual Items Excluding Goodwill": -3267000.0,
        "Net Income From Continuing Operation Net Minority Interest": 99657000.0,
        "Reconciled Depreciation": 17441000.0,
        "Reconciled Cost Of Revenue": 547430000.0,
        "EBIT": 137411000.0,
        "Net Interest Income": -4260000.0,
        "Interest Expense": 4277000.0,
        "Interest Income": 17000.0,
        "Normalized Income": 102103983.0,
        "Net Income From Continuing And Discontinued Operation": 99657000.0,
        "Total Expenses": 818476000.0,
        "Total Operating Income As Reported": 136836000.0,
        "Diluted Average Shares": 56106000.0,
        "Basic Average Shares": 55914000.0,
        "Diluted EPS": 1.78,
        "Basic EPS": 1.78,
        "Diluted NI Availto Com Stockholders": 99657000.0,
        "Net Income Common Stockholders": 99657000.0,
        "Net Income": 99657000.0,
        "Minority Interests": -60000.0,
        "Net Income Including Noncontrolling Interests": 99717000.0,
        "Net Income Continuous Operations": 99717000.0,
        "Tax Provision": 33417000.0,
        "Pretax Income": 133134000.0,
        "Other Income Expense": -2709000.0,
        "Other Non Operating Income Expenses": 558000.0,
        "Special Income Charges": -3267000.0,
        "Gain On Sale Of Ppe": NaN,
        "Impairment Of Capital Assets": NaN,
        "Restructuring And Mergern Acquisition": 3267000.0,
        "Net Non Operating Interest Income Expense": -4260000.0,
        "Interest Expense Non Operating": 4277000.0,
        "Interest Income Non Operating": 17000.0,
        "Operating Income": 140103000.0,
        "Operating Expense": 271046000.0,
        "Gross Profit": 411149000.0,
        "Cost Of Revenue": 547430000.0,
        "Total Revenue": 958579000.0,
        "Operating Revenue": 958579000.0
    },
    "2022-02-28": {
        "Diluted EPS": 1.25,
        "Total Revenue": 863,
        "Gross Profit": 366,
        "Operating Income": 97,
        "EBIT": 115,
        "Net Income": 70
    },
    "2021-11-30": {
        "Diluted EPS": 1.18,
        "Total Revenue": 849,
        "Gross Profit": 353,
        "Operating Income": 91,
        "EBIT": 108,
        "Net Income": 66
    },
    "2021-08-31": {
        "Diluted EPS": 1.18,
        "Total Revenue": 831,
        "Gross Profit": 349,
        "Operating Income": 91,
        "EBIT": 108,
        "Net Income": 66
    },
    "2021-05-31": {
        "Diluted EPS": 1.68,
        "Total Revenue": 866,
        "Gross Profit": 366,
        "Operating Income": 129,
        "EBIT": 146,
        "Net Income": 94
    },
    "2021-02-28": {
        "Diluted EPS": 0.32,
        "Total Revenue": 774,
        "Gross Profit": 295,
        "Operating Income": 28,
        "EBIT": 45,
        "Net Income": 18
    },
    "2020-11-30": {
        "Diluted EPS": 0.69,
        "Total Revenue": 772,
        "Gross Profit": 323,
        "Operating Income": 54,
        "EBIT": 71,
        "Net Income": 38
    },
    "2020-08-31": {
        "Diluted EPS": 0.93,
        "Total Revenue": 748,
        "Gross Profit": 311,
        "Operating Income": 73,
        "EBIT": 91,
        "Net Income": 52
    },
    "2020-05-31": {
        "Diluted EPS": 1.4,
        "Total Revenue": 835,
        "Gross Profit": 354,
        "Operating Income": 110,
        "EBIT": 127,
        "Net Income": 78
    },
    "2020-02-29": {
        "Diluted EPS": 1.0,
        "Total Revenue": 786,
        "Gross Profit": 331,
        "Operating Income": 78,
        "EBIT": 95,
        "Net Income": 56
    },
    "2019-11-30": {
        "Diluted EPS": 1.18,
        "Total Revenue": 824,
        "Gross Profit": 347,
        "Operating Income": 90,
        "EBIT": 107,
        "Net Income": 65
    },
    "2019-08-31": {
        "Diluted EPS": 1.19,
        "Total Revenue": 843,
        "Gross Profit": 354,
        "Operating Income": 91,
        "EBIT": 107,
        "Net Income": 67
    },
    "2019-05-31": {
        "Diluted EPS": 1.44,
        "Total Revenue": 867,
        "Gross Profit": 369,
        "Operating Income": 111,
        "EBIT": 127,
        "Net Income": 80
    },
    "2019-02-28": {
        "Diluted EPS": 1.24,
        "Total Revenue": 823,
        "Gross Profit": 352,
        "Operating Income": 96,
        "EBIT": 112,
        "Net Income": 68
    },
    "2018-11-30": {
        "Diluted EPS": 1.33,
        "Total Revenue": 832,
        "Gross Profit": 358,
        "Operating Income": 103,
        "EBIT": 119,
        "Net Income": 74
    },
    "2018-08-31": {
        "Diluted EPS": 1.3,
        "Total Revenue": 838,
        "Gross Profit": 360,
        "Operating Income": 108,
        "EBIT": 124,
        "Net Income": 73
    },
    "2018-05-31": {
        "Diluted EPS": 1.39,
        "Total Revenue": 828,
        "Gross Profit": 361,
        "Operating Income": 115,
        "EBIT": 131,
        "Net Income": 79
    },
    "2018-02-28": {
        "Diluted EPS": 2.06,
        "Total Revenue": 769,
        "Gross Profit": 337,
        "Operating Income": 98,
        "EBIT": 114,
        "Net Income": 118
    },
    "2017-11-30": {
        "Diluted EPS": 1.05,
        "Total Revenue": 769,
        "Gross Profit": 335,
        "Operating Income": 99,
        "EBIT": 115,
        "Net Income": 60
    },
    "2017-08-31": {
        "Diluted EPS": 1.07,
        "Total Revenue": 754,
        "Gross Profit": 333,
        "Operating Income": 100,
        "EBIT": 116,
        "Net Income": 61
    },
    "2017-05-31": {
        "Diluted EPS": 1.09,
        "Total Revenue": 744,
        "Gross Profit": 330,
        "Operating Income": 102,
        "EBIT": 118,
        "Net Income": 63
    },
    "2017-02-28": {
        "Diluted EPS": 0.93,
        "Total Revenue": 704,
        "Gross Profit": 315,
        "Operating Income": 87,
        "EBIT": 102,
        "Net Income": 54
    },
    "2016-11-30": {
        "Diluted EPS": 0.96,
        "Total Revenue": 686,
        "Gross Profit": 309,
        "Operating Income": 91,
        "EBIT": 106,
        "Net Income": 54
    },
    "2016-08-31": {
        "Diluted EPS": 1.03,
        "Total Revenue": 745,
        "Gross Profit": 334,
        "Operating Income": 99,
        "EBIT": 118,
        "Net Income": 62
    },
    "2016-05-31": {
        "Diluted EPS": 1.05,
        "Total Revenue": 727,
        "Gross Profit": 327,
        "Operating Income": 106,
        "EBIT": 124,
        "Net Income": 65
    },
    "2016-02-29": {
        "Diluted EPS": 0.8,
        "Total Revenue": 684,
        "Gross Profit": 309,
        "Operating Income": 81,
        "EBIT": 98,
        "Net Income": 50
    },
    "2015-11-30": {
        "Diluted EPS": 0.89,
        "Total Revenue": 707,
        "Gross Profit": 319,
        "Operating Income": 90,
        "EBIT": 108,
        "Net Income": 55
    },
    "2015-08-31": {
        "Diluted EPS": 0.97,
        "Total Revenue": 727,
        "Gross Profit": 327,
        "Operating Income": 95,
        "EBIT": 113,
        "Net Income": 60
    },
    "2015-05-31": {
        "Diluted EPS": 1.03,
        "Total Revenue": 745,
        "Gross Profit": 338,
        "Operating Income": 104,
        "EBIT": 122,
        "Net Income": 63
    },
    "2015-02-28": {
        "Diluted EPS": 0.83,
        "Total Revenue": 706,
        "Gross Profit": 321,
        "Operating Income": 86,
        "EBIT": 103,
        "Net Income": 52
    },
    "2014-11-30": {
        "Diluted EPS": 0.91,
        "Total Revenue": 731,
        "Gross Profit": 330,
        "Operating Income": 94,
        "EBIT": 111,
        "Net Income": 56
    },
    "2014-08-31": {
        "Diluted EPS": 1.01,
        "Total Revenue": 727,
        "Gross Profit": 331,
        "Operating Income": 100,
        "EBIT": 116,
        "Net Income": 62
    },
    "2014-05-31": {
        "Diluted EPS": 1.03,
        "Total Revenue": 720,
        "Gross Profit": 333,
        "Operating Income": 105,
        "EBIT": 121,
        "Net Income": 64
    },
    "2014-02-28": {
        "Diluted EPS": 0.79,
        "Total Revenue": 662,
        "Gross Profit": 307,
        "Operating Income": 82,
        "EBIT": 98,
        "Net Income": 49
    },
    "2013-11-30": {
        "Diluted EPS": 0.93,
        "Total Revenue": 679,
        "Gross Profit": 315,
        "Operating Income": 97,
        "EBIT": 113,
        "Net Income": 59
    },
    "2013-08-31": {
        "Diluted EPS": 0.89,
        "Total Revenue": 674,
        "Gross Profit": 308,
        "Operating Income": 92,
        "EBIT": 108,
        "Net Income": 56
    },
    "2013-05-31": {
        "Diluted EPS": 0.98,
        "Total Revenue": 637,
        "Gross Profit": 290,
        "Operating Income": 100,
        "EBIT": 113,
        "Net Income": 62
    },
    "2013-02-28": {
        "Diluted EPS": 0.88,
        "Total Revenue": 569,
        "Gross Profit": 256,
        "Operating Income": 91,
        "EBIT": 102,
        "Net Income": 56
    },
    "2012-11-30": {
        "Diluted EPS": 1.0,
        "Total Revenue": 577,
        "Gross Profit": 265,
        "Operating Income": 102,
        "EBIT": 112,
        "Net Income": 63
    },
    "2012-08-31": {
        "Diluted EPS": 1.09,
        "Total Revenue": 635,
        "Gross Profit": 287,
        "Operating Income": 108,
        "EBIT": 117,
        "Net Income": 68
    },
    "2012-05-31": {
        "Diluted EPS": 1.1,
        "Total Revenue": 612,
        "Gross Profit": 280,
        "Operating Income": 111,
        "EBIT": 120,
        "Net Income": 70
    },
    "2012-02-29": {
        "Diluted EPS": 0.95,
        "Total Revenue": 563,
        "Gross Profit": 259,
        "Operating Income": 97,
        "EBIT": 105,
        "Net Income": 60
    },
    "2011-11-30": {
        "Diluted EPS": 0.95,
        "Total Revenue": 546,
        "Gross Profit": 252,
        "Operating Income": 97,
        "EBIT": 105,
        "Net Income": 59
    },
    "2011-08-31": {
        "Diluted EPS": 0.93,
        "Total Revenue": 533,
        "Gross Profit": 245,
        "Operating Income": 94,
        "EBIT": 102,
        "Net Income": 59
    },
    "2011-05-31": {
        "Diluted EPS": 0.97,
        "Total Revenue": 532,
        "Gross Profit": 252,
        "Operating Income": 98,
        "EBIT": 105,
        "Net Income": 62
    },
    "2011-02-28": {
        "Diluted EPS": 0.78,
        "Total Revenue": 483,
        "Gross Profit": 226,
        "Operating Income": 81,
        "EBIT": 88,
        "Net Income": 49
    },
    "2010-11-30": {
        "Diluted EPS": 0.75,
        "Total Revenue": 473,
        "Gross Profit": 218,
        "Operating Income": 77,
        "EBIT": 84,
        "Net Income": 47
    },
    "2010-08-31": {
        "Diluted EPS": 0.7,
        "Total Revenue": 461,
        "Gross Profit": 207,
        "Operating Income": 71,
        "EBIT": 77,
        "Net Income": 44
    },
    "2010-05-31": {
        "Diluted EPS": 0.69,
        "Total Revenue": 450,
        "Gross Profit": 205,
        "Operating Income": 70,
        "EBIT": 77,
        "Net Income": 44
    },
    "2010-02-28": {
        "Diluted EPS": 0.48,
        "Total Revenue": 395,
        "Gross Profit": 179,
        "Operating Income": 50,
        "EBIT": 56,
        "Net Income": 30
    },
    "2009-11-30": {
        "Diluted EPS": 0.5,
        "Total Revenue": 385,
        "Gross Profit": 176,
        "Operating Income": 51,
        "EBIT": 58,
        "Net Income": 31
    },
    "2009-08-31": {
        "Diluted EPS": 0.41,
        "Total Revenue": 354,
        "Gross Profit": 159,
        "Operating Income": 42,
        "EBIT": 49,
        "Net Income": 26
    },
    "2009-05-31": {
        "Diluted EPS": 0.44,
        "Total Revenue": 350,
        "Gross Profit": 161,
        "Operating Income": 45,
        "EBIT": 52,
        "Net Income": 28
    },
    "2009-02-28": {
        "Diluted EPS": 0.42,
        "Total Revenue": 352,
        "Gross Profit": 164,
        "Operating Income": 43,
        "EBIT": 50,
        "Net Income": 26
    },
    "2023-08-31": {
        "Tax Effect Of Unusual Items": -541318.115829,
        "Tax Rate For Calcs": 0.244387,
        "Normalized EBITDA": 141574000.0,
        "Total Unusual Items": -2215000.0,
        "Total Unusual Items Excluding Goodwill": -2215000.0,
        "Net Income From Continuing Operation Net Minority Interest": 87599000.0,
        "Reconciled Depreciation": 19007000.0,
        "Reconciled Cost Of Revenue": 615907000.0,
        "EBITDA": 139359000.0,
        "EBIT": 120352000.0,
        "Net Interest Income": -4360000.0,
        "Interest Expense": 4630000.0,
        "Interest Income": 270000.0,
        "Normalized Income": 89272681.884171,
        "Net Income From Continuing And Discontinued Operation": 87599000.0,
        "Total Expenses": 915171000.0,
        "Total Operating Income As Reported": 118055000.0,
        "Diluted Average Shares": NaN,
        "Basic Average Shares": NaN,
        "Diluted EPS": NaN,
        "Basic EPS": NaN,
        "Diluted NI Availto Com Stockholders": 87599000.0,
        "Net Income Common Stockholders": 87599000.0,
        "Net Income": 87599000.0,
        "Minority Interests": 158000.0,
        "Net Income Including Noncontrolling Interests": 87441000.0,
        "Net Income Continuous Operations": 87441000.0,
        "Tax Provision": 28281000.0,
        "Pretax Income": 115722000.0,
        "Other Income Expense": -188000.0,
        "Other Non Operating Income Expenses": 2027000.0,
        "Special Income Charges": -2215000.0,
        "Restructuring And Mergern Acquisition": 2215000.0,
        "Net Non Operating Interest Income Expense": -4360000.0,
        "Interest Expense Non Operating": 4630000.0,
        "Interest Income Non Operating": 270000.0,
        "Operating Income": 120270000.0,
        "Operating Expense": 299264000.0,
        "Gross Profit": 419534000.0,
        "Cost Of Revenue": 615907000.0,
        "Total Revenue": 1035441000.0,
        "Operating Revenue": 1035441000.0
    },
    "2023-11-30": {
        "Tax Effect Of Unusual Items": -222588.0,
        "Tax Rate For Calcs": 0.243,
        "Normalized EBITDA": 117336000.0,
        "Total Unusual Items": -916000.0,
        "Total Unusual Items Excluding Goodwill": -916000.0,
        "Net Income From Continuing Operation Net Minority Interest": 69350000.0,
        "Reconciled Depreciation": 19782000.0,
        "Reconciled Cost Of Revenue": 560852000.0,
        "EBITDA": 116420000.0,
        "EBIT": 96638000.0,
        "Net Interest Income": -5195000.0,
        "Interest Expense": 5320000.0,
        "Interest Income": 125000.0,
        "Normalized Income": 70043412.0,
        "Net Income From Continuing And Discontinued Operation": 69350000.0,
        "Total Expenses": 851485000.0,
        "Total Operating Income As Reported": 101568000.0,
        "Diluted Average Shares": 56723000.0,
        "Basic Average Shares": 56429000.0,
        "Diluted EPS": 1.22,
        "Basic EPS": 1.23,
        "Diluted NI Availto Com Stockholders": 69350000.0,
        "Net Income Common Stockholders": 69350000.0,
        "Net Income": 69350000.0,
        "Minority Interests": 222000.0,
        "Net Income Including Noncontrolling Interests": 69128000.0,
        "Net Income Continuous Operations": 69128000.0,
        "Tax Provision": 22190000.0,
        "Pretax Income": 91318000.0,
        "Other Income Expense": -5971000.0,
        "Other Non Operating Income Expenses": -5055000.0,
        "Special Income Charges": -916000.0,
        "Restructuring And Mergern Acquisition": 916000.0,
        "Net Non Operating Interest Income Expense": -5195000.0,
        "Interest Expense Non Operating": 5320000.0,
        "Interest Income Non Operating": 125000.0,
        "Operating Income": 102484000.0,
        "Operating Expense": 290633000.0,
        "Gross Profit": 393117000.0,
        "Cost Of Revenue": 560852000.0,
        "Total Revenue": 953969000.0,
        "Operating Revenue": 953969000.0
    },
    "2024-02-29": {
        "Tax Effect Of Unusual Items": -1421630.0,
        "Tax Rate For Calcs": 0.23,
        "Normalized EBITDA": 114380000.0,
        "Total Unusual Items": -6181000.0,
        "Total Unusual Items Excluding Goodwill": -6181000.0,
        "Net Income From Continuing Operation Net Minority Interest": 61847000.0,
        "Reconciled Depreciation": 21293000.0,
        "Reconciled Cost Of Revenue": 546737000.0,
        "EBITDA": 108199000.0,
        "EBIT": 86906000.0,
        "Net Interest Income": -6908000.0,
        "Interest Expense": 6951000.0,
        "Interest Income": 43000.0,
        "Normalized Income": 66606370.0,
        "Net Income From Continuing And Discontinued Operation": 61847000.0,
        "Total Expenses": 837972000.0,
        "Total Operating Income As Reported": 91195000.0,
        "Diluted Average Shares": 56467000.0,
        "Basic Average Shares": 56325000.0,
        "Diluted EPS": 1.1,
        "Basic EPS": 1.1,
        "Diluted NI Availto Com Stockholders": 61847000.0,
        "Net Income Common Stockholders": 61847000.0,
        "Net Income": 61847000.0,
        "Minority Interests": 282000.0,
        "Net Income Including Noncontrolling Interests": 61565000.0,
        "Net Income Continuous Operations": 61565000.0,
        "Tax Provision": 18390000.0,
        "Pretax Income": 79955000.0,
        "Other Income Expense": -10513000.0,
        "Other Non Operating Income Expenses": -4332000.0,
        "Special Income Charges": -6181000.0,
        "Restructuring And Mergern Acquisition": 6181000.0,
        "Net Non Operating Interest Income Expense": -6908000.0,
        "Interest Expense Non Operating": 6951000.0,
        "Interest Income Non Operating": 43000.0,
        "Operating Income": 97376000.0,
        "Operating Expense": 291235000.0,
        "Gross Profit": 388611000.0,
        "Cost Of Revenue": 546737000.0,
        "Total Revenue": 935348000.0,
        "Operating Revenue": 935348000.0
    },
    "2024-05-31": {
        "Tax Effect Of Unusual Items": -1181880.0,
        "Tax Rate For Calcs": 0.252,
        "Normalized EBITDA": 127560000.0,
        "Total Unusual Items": -4690000.0,
        "Total Unusual Items Excluding Goodwill": -4690000.0,
        "Net Income From Continuing Operation Net Minority Interest": 71705000.0,
        "Reconciled Depreciation": 20650000.0,
        "Reconciled Cost Of Revenue": 578903000.0,
        "EBITDA": 122870000.0,
        "EBIT": 102220000.0,
        "Net Interest Income": -6750000.0,
        "Interest Expense": 6884000.0,
        "Interest Income": 134000.0,
        "Normalized Income": 75213120.0,
        "Net Income From Continuing And Discontinued Operation": 71705000.0,
        "Total Expenses": 867894000.0,
        "Total Operating Income As Reported": 106766000.0,
        "Diluted Average Shares": 56351000.0,
        "Basic Average Shares": 56214000.0,
        "Diluted EPS": 1.27,
        "Basic EPS": 1.28,
        "Diluted NI Availto Com Stockholders": 71705000.0,
        "Net Income Common Stockholders": 71705000.0,
        "Net Income": 71705000.0,
        "Minority Interests": 393000.0,
        "Net Income Including Noncontrolling Interests": 71312000.0,
        "Net Income Continuous Operations": 71312000.0,
        "Tax Provision": 24024000.0,
        "Pretax Income": 95336000.0,
        "Other Income Expense": -9370000.0,
        "Other Non Operating Income Expenses": -4680000.0,
        "Special Income Charges": -4690000.0,
        "Restructuring And Mergern Acquisition": 4690000.0,
        "Net Non Operating Interest Income Expense": -6750000.0,
        "Interest Expense Non Operating": 6884000.0,
        "Interest Income Non Operating": 134000.0,
        "Operating Income": 111456000.0,
        "Operating Expense": 288991000.0,
        "Gross Profit": 400447000.0,
        "Cost Of Revenue": 578903000.0,
        "Total Revenue": 979350000.0,
        "Operating Revenue": 979350000.0
    },
    "2024-08-31": {
        "Tax Effect Of Unusual Items": -798173.522459,
        "Tax Rate For Calcs": 0.291411,
        "Normalized EBITDA": 106643000.0,
        "Total Unusual Items": -2739000.0,
        "Total Unusual Items Excluding Goodwill": -2739000.0,
        "Net Income From Continuing Operation Net Minority Interest": 55692000.0,
        "Reconciled Depreciation": 21149000.0,
        "Reconciled Cost Of Revenue": 561676000.0,
        "EBITDA": 103904000.0,
        "EBIT": 82755000.0,
        "Net Interest Income": -6505000.0,
        "Interest Expense": 6615000.0,
        "Interest Income": 110000.0,
        "Normalized Income": 57632826.477541,
        "Net Income From Continuing And Discontinued Operation": 55692000.0,
        "Total Expenses": 858687000.0,
        "Total Operating Income As Reported": 90858000.0,
        "Diluted Average Shares": NaN,
        "Basic Average Shares": NaN,
        "Diluted EPS": NaN,
        "Basic EPS": NaN,
        "Diluted NI Availto Com Stockholders": 55692000.0,
        "Net Income Common Stockholders": 55692000.0,
        "Net Income": 55692000.0,
        "Minority Interests": 1740000.0,
        "Net Income Including Noncontrolling Interests": 53952000.0,
        "Net Income Continuous Operations": 53952000.0,
        "Tax Provision": 22188000.0,
        "Pretax Income": 76140000.0,
        "Other Income Expense": -10952000.0,
        "Other Non Operating Income Expenses": -8213000.0,
        "Special Income Charges": -2739000.0,
        "Restructuring And Mergern Acquisition": 2739000.0,
        "Net Non Operating Interest Income Expense": -6505000.0,
        "Interest Expense Non Operating": 6615000.0,
        "Interest Income Non Operating": 110000.0,
        "Operating Income": 93597000.0,
        "Operating Expense": 297011000.0,
        "Gross Profit": 390608000.0,
        "Cost Of Revenue": 561676000.0,
        "Total Revenue": 952284000.0,
        "Operating Revenue": 952284000.0
    }
}