{
    "2023-03-31": {
        "Tax Effect Of Unusual Items": NaN,
        "Tax Rate For Calcs": NaN,
        "Normalized EBITDA": NaN,
        "Total Unusual Items": NaN,
        "Total Unusual Items Excluding Goodwill": NaN,
        "Net Income From Continuing Operation Net Minority Interest": NaN,
        "Reconciled Depreciation": NaN,
        "Reconciled Cost Of Revenue": NaN,
        "EBITDA": NaN,
        "EBIT": NaN,
        "Net Interest Income": NaN,
        "Interest Expense": NaN,
        "Normalized Income": NaN,
        "Net Income From Continuing And Discontinued Operation": NaN,
        "Total Expenses": NaN,
        "Total Operating Income As Reported": NaN,
        "Diluted Average Shares": NaN,
        "Basic Average Shares": NaN,
        "Diluted EPS": NaN,
        "Basic EPS": NaN,
        "Diluted NI Availto Com Stockholders": NaN,
        "Average Dilution Earnings": NaN,
        "Net Income Common Stockholders": NaN,
        "Net Income": NaN,
        "Net Income Including Noncontrolling Interests": NaN,
        "Net Income Continuous Operations": NaN,
        "Tax Provision": NaN,
        "Pretax Income": NaN,
        "Other Income Expense": NaN,
        "Other Non Operating Income Expenses": NaN,
        "Special Income Charges": NaN,
        "Other Special Charges": -44686000.0,
        "Impairment Of Capital Assets": NaN,
        "Net Non Operating Interest Income Expense": NaN,
        "Interest Expense Non Operating": NaN,
        "Operating Income": NaN,
        "Operating Expense": NaN,
        "Research And Development": NaN,
        "Selling General And Administration": NaN,
        "Selling And Marketing Expense": NaN,
        "General And Administrative Expense": NaN,
        "Other Gand A": NaN,
        "Gross Profit": NaN,
        "Cost Of Revenue": NaN,
        "Total Revenue": NaN,
        "Operating Revenue": NaN
    },
    "2022-12-31": {
        "Tax Effect Of Unusual Items": -41502300.0,
        "Tax Rate For Calcs": 0.21,
        "Normalized EBITDA": 1281914000.0,
        "Total Unusual Items": -197630000.0,
        "Total Unusual Items Excluding Goodwill": -197630000.0,
        "Net Income From Continuing Operation Net Minority Interest": -249669000.0,
        "Reconciled Depreciation": 3957000.0,
        "Reconciled Cost Of Revenue": 26723000.0,
        "EBITDA": 1084284000.0,
        "EBIT": 1080327000.0,
        "Net Interest Income": -14837000.0,
        "Interest Expense": NaN,
        "Normalized Income": -93541300.0,
        "Net Income From Continuing And Discontinued Operation": -249669000.0,
        "Total Expenses": 128641000.0,
        "Total Operating Income As Reported": -193717000.0,
        "Diluted Average Shares": 11386000.0,
        "Basic Average Shares": 11386000.0,
        "Diluted EPS": -21.93,
        "Basic EPS": -21.93,
        "Diluted NI Availto Com Stockholders": -249669000.0,
        "Average Dilution Earnings": NaN,
        "Net Income Common Stockholders": -249669000.0,
        "Net Income": -249669000.0,
        "Net Income Including Noncontrolling Interests": -249669000.0,
        "Net Income Continuous Operations": -249669000.0,
        "Tax Provision": 35286000.0,
        "Pretax Income": -214383000.0,
        "Other Income Expense": -203459000.0,
        "Other Non Operating Income Expenses": -5829000.0,
        "Special Income Charges": -197630000.0,
        "Other Special Charges": NaN,
        "Impairment Of Capital Assets": 197630000.0,
        "Net Non Operating Interest Income Expense": -14837000.0,
        "Interest Expense Non Operating": NaN,
        "Operating Income": 3913000.0,
        "Operating Expense": 101918000.0,
        "Research And Development": 31617000.0,
        "Selling General And Administration": 70301000.0,
        "Selling And Marketing Expense": 41371000.0,
        "General And Administrative Expense": 28930000.0,
        "Other Gand A": 28930000.0,
        "Gross Profit": 105831000.0,
        "Cost Of Revenue": 26723000.0,
        "Total Revenue": 132554000.0,
        "Operating Revenue": 111879000.0
    },
    "2022-09-30": {
        "Tax Effect Of Unusual Items": -290800.0,
        "Tax Rate For Calcs": 0.4,
        "Normalized EBITDA": 13832000.0,
        "Total Unusual Items": -727000.0,
        "Total Unusual Items Excluding Goodwill": -727000.0,
        "Net Income From Continuing Operation Net Minority Interest": -27079000.0,
        "Reconciled Depreciation": 2150000.0,
        "Reconciled Cost Of Revenue": 25385000.0,
        "EBITDA": 13105000.0,
        "EBIT": 10955000.0,
        "Net Interest Income": -14073000.0,
        "Interest Expense": 14073000.0,
        "Normalized Income": -26642800.0,
        "Net Income From Continuing And Discontinued Operation": -27079000.0,
        "Total Expenses": 118575000.0,
        "Total Operating Income As Reported": 6058000.0,
        "Diluted Average Shares": 11308000.0,
        "Basic Average Shares": 11308000.0,
        "Diluted EPS": -2.39,
        "Basic EPS": -2.39,
        "Diluted NI Availto Com Stockholders": -27079000.0,
        "Average Dilution Earnings": NaN,
        "Net Income Common Stockholders": -27079000.0,
        "Net Income": -27079000.0,
        "Net Income Including Noncontrolling Interests": -27079000.0,
        "Net Income Continuous Operations": -27079000.0,
        "Tax Provision": 23961000.0,
        "Pretax Income": -3118000.0,
        "Other Income Expense": 4170000.0,
        "Other Non Operating Income Expenses": 4897000.0,
        "Special Income Charges": -727000.0,
        "Other Special Charges": NaN,
        "Impairment Of Capital Assets": 727000.0,
        "Net Non Operating Interest Income Expense": -14073000.0,
        "Interest Expense Non Operating": 14073000.0,
        "Operating Income": 6785000.0,
        "Operating Expense": 93190000.0,
        "Research And Development": 30498000.0,
        "Selling General And Administration": 62692000.0,
        "Selling And Marketing Expense": 35409000.0,
        "General And Administrative Expense": 27283000.0,
        "Other Gand A": 27283000.0,
        "Gross Profit": 99975000.0,
        "Cost Of Revenue": 25385000.0,
        "Total Revenue": 125360000.0,
        "Operating Revenue": 104710000.0
    },
    "2022-06-30": {
        "Tax Effect Of Unusual Items": -367135200.0,
        "Tax Rate For Calcs": 0.4,
        "Normalized EBITDA": 6911000.0,
        "Total Unusual Items": -917838000.0,
        "Total Unusual Items Excluding Goodwill": -917838000.0,
        "Net Income From Continuing Operation Net Minority Interest": -1062298000.0,
        "Reconciled Depreciation": 2076000.0,
        "Reconciled Cost Of Revenue": 25204000.0,
        "EBITDA": -910927000.0,
        "EBIT": -913003000.0,
        "Net Interest Income": -13187000.0,
        "Interest Expense": 13187000.0,
        "Normalized Income": -511595200.0,
        "Net Income From Continuing And Discontinued Operation": -1062298000.0,
        "Total Expenses": 122358000.0,
        "Total Operating Income As Reported": -918123000.0,
        "Diluted Average Shares": 11300000.0,
        "Basic Average Shares": 11300000.0,
        "Diluted EPS": -94.01,
        "Basic EPS": -94.01,
        "Diluted NI Availto Com Stockholders": -1062298000.0,
        "Average Dilution Earnings": NaN,
        "Net Income Common Stockholders": -1062298000.0,
        "Net Income": -1062298000.0,
        "Net Income Including Noncontrolling Interests": -1062298000.0,
        "Net Income Continuous Operations": -1062298000.0,
        "Tax Provision": 136108000.0,
        "Pretax Income": -926190000.0,
        "Other Income Expense": -912718000.0,
        "Other Non Operating Income Expenses": 5120000.0,
        "Special Income Charges": -917838000.0,
        "Other Special Charges": NaN,
        "Impairment Of Capital Assets": 917838000.0,
        "Net Non Operating Interest Income Expense": -13187000.0,
        "Interest Expense Non Operating": 13187000.0,
        "Operating Income": -285000.0,
        "Operating Expense": 97154000.0,
        "Research And Development": 31790000.0,
        "Selling General And Administration": 65364000.0,
        "Selling And Marketing Expense": 36862000.0,
        "General And Administrative Expense": 28502000.0,
        "Other Gand A": 28502000.0,
        "Gross Profit": 96869000.0,
        "Cost Of Revenue": 25204000.0,
        "Total Revenue": 122073000.0,
        "Operating Revenue": 100667000.0
    },
    "2023-06-30": {
        "Tax Effect Of Unusual Items": -5070030.0,
        "Tax Rate For Calcs": 0.21,
        "Normalized EBITDA": 415000.0,
        "Total Unusual Items": -24143000.0,
        "Total Unusual Items Excluding Goodwill": -24143000.0,
        "Net Income From Continuing Operation Net Minority Interest": 22243000.0,
        "Reconciled Depreciation": 3230000.0,
        "Reconciled Cost Of Revenue": 27121000.0,
        "EBITDA": -23728000.0,
        "EBIT": -26958000.0,
        "Net Interest Income": -11095000.0,
        "Interest Expense": 11095000.0,
        "Normalized Income": 41315970.0,
        "Net Income From Continuing And Discontinued Operation": 22243000.0,
        "Total Expenses": 122965000.0,
        "Total Operating Income As Reported": -26708000.0,
        "Diluted Average Shares": 160950000.0,
        "Basic Average Shares": 132470000.0,
        "Diluted EPS": 0.152,
        "Basic EPS": 0.168,
        "Diluted NI Availto Com Stockholders": 24392000.0,
        "Average Dilution Earnings": 2149000.0,
        "Net Income Common Stockholders": 22243000.0,
        "Net Income": 22243000.0,
        "Net Income Including Noncontrolling Interests": 22243000.0,
        "Net Income Continuous Operations": 22243000.0,
        "Tax Provision": -60296000.0,
        "Pretax Income": -38053000.0,
        "Other Income Expense": -24393000.0,
        "Other Non Operating Income Expenses": -250000.0,
        "Special Income Charges": -24143000.0,
        "Other Special Charges": NaN,
        "Impairment Of Capital Assets": 24143000.0,
        "Net Non Operating Interest Income Expense": -11095000.0,
        "Interest Expense Non Operating": 11095000.0,
        "Operating Income": -2565000.0,
        "Operating Expense": 95844000.0,
        "Research And Development": 29354000.0,
        "Selling General And Administration": 66490000.0,
        "Selling And Marketing Expense": 37660000.0,
        "General And Administrative Expense": 28830000.0,
        "Other Gand A": 28830000.0,
        "Gross Profit": 93279000.0,
        "Cost Of Revenue": 27121000.0,
        "Total Revenue": 120400000.0,
        "Operating Revenue": 101481000.0
    },
    "2022-03-31": {
        "Diluted EPS": -11.58,
        "Total Revenue": 119,
        "Gross Profit": 94,
        "Operating Income": -170,
        "EBIT": -165,
        "Net Income": -131
    },
    "2021-12-31": {
        "Diluted EPS": -7.72,
        "Total Revenue": 135,
        "Gross Profit": 111,
        "Operating Income": -137,
        "EBIT": -133,
        "Net Income": -90
    },
    "2021-09-30": {
        "Diluted EPS": -3.61,
        "Total Revenue": 128,
        "Gross Profit": 106,
        "Operating Income": -50,
        "EBIT": -45,
        "Net Income": -36
    },
    "2021-06-30": {
        "Diluted EPS": -30.71,
        "Total Revenue": 125,
        "Gross Profit": 102,
        "Operating Income": -414,
        "EBIT": -409,
        "Net Income": -299
    },
    "2021-03-31": {
        "Diluted EPS": -11.4,
        "Total Revenue": 123,
        "Gross Profit": 100,
        "Operating Income": -183,
        "EBIT": -179,
        "Net Income": -110
    },
    "2020-12-31": {
        "Diluted EPS": 0.28,
        "Total Revenue": 131,
        "Gross Profit": 111,
        "Operating Income": 0,
        "EBIT": 6,
        "Net Income": 3
    },
    "2020-09-30": {
        "Diluted EPS": -1.48,
        "Total Revenue": 127,
        "Gross Profit": 106,
        "Operating Income": -20,
        "EBIT": -17,
        "Net Income": -14
    },
    "2020-06-30": {
        "Diluted EPS": 0.35,
        "Total Revenue": 111,
        "Gross Profit": 87,
        "Operating Income": 6,
        "EBIT": 9,
        "Net Income": 3
    },
    "2020-03-31": {
        "Diluted EPS": 0.07,
        "Total Revenue": 111,
        "Gross Profit": 87,
        "Operating Income": 0,
        "EBIT": 3,
        "Net Income": 1
    },
    "2019-12-31": {
        "Diluted EPS": 1.18,
        "Total Revenue": 134,
        "Gross Profit": 109,
        "Operating Income": 10,
        "EBIT": 13,
        "Net Income": 12
    },
    "2019-09-30": {
        "Diluted EPS": 0.94,
        "Total Revenue": 120,
        "Gross Profit": 96,
        "Operating Income": 5,
        "EBIT": 6,
        "Net Income": 10
    },
    "2019-06-30": {
        "Diluted EPS": 1.98,
        "Total Revenue": 118,
        "Gross Profit": 92,
        "Operating Income": -5,
        "EBIT": -3,
        "Net Income": 20
    },
    "2019-03-31": {
        "Diluted EPS": -0.77,
        "Total Revenue": 115,
        "Gross Profit": 89,
        "Operating Income": -10,
        "EBIT": -9,
        "Net Income": -8
    },
    "2018-12-31": {
        "Diluted EPS": 0.3,
        "Total Revenue": 132,
        "Gross Profit": 106,
        "Operating Income": -2,
        "EBIT": -2,
        "Net Income": 3
    },
    "2018-09-30": {
        "Diluted EPS": 1.1,
        "Total Revenue": 122,
        "Gross Profit": 99,
        "Operating Income": 7,
        "EBIT": 7,
        "Net Income": 13
    },
    "2018-06-30": {
        "Diluted EPS": 0.42,
        "Total Revenue": 121,
        "Gross Profit": 96,
        "Operating Income": -2,
        "EBIT": -1,
        "Net Income": 5
    },
    "2018-03-31": {
        "Diluted EPS": 0.15,
        "Total Revenue": 123,
        "Gross Profit": 98,
        "Operating Income": 1,
        "EBIT": 4,
        "Net Income": 2
    },
    "2017-12-31": {
        "Diluted EPS": -2.2,
        "Total Revenue": 136,
        "Gross Profit": 112,
        "Operating Income": 17,
        "EBIT": 21,
        "Net Income": -25
    },
    "2017-09-30": {
        "Diluted EPS": 1.58,
        "Total Revenue": 126,
        "Gross Profit": 102,
        "Operating Income": 21,
        "EBIT": 25,
        "Net Income": 18
    },
    "2017-06-30": {
        "Diluted EPS": 0.86,
        "Total Revenue": 119,
        "Gross Profit": 95,
        "Operating Income": 14,
        "EBIT": 18,
        "Net Income": 10
    },
    "2017-03-31": {
        "Diluted EPS": 1.34,
        "Total Revenue": 122,
        "Gross Profit": 99,
        "Operating Income": 21,
        "EBIT": 25,
        "Net Income": 16
    },
    "2016-12-31": {
        "Diluted EPS": 2.82,
        "Total Revenue": 142,
        "Gross Profit": 118,
        "Operating Income": 39,
        "EBIT": 45,
        "Net Income": 32
    },
    "2016-09-30": {
        "Diluted EPS": 2.31,
        "Total Revenue": 130,
        "Gross Profit": 107,
        "Operating Income": 30,
        "EBIT": 34,
        "Net Income": 27
    },
    "2016-06-30": {
        "Diluted EPS": 1.64,
        "Total Revenue": 123,
        "Gross Profit": 99,
        "Operating Income": 21,
        "EBIT": 25,
        "Net Income": 19
    },
    "2016-03-31": {
        "Diluted EPS": 1.24,
        "Total Revenue": 119,
        "Gross Profit": 96,
        "Operating Income": 20,
        "EBIT": 24,
        "Net Income": 14
    },
    "2015-12-31": {
        "Diluted EPS": 3.38,
        "Total Revenue": 144,
        "Gross Profit": 120,
        "Operating Income": 46,
        "EBIT": 51,
        "Net Income": 39
    },
    "2015-09-30": {
        "Diluted EPS": 2.06,
        "Total Revenue": 130,
        "Gross Profit": 105,
        "Operating Income": 31,
        "EBIT": 37,
        "Net Income": 24
    },
    "2015-06-30": {
        "Diluted EPS": 1.95,
        "Total Revenue": 133,
        "Gross Profit": 107,
        "Operating Income": 35,
        "EBIT": 40,
        "Net Income": 22
    },
    "2015-03-31": {
        "Diluted EPS": 1.79,
        "Total Revenue": 124,
        "Gross Profit": 97,
        "Operating Income": 23,
        "EBIT": 28,
        "Net Income": 20
    },
    "2014-12-31": {
        "Diluted EPS": 1.99,
        "Total Revenue": 149,
        "Gross Profit": 117,
        "Operating Income": 33,
        "EBIT": 39,
        "Net Income": 23
    },
    "2014-09-30": {
        "Diluted EPS": -0.07,
        "Total Revenue": 151,
        "Gross Profit": 116,
        "Operating Income": -7,
        "EBIT": -1,
        "Net Income": -1
    },
    "2014-06-30": {
        "Diluted EPS": -0.91,
        "Total Revenue": 142,
        "Gross Profit": 106,
        "Operating Income": -13,
        "EBIT": -6,
        "Net Income": -10
    },
    "2014-03-31": {
        "Diluted EPS": -0.57,
        "Total Revenue": 138,
        "Gross Profit": 105,
        "Operating Income": -8,
        "EBIT": -2,
        "Net Income": -6
    },
    "2013-12-31": {
        "Diluted EPS": 1.42,
        "Total Revenue": 166,
        "Gross Profit": 133,
        "Operating Income": 19,
        "EBIT": 25,
        "Net Income": 16
    },
    "2013-09-30": {
        "Diluted EPS": 1.52,
        "Total Revenue": 142,
        "Gross Profit": 109,
        "Operating Income": 12,
        "EBIT": 18,
        "Net Income": 17
    },
    "2013-06-30": {
        "Diluted EPS": -0.14,
        "Total Revenue": 138,
        "Gross Profit": 101,
        "Operating Income": -2,
        "EBIT": 5,
        "Net Income": -2
    },
    "2013-03-31": {
        "Diluted EPS": 4.57,
        "Total Revenue": 130,
        "Gross Profit": 94,
        "Operating Income": -9,
        "EBIT": -2,
        "Net Income": 52
    },
    "2012-12-31": {
        "Diluted EPS": 0.74,
        "Total Revenue": 156,
        "Gross Profit": 120,
        "Operating Income": 14,
        "EBIT": 20,
        "Net Income": 8
    },
    "2012-09-30": {
        "Diluted EPS": 0.43,
        "Total Revenue": 136,
        "Gross Profit": 101,
        "Operating Income": 7,
        "EBIT": 13,
        "Net Income": 5
    },
    "2012-06-30": {
        "Diluted EPS": 0.65,
        "Total Revenue": 135,
        "Gross Profit": 101,
        "Operating Income": 10,
        "EBIT": 15,
        "Net Income": 7
    },
    "2012-03-31": {
        "Diluted EPS": 0.02,
        "Total Revenue": 138,
        "Gross Profit": 103,
        "Operating Income": 2,
        "EBIT": 8,
        "Net Income": 0
    },
    "2011-12-31": {
        "Diluted EPS": 0.82,
        "Total Revenue": 135,
        "Gross Profit": 109,
        "Operating Income": 15,
        "EBIT": 19,
        "Net Income": 9
    },
    "2011-09-30": {
        "Diluted EPS": 0.44,
        "Total Revenue": 142,
        "Gross Profit": 105,
        "Operating Income": 2,
        "EBIT": 7,
        "Net Income": 5
    },
    "2011-06-30": {
        "Diluted EPS": 0.26,
        "Total Revenue": 138,
        "Gross Profit": 104,
        "Operating Income": 3,
        "EBIT": 8,
        "Net Income": 3
    },
    "2011-03-31": {
        "Diluted EPS": 0.1,
        "Total Revenue": 122,
        "Gross Profit": 89,
        "Operating Income": 1,
        "EBIT": 5,
        "Net Income": 1
    },
    "2010-12-31": {
        "Diluted EPS": 1.56,
        "Total Revenue": 139,
        "Gross Profit": 106,
        "Operating Income": 19,
        "EBIT": 22,
        "Net Income": 18
    },
    "2010-09-30": {
        "Diluted EPS": 0.63,
        "Total Revenue": 115,
        "Gross Profit": 87,
        "Operating Income": 10,
        "EBIT": 13,
        "Net Income": 7
    },
    "2010-06-30": {
        "Diluted EPS": 0.97,
        "Total Revenue": 108,
        "Gross Profit": 83,
        "Operating Income": 14,
        "EBIT": 17,
        "Net Income": 12
    },
    "2010-03-31": {
        "Diluted EPS": 0.56,
        "Total Revenue": 93,
        "Gross Profit": 72,
        "Operating Income": 8,
        "EBIT": 11,
        "Net Income": 7
    },
    "2009-12-31": {
        "Diluted EPS": 1.67,
        "Total Revenue": 106,
        "Gross Profit": 86,
        "Operating Income": 27,
        "EBIT": 30,
        "Net Income": 21
    },
    "2009-09-30": {
        "Diluted EPS": 1.73,
        "Total Revenue": 104,
        "Gross Profit": 87,
        "Operating Income": 30,
        "EBIT": 33,
        "Net Income": 21
    },
    "2009-06-30": {
        "Diluted EPS": 0.81,
        "Total Revenue": 88,
        "Gross Profit": 72,
        "Operating Income": 16,
        "EBIT": 19,
        "Net Income": 10
    },
    "2009-03-31": {
        "Diluted EPS": 1.88,
        "Total Revenue": 80,
        "Gross Profit": 66,
        "Operating Income": 13,
        "EBIT": 15,
        "Net Income": 23
    },
    "2023-09-30": {
        "Tax Effect Of Unusual Items": -7047390.0,
        "Tax Rate For Calcs": 0.21,
        "Normalized EBITDA": 13475000.0,
        "Total Unusual Items": -33559000.0,
        "Total Unusual Items Excluding Goodwill": -33559000.0,
        "Net Income From Continuing Operation Net Minority Interest": -143441000.0,
        "Reconciled Depreciation": 2744000.0,
        "Reconciled Cost Of Revenue": 26661000.0,
        "EBITDA": -20084000.0,
        "EBIT": -22828000.0,
        "Net Interest Income": -11006000.0,
        "Interest Expense": 11006000.0,
        "Normalized Income": -116929390.0,
        "Net Income From Continuing And Discontinued Operation": -143441000.0,
        "Total Expenses": 121150000.0,
        "Total Operating Income As Reported": -25247000.0,
        "Diluted Average Shares": 142214000.0,
        "Basic Average Shares": 142214000.0,
        "Diluted EPS": -1.01,
        "Basic EPS": -1.01,
        "Diluted NI Availto Com Stockholders": -143441000.0,
        "Average Dilution Earnings": 0.0,
        "Net Income Common Stockholders": -143441000.0,
        "Net Income": -143441000.0,
        "Net Income Including Noncontrolling Interests": -143441000.0,
        "Net Income Continuous Operations": -143441000.0,
        "Tax Provision": 109607000.0,
        "Pretax Income": -33834000.0,
        "Other Income Expense": -31140000.0,
        "Other Non Operating Income Expenses": 2419000.0,
        "Special Income Charges": -33559000.0,
        "Other Special Charges": NaN,
        "Impairment Of Capital Assets": 33559000.0,
        "Net Non Operating Interest Income Expense": -11006000.0,
        "Interest Expense Non Operating": 11006000.0,
        "Operating Income": 8312000.0,
        "Operating Expense": 94489000.0,
        "Research And Development": 29660000.0,
        "Selling General And Administration": 64829000.0,
        "Selling And Marketing Expense": 35606000.0,
        "General And Administrative Expense": 29223000.0,
        "Other Gand A": 29223000.0,
        "Gross Profit": 102801000.0,
        "Cost Of Revenue": 26661000.0,
        "Total Revenue": 129462000.0,
        "Operating Revenue": 111879000.0
    },
    "2023-12-31": {
        "Tax Effect Of Unusual Items": -8239980.0,
        "Tax Rate For Calcs": 0.21,
        "Normalized EBITDA": -4355000.0,
        "Total Unusual Items": -39238000.0,
        "Total Unusual Items Excluding Goodwill": -39238000.0,
        "Net Income From Continuing Operation Net Minority Interest": 89126000.0,
        "Reconciled Depreciation": 5122000.0,
        "Reconciled Cost Of Revenue": 28221000.0,
        "EBITDA": -43593000.0,
        "EBIT": -48715000.0,
        "Net Interest Income": -11929000.0,
        "Interest Expense": 11929000.0,
        "Normalized Income": 120124020.0,
        "Net Income From Continuing And Discontinued Operation": 89126000.0,
        "Total Expenses": 128031000.0,
        "Total Operating Income As Reported": -42785000.0,
        "Diluted Average Shares": 183760000.0,
        "Basic Average Shares": 153360000.0,
        "Diluted EPS": 0.496,
        "Basic EPS": 0.581,
        "Diluted NI Availto Com Stockholders": 91228000.0,
        "Average Dilution Earnings": 2102000.0,
        "Net Income Common Stockholders": 89126000.0,
        "Net Income": 89126000.0,
        "Net Income Including Noncontrolling Interests": 89126000.0,
        "Net Income Continuous Operations": 89126000.0,
        "Tax Provision": -149770000.0,
        "Pretax Income": -60644000.0,
        "Other Income Expense": -45168000.0,
        "Other Non Operating Income Expenses": -5930000.0,
        "Special Income Charges": -39238000.0,
        "Other Special Charges": 0.0,
        "Impairment Of Capital Assets": 39238000.0,
        "Net Non Operating Interest Income Expense": -11929000.0,
        "Interest Expense Non Operating": 11929000.0,
        "Operating Income": -3547000.0,
        "Operating Expense": 99810000.0,
        "Research And Development": 30158000.0,
        "Selling General And Administration": 69652000.0,
        "Selling And Marketing Expense": 40299000.0,
        "General And Administrative Expense": 29353000.0,
        "Other Gand A": 29353000.0,
        "Gross Profit": 96263000.0,
        "Cost Of Revenue": 28221000.0,
        "Total Revenue": 124484000.0,
        "Operating Revenue": 105355000.0
    },
    "2024-03-31": {
        "Tax Effect Of Unusual Items": -40242930.0,
        "Tax Rate For Calcs": 0.21,
        "Normalized EBITDA": -7323000.0,
        "Total Unusual Items": -191633000.0,
        "Total Unusual Items Excluding Goodwill": -191633000.0,
        "Net Income From Continuing Operation Net Minority Interest": -53118000.0,
        "Reconciled Depreciation": 3050000.0,
        "Reconciled Cost Of Revenue": 30015000.0,
        "EBITDA": -198956000.0,
        "EBIT": -202006000.0,
        "Net Interest Income": -11881000.0,
        "Interest Expense": 11881000.0,
        "Normalized Income": 98272070.0,
        "Net Income From Continuing And Discontinued Operation": -53118000.0,
        "Total Expenses": 127315000.0,
        "Total Operating Income As Reported": -203702000.0,
        "Diluted Average Shares": 171940000.0,
        "Basic Average Shares": 171940000.0,
        "Diluted EPS": -0.309,
        "Basic EPS": -0.309,
        "Diluted NI Availto Com Stockholders": -53118000.0,
        "Average Dilution Earnings": 0.0,
        "Net Income Common Stockholders": -53118000.0,
        "Net Income": -53118000.0,
        "Net Income Including Noncontrolling Interests": -53118000.0,
        "Net Income Continuous Operations": -53118000.0,
        "Tax Provision": -160769000.0,
        "Pretax Income": -213887000.0,
        "Other Income Expense": -189937000.0,
        "Other Non Operating Income Expenses": 1696000.0,
        "Special Income Charges": -191633000.0,
        "Other Special Charges": NaN,
        "Impairment Of Capital Assets": 191633000.0,
        "Net Non Operating Interest Income Expense": -11881000.0,
        "Interest Expense Non Operating": 11881000.0,
        "Operating Income": -12069000.0,
        "Operating Expense": 97300000.0,
        "Research And Development": 29183000.0,
        "Selling General And Administration": 68117000.0,
        "Selling And Marketing Expense": 33451000.0,
        "General And Administrative Expense": 34666000.0,
        "Other Gand A": 34666000.0,
        "Gross Profit": 85231000.0,
        "Cost Of Revenue": 30015000.0,
        "Total Revenue": 115246000.0,
        "Operating Revenue": 98589000.0
    },
    "2024-06-30": {
        "Tax Effect Of Unusual Items": -37818900.0,
        "Tax Rate For Calcs": 0.21,
        "Normalized EBITDA": -15839000.0,
        "Total Unusual Items": -180090000.0,
        "Total Unusual Items Excluding Goodwill": -180090000.0,
        "Net Income From Continuing Operation Net Minority Interest": -102559000.0,
        "Reconciled Depreciation": 3651000.0,
        "Reconciled Cost Of Revenue": 30935000.0,
        "EBITDA": -195929000.0,
        "EBIT": -199580000.0,
        "Net Interest Income": -15466000.0,
        "Interest Expense": 15466000.0,
        "Normalized Income": 39712100.0,
        "Net Income From Continuing And Discontinued Operation": -102559000.0,
        "Total Expenses": 131626000.0,
        "Total Operating Income As Reported": -200274000.0,
        "Diluted Average Shares": 178610000.0,
        "Basic Average Shares": 178610000.0,
        "Diluted EPS": -0.574,
        "Basic EPS": -0.574,
        "Diluted NI Availto Com Stockholders": -102559000.0,
        "Average Dilution Earnings": 0.0,
        "Net Income Common Stockholders": -102559000.0,
        "Net Income": -102559000.0,
        "Net Income Including Noncontrolling Interests": -102559000.0,
        "Net Income Continuous Operations": -102559000.0,
        "Tax Provision": -112487000.0,
        "Pretax Income": -215046000.0,
        "Other Income Expense": -179396000.0,
        "Other Non Operating Income Expenses": 694000.0,
        "Special Income Charges": -180090000.0,
        "Other Special Charges": NaN,
        "Impairment Of Capital Assets": 180090000.0,
        "Net Non Operating Interest Income Expense": -15466000.0,
        "Interest Expense Non Operating": 15466000.0,
        "Operating Income": -20184000.0,
        "Operating Expense": 100691000.0,
        "Research And Development": 30311000.0,
        "Selling General And Administration": 70380000.0,
        "Selling And Marketing Expense": 34251000.0,
        "General And Administrative Expense": 36129000.0,
        "Other Gand A": 36129000.0,
        "Gross Profit": 80507000.0,
        "Cost Of Revenue": 30935000.0,
        "Total Revenue": 111442000.0,
        "Operating Revenue": 95106000.0
    },
    "2024-09-30": {
        "Tax Effect Of Unusual Items": -125870824.579362,
        "Tax Rate For Calcs": 0.289347,
        "Normalized EBITDA": -19554000.0,
        "Total Unusual Items": -435017000.0,
        "Total Unusual Items Excluding Goodwill": -435017000.0,
        "Net Income From Continuing Operation Net Minority Interest": -340174000.0,
        "Reconciled Depreciation": 5978000.0,
        "Reconciled Cost Of Revenue": 34349000.0,
        "EBITDA": -454571000.0,
        "EBIT": -460549000.0,
        "Net Interest Income": -18129000.0,
        "Interest Expense": 18129000.0,
        "Normalized Income": -31027824.579362,
        "Net Income From Continuing And Discontinued Operation": -340174000.0,
        "Total Expenses": 136569000.0,
        "Total Operating Income As Reported": -432582000.0,
        "Diluted Average Shares": 197273000.0,
        "Basic Average Shares": 197273000.0,
        "Diluted EPS": -1.72,
        "Basic EPS": -1.72,
        "Diluted NI Availto Com Stockholders": -340174000.0,
        "Average Dilution Earnings": 0.0,
        "Net Income Common Stockholders": -340174000.0,
        "Net Income": -340174000.0,
        "Net Income Including Noncontrolling Interests": -340174000.0,
        "Net Income Continuous Operations": -340174000.0,
        "Tax Provision": -138504000.0,
        "Pretax Income": -478678000.0,
        "Other Income Expense": -440051000.0,
        "Other Non Operating Income Expenses": -5034000.0,
        "Special Income Charges": -435017000.0,
        "Other Special Charges": 22933000.0,
        "Impairment Of Capital Assets": 412084000.0,
        "Net Non Operating Interest Income Expense": -18129000.0,
        "Interest Expense Non Operating": 18129000.0,
        "Operating Income": -20498000.0,
        "Operating Expense": 102220000.0,
        "Research And Development": 33301000.0,
        "Selling General And Administration": 68919000.0,
        "Selling And Marketing Expense": 35414000.0,
        "General And Administrative Expense": 33505000.0,
        "Other Gand A": 33505000.0,
        "Gross Profit": 81722000.0,
        "Cost Of Revenue": 34349000.0,
        "Total Revenue": 116071000.0,
        "Operating Revenue": 99902000.0
    }
}