{
    "2023-03-31": {
        "Tax Effect Of Unusual Items": NaN,
        "Tax Rate For Calcs": NaN,
        "Normalized EBITDA": NaN,
        "Total Unusual Items": NaN,
        "Total Unusual Items Excluding Goodwill": NaN,
        "Net Income From Continuing Operation Net Minority Interest": NaN,
        "Reconciled Depreciation": NaN,
        "Reconciled Cost Of Revenue": NaN,
        "EBITDA": NaN,
        "EBIT": NaN,
        "Net Interest Income": NaN,
        "Interest Expense": NaN,
        "Normalized Income": NaN,
        "Net Income From Continuing And Discontinued Operation": NaN,
        "Total Expenses": NaN,
        "Total Operating Income As Reported": NaN,
        "Diluted Average Shares": NaN,
        "Basic Average Shares": NaN,
        "Diluted EPS": NaN,
        "Basic EPS": NaN,
        "Diluted NI Availto Com Stockholders": NaN,
        "Average Dilution Earnings": NaN,
        "Net Income Common Stockholders": NaN,
        "Net Income": NaN,
        "Minority Interests": NaN,
        "Net Income Including Noncontrolling Interests": NaN,
        "Net Income Discontinuous Operations": NaN,
        "Net Income Continuous Operations": NaN,
        "Tax Provision": NaN,
        "Pretax Income": NaN,
        "Other Income Expense": NaN,
        "Other Non Operating Income Expenses": NaN,
        "Special Income Charges": NaN,
        "Impairment Of Capital Assets": NaN,
        "Net Non Operating Interest Income Expense": NaN,
        "Interest Expense Non Operating": NaN,
        "Operating Income": NaN,
        "Operating Expense": NaN,
        "Depreciation Amortization Depletion Income Statement": NaN,
        "Depreciation And Amortization In Income Statement": NaN,
        "Amortization": 12117000.0,
        "Amortization Of Intangibles Income Statement": 12117000.0,
        "Depreciation Income Statement": NaN,
        "Research And Development": NaN,
        "Selling General And Administration": NaN,
        "Selling And Marketing Expense": NaN,
        "General And Administrative Expense": NaN,
        "Other Gand A": NaN,
        "Salaries And Wages": NaN,
        "Gross Profit": NaN,
        "Cost Of Revenue": NaN,
        "Total Revenue": NaN,
        "Operating Revenue": NaN
    },
    "2022-12-31": {
        "Tax Effect Of Unusual Items": NaN,
        "Tax Rate For Calcs": NaN,
        "Normalized EBITDA": NaN,
        "Total Unusual Items": -114419000.0,
        "Total Unusual Items Excluding Goodwill": -114419000.0,
        "Net Income From Continuing Operation Net Minority Interest": NaN,
        "Reconciled Depreciation": NaN,
        "Reconciled Cost Of Revenue": NaN,
        "EBITDA": NaN,
        "EBIT": NaN,
        "Net Interest Income": NaN,
        "Interest Expense": NaN,
        "Normalized Income": NaN,
        "Net Income From Continuing And Discontinued Operation": NaN,
        "Total Expenses": NaN,
        "Total Operating Income As Reported": NaN,
        "Diluted Average Shares": NaN,
        "Basic Average Shares": NaN,
        "Diluted EPS": NaN,
        "Basic EPS": NaN,
        "Diluted NI Availto Com Stockholders": NaN,
        "Average Dilution Earnings": NaN,
        "Net Income Common Stockholders": NaN,
        "Net Income": NaN,
        "Minority Interests": NaN,
        "Net Income Including Noncontrolling Interests": NaN,
        "Net Income Discontinuous Operations": -2211000.0,
        "Net Income Continuous Operations": NaN,
        "Tax Provision": NaN,
        "Pretax Income": NaN,
        "Other Income Expense": NaN,
        "Other Non Operating Income Expenses": NaN,
        "Special Income Charges": -114419000.0,
        "Impairment Of Capital Assets": 114419000.0,
        "Net Non Operating Interest Income Expense": NaN,
        "Interest Expense Non Operating": NaN,
        "Operating Income": NaN,
        "Operating Expense": NaN,
        "Depreciation Amortization Depletion Income Statement": NaN,
        "Depreciation And Amortization In Income Statement": NaN,
        "Amortization": NaN,
        "Amortization Of Intangibles Income Statement": NaN,
        "Depreciation Income Statement": NaN,
        "Research And Development": NaN,
        "Selling General And Administration": NaN,
        "Selling And Marketing Expense": NaN,
        "General And Administrative Expense": NaN,
        "Other Gand A": NaN,
        "Salaries And Wages": NaN,
        "Gross Profit": NaN,
        "Cost Of Revenue": NaN,
        "Total Revenue": NaN,
        "Operating Revenue": NaN
    },
    "2022-09-30": {
        "Tax Effect Of Unusual Items": NaN,
        "Tax Rate For Calcs": NaN,
        "Normalized EBITDA": NaN,
        "Total Unusual Items": -9606000.0,
        "Total Unusual Items Excluding Goodwill": -9606000.0,
        "Net Income From Continuing Operation Net Minority Interest": NaN,
        "Reconciled Depreciation": NaN,
        "Reconciled Cost Of Revenue": NaN,
        "EBITDA": NaN,
        "EBIT": NaN,
        "Net Interest Income": NaN,
        "Interest Expense": NaN,
        "Normalized Income": NaN,
        "Net Income From Continuing And Discontinued Operation": NaN,
        "Total Expenses": NaN,
        "Total Operating Income As Reported": NaN,
        "Diluted Average Shares": NaN,
        "Basic Average Shares": NaN,
        "Diluted EPS": NaN,
        "Basic EPS": NaN,
        "Diluted NI Availto Com Stockholders": NaN,
        "Average Dilution Earnings": NaN,
        "Net Income Common Stockholders": NaN,
        "Net Income": NaN,
        "Minority Interests": NaN,
        "Net Income Including Noncontrolling Interests": NaN,
        "Net Income Discontinuous Operations": 0.0,
        "Net Income Continuous Operations": NaN,
        "Tax Provision": NaN,
        "Pretax Income": NaN,
        "Other Income Expense": NaN,
        "Other Non Operating Income Expenses": NaN,
        "Special Income Charges": -9606000.0,
        "Impairment Of Capital Assets": 9606000.0,
        "Net Non Operating Interest Income Expense": NaN,
        "Interest Expense Non Operating": NaN,
        "Operating Income": NaN,
        "Operating Expense": NaN,
        "Depreciation Amortization Depletion Income Statement": NaN,
        "Depreciation And Amortization In Income Statement": NaN,
        "Amortization": 9606000.0,
        "Amortization Of Intangibles Income Statement": 9606000.0,
        "Depreciation Income Statement": NaN,
        "Research And Development": NaN,
        "Selling General And Administration": NaN,
        "Selling And Marketing Expense": NaN,
        "General And Administrative Expense": NaN,
        "Other Gand A": NaN,
        "Salaries And Wages": NaN,
        "Gross Profit": NaN,
        "Cost Of Revenue": NaN,
        "Total Revenue": NaN,
        "Operating Revenue": NaN
    },
    "2022-06-30": {
        "Tax Effect Of Unusual Items": -45711277.856135,
        "Tax Rate For Calcs": 0.199144,
        "Normalized EBITDA": 236237000.0,
        "Total Unusual Items": -229539000.0,
        "Total Unusual Items Excluding Goodwill": -229539000.0,
        "Net Income From Continuing Operation Net Minority Interest": -31858000.0,
        "Reconciled Depreciation": -1205000.0,
        "Reconciled Cost Of Revenue": 253533000.0,
        "EBITDA": 6698000.0,
        "EBIT": -4790000.0,
        "Net Interest Income": -35623000.0,
        "Interest Expense": 35623000.0,
        "Normalized Income": 151969722.143865,
        "Net Income From Continuing And Discontinued Operation": -31858000.0,
        "Total Expenses": 575055000.0,
        "Total Operating Income As Reported": -10081000.0,
        "Diluted Average Shares": 285126000.0,
        "Basic Average Shares": 285126000.0,
        "Diluted EPS": -0.11,
        "Basic EPS": -0.11,
        "Diluted NI Availto Com Stockholders": -31858000.0,
        "Average Dilution Earnings": 0.0,
        "Net Income Common Stockholders": -31858000.0,
        "Net Income": -31858000.0,
        "Minority Interests": 507000.0,
        "Net Income Including Noncontrolling Interests": -32365000.0,
        "Net Income Discontinuous Operations": 0.0,
        "Net Income Continuous Operations": -32365000.0,
        "Tax Provision": -8048000.0,
        "Pretax Income": -40413000.0,
        "Other Income Expense": -224248000.0,
        "Other Non Operating Income Expenses": 5291000.0,
        "Special Income Charges": -229539000.0,
        "Impairment Of Capital Assets": 229539000.0,
        "Net Non Operating Interest Income Expense": -35623000.0,
        "Interest Expense Non Operating": 35623000.0,
        "Operating Income": 219458000.0,
        "Operating Expense": 334215000.0,
        "Depreciation Amortization Depletion Income Statement": 11488000.0,
        "Depreciation And Amortization In Income Statement": 11488000.0,
        "Amortization": 229539000.0,
        "Amortization Of Intangibles Income Statement": 229539000.0,
        "Depreciation Income Statement": 11488000.0,
        "Research And Development": 86410000.0,
        "Selling General And Administration": 236317000.0,
        "Selling And Marketing Expense": 125679000.0,
        "General And Administrative Expense": 110638000.0,
        "Other Gand A": 110638000.0,
        "Salaries And Wages": NaN,
        "Gross Profit": 553673000.0,
        "Cost Of Revenue": 240840000.0,
        "Total Revenue": 794513000.0,
        "Operating Revenue": 794513000.0
    },
    "2023-06-30": {
        "Tax Effect Of Unusual Items": -2602450.0,
        "Tax Rate For Calcs": 0.23,
        "Normalized EBITDA": 244108000.0,
        "Total Unusual Items": -11315000.0,
        "Total Unusual Items Excluding Goodwill": -11315000.0,
        "Net Income From Continuing Operation Net Minority Interest": 137345000.0,
        "Reconciled Depreciation": 2448000.0,
        "Reconciled Cost Of Revenue": 262411000.0,
        "EBITDA": 232793000.0,
        "EBIT": 218228000.0,
        "Net Interest Income": -39742000.0,
        "Interest Expense": 39742000.0,
        "Normalized Income": 146057550.0,
        "Net Income From Continuing And Discontinued Operation": 137345000.0,
        "Total Expenses": 603441000.0,
        "Total Operating Income As Reported": 214796000.0,
        "Diluted Average Shares": 281882000.0,
        "Basic Average Shares": 264397000.0,
        "Diluted EPS": 0.48,
        "Basic EPS": 0.49,
        "Diluted NI Availto Com Stockholders": 140490000.0,
        "Average Dilution Earnings": 3145000.0,
        "Net Income Common Stockholders": 137345000.0,
        "Net Income": 137345000.0,
        "Minority Interests": 0.0,
        "Net Income Including Noncontrolling Interests": 137345000.0,
        "Net Income Discontinuous Operations": NaN,
        "Net Income Continuous Operations": 137345000.0,
        "Tax Provision": 41141000.0,
        "Pretax Income": 178486000.0,
        "Other Income Expense": -7883000.0,
        "Other Non Operating Income Expenses": 3432000.0,
        "Special Income Charges": -11315000.0,
        "Impairment Of Capital Assets": 11315000.0,
        "Net Non Operating Interest Income Expense": -39742000.0,
        "Interest Expense Non Operating": 39742000.0,
        "Operating Income": 226111000.0,
        "Operating Expense": 353147000.0,
        "Depreciation Amortization Depletion Income Statement": 14565000.0,
        "Depreciation And Amortization In Income Statement": 14565000.0,
        "Amortization": NaN,
        "Amortization Of Intangibles Income Statement": NaN,
        "Depreciation Income Statement": 14565000.0,
        "Research And Development": 94287000.0,
        "Selling General And Administration": 244295000.0,
        "Selling And Marketing Expense": 136597000.0,
        "General And Administrative Expense": 107698000.0,
        "Other Gand A": 107698000.0,
        "Salaries And Wages": 30646000.0,
        "Gross Profit": 579258000.0,
        "Cost Of Revenue": 250294000.0,
        "Total Revenue": 829552000.0,
        "Operating Revenue": 829552000.0
    },
    "2022-03-31": {
        "Diluted EPS": 0.6,
        "Total Revenue": 799,
        "Gross Profit": 562,
        "Operating Income": 208,
        "EBIT": 231,
        "Net Income": 181
    },
    "2021-12-31": {
        "Diluted EPS": -0.53,
        "Total Revenue": 806,
        "Gross Profit": 572,
        "Operating Income": 232,
        "EBIT": 256,
        "Net Income": -169
    },
    "2021-09-30": {
        "Diluted EPS": 0.43,
        "Total Revenue": 802,
        "Gross Profit": 570,
        "Operating Income": 221,
        "EBIT": 246,
        "Net Income": 131
    },
    "2021-06-30": {
        "Diluted EPS": 0.46,
        "Total Revenue": 708,
        "Gross Profit": 515,
        "Operating Income": 210,
        "EBIT": 220,
        "Net Income": 141
    },
    "2021-03-31": {
        "Diluted EPS": 0.57,
        "Total Revenue": 668,
        "Gross Profit": 488,
        "Operating Income": 189,
        "EBIT": 200,
        "Net Income": 174
    },
    "2020-12-31": {
        "Diluted EPS": 0.48,
        "Total Revenue": 651,
        "Gross Profit": 478,
        "Operating Income": 213,
        "EBIT": 224,
        "Net Income": 141
    },
    "2020-09-30": {
        "Diluted EPS": 0.47,
        "Total Revenue": 640,
        "Gross Profit": 470,
        "Operating Income": 200,
        "EBIT": 212,
        "Net Income": 141
    },
    "2020-06-30": {
        "Diluted EPS": 0.36,
        "Total Revenue": 555,
        "Gross Profit": 407,
        "Operating Income": 196,
        "EBIT": 206,
        "Net Income": 75
    },
    "2020-03-31": {
        "Diluted EPS": -1.0,
        "Total Revenue": 545,
        "Gross Profit": 401,
        "Operating Income": 137,
        "EBIT": 153,
        "Net Income": -203
    },
    "2019-12-31": {
        "Diluted EPS": 0.48,
        "Total Revenue": 547,
        "Gross Profit": 405,
        "Operating Income": 181,
        "EBIT": 197,
        "Net Income": 100
    },
    "2019-09-30": {
        "Diluted EPS": 0.63,
        "Total Revenue": 541,
        "Gross Profit": 403,
        "Operating Income": 175,
        "EBIT": 184,
        "Net Income": 129
    },
    "2019-06-30": {
        "Diluted EPS": 0.55,
        "Total Revenue": 498,
        "Gross Profit": 371,
        "Operating Income": 171,
        "EBIT": 147,
        "Net Income": 113
    },
    "2019-03-31": {
        "Diluted EPS": 0.91,
        "Total Revenue": NaN,
        "Gross Profit": 846,
        "Operating Income": 80,
        "EBIT": 122,
        "Net Income": 89
    },
    "2018-12-31": {
        "Diluted EPS": 2.04,
        "Total Revenue": NaN,
        "Gross Profit": 850,
        "Operating Income": 134,
        "EBIT": 53,
        "Net Income": 192
    },
    "2018-09-30": {
        "Diluted EPS": 1.49,
        "Total Revenue": NaN,
        "Gross Profit": 867,
        "Operating Income": 173,
        "EBIT": 212,
        "Net Income": 146
    },
    "2018-06-30": {
        "Diluted EPS": 2.32,
        "Total Revenue": NaN,
        "Gross Profit": 841,
        "Operating Income": 168,
        "EBIT": 207,
        "Net Income": 218
    },
    "2018-03-31": {
        "Diluted EPS": 0.71,
        "Total Revenue": 995,
        "Gross Profit": 793,
        "Operating Income": 90,
        "EBIT": 129,
        "Net Income": 71
    },
    "2017-12-31": {
        "Diluted EPS": 0.4,
        "Total Revenue": 951,
        "Gross Profit": 751,
        "Operating Income": 94,
        "EBIT": 133,
        "Net Income": 33
    },
    "2017-09-30": {
        "Diluted EPS": 1.79,
        "Total Revenue": 828,
        "Gross Profit": 662,
        "Operating Income": -19,
        "EBIT": 3,
        "Net Income": 180
    },
    "2017-06-30": {
        "Diluted EPS": 0.7,
        "Total Revenue": 767,
        "Gross Profit": 628,
        "Operating Income": 76,
        "EBIT": 103,
        "Net Income": 66
    },
    "2017-03-31": {
        "Diluted EPS": 0.29,
        "Total Revenue": 761,
        "Gross Profit": 615,
        "Operating Income": 37,
        "EBIT": 66,
        "Net Income": 26
    },
    "2016-12-31": {
        "Diluted EPS": 1.35,
        "Total Revenue": 811,
        "Gross Profit": 599,
        "Operating Income": 113,
        "EBIT": 148,
        "Net Income": 102
    },
    "2016-09-30": {
        "Diluted EPS": 0.49,
        "Total Revenue": 764,
        "Gross Profit": 585,
        "Operating Income": 86,
        "EBIT": 118,
        "Net Income": 43
    },
    "2016-06-30": {
        "Diluted EPS": -2.45,
        "Total Revenue": 745,
        "Gross Profit": 575,
        "Operating Income": -252,
        "EBIT": 77,
        "Net Income": -195
    },
    "2016-03-31": {
        "Diluted EPS": 0.09,
        "Total Revenue": 819,
        "Gross Profit": 625,
        "Operating Income": 21,
        "EBIT": 51,
        "Net Income": 8
    },
    "2015-12-31": {
        "Diluted EPS": -0.39,
        "Total Revenue": 849,
        "Gross Profit": 635,
        "Operating Income": -5,
        "EBIT": 125,
        "Net Income": -32
    },
    "2015-09-30": {
        "Diluted EPS": 0.74,
        "Total Revenue": 839,
        "Gross Profit": 639,
        "Operating Income": 87,
        "EBIT": 115,
        "Net Income": 66
    },
    "2015-06-30": {
        "Diluted EPS": 0.68,
        "Total Revenue": 771,
        "Gross Profit": 593,
        "Operating Income": 63,
        "EBIT": 93,
        "Net Income": 59
    },
    "2015-03-31": {
        "Diluted EPS": 0.3,
        "Total Revenue": 773,
        "Gross Profit": 586,
        "Operating Income": 35,
        "EBIT": 63,
        "Net Income": 26
    },
    "2014-12-31": {
        "Diluted EPS": 0.81,
        "Total Revenue": 831,
        "Gross Profit": 615,
        "Operating Income": 110,
        "EBIT": 143,
        "Net Income": 70
    },
    "2014-09-30": {
        "Diluted EPS": 3.68,
        "Total Revenue": 782,
        "Gross Profit": 558,
        "Operating Income": 101,
        "EBIT": 132,
        "Net Income": 327
    },
    "2014-06-30": {
        "Diluted EPS": -0.22,
        "Total Revenue": 756,
        "Gross Profit": 546,
        "Operating Income": 96,
        "EBIT": 124,
        "Net Income": -18
    },
    "2014-03-31": {
        "Diluted EPS": 0.41,
        "Total Revenue": 740,
        "Gross Profit": 531,
        "Operating Income": 72,
        "EBIT": 99,
        "Net Income": 36
    },
    "2013-12-31": {
        "Diluted EPS": 0.88,
        "Total Revenue": 724,
        "Gross Profit": 525,
        "Operating Income": 113,
        "EBIT": 142,
        "Net Income": 77
    },
    "2013-09-30": {
        "Diluted EPS": 1.13,
        "Total Revenue": 757,
        "Gross Profit": 508,
        "Operating Income": 122,
        "EBIT": 149,
        "Net Income": 97
    },
    "2013-06-30": {
        "Diluted EPS": 0.67,
        "Total Revenue": 799,
        "Gross Profit": 527,
        "Operating Income": 107,
        "EBIT": 142,
        "Net Income": 58
    },
    "2013-03-31": {
        "Diluted EPS": 0.61,
        "Total Revenue": 742,
        "Gross Profit": 486,
        "Operating Income": 85,
        "EBIT": 113,
        "Net Income": 54
    },
    "2012-12-31": {
        "Diluted EPS": 0.43,
        "Total Revenue": 765,
        "Gross Profit": 497,
        "Operating Income": 85,
        "EBIT": 118,
        "Net Income": 41
    },
    "2012-09-30": {
        "Diluted EPS": 0.43,
        "Total Revenue": 714,
        "Gross Profit": 452,
        "Operating Income": 78,
        "EBIT": 96,
        "Net Income": 41
    },
    "2012-06-30": {
        "Diluted EPS": 0.47,
        "Total Revenue": 681,
        "Gross Profit": 443,
        "Operating Income": 97,
        "EBIT": 116,
        "Net Income": 43
    },
    "2012-03-31": {
        "Diluted EPS": 0.38,
        "Total Revenue": 641,
        "Gross Profit": 417,
        "Operating Income": 63,
        "EBIT": 82,
        "Net Income": 34
    },
    "2011-12-31": {
        "Diluted EPS": 0.53,
        "Total Revenue": 597,
        "Gross Profit": 386,
        "Operating Income": 55,
        "EBIT": 82,
        "Net Income": 49
    },
    "2011-09-30": {
        "Diluted EPS": 0.69,
        "Total Revenue": 517,
        "Gross Profit": 328,
        "Operating Income": 47,
        "EBIT": 69,
        "Net Income": 65
    },
    "2011-06-30": {
        "Diluted EPS": 0.44,
        "Total Revenue": 485,
        "Gross Profit": 304,
        "Operating Income": 58,
        "EBIT": 73,
        "Net Income": 42
    },
    "2011-03-31": {
        "Diluted EPS": 0.19,
        "Total Revenue": 460,
        "Gross Profit": 287,
        "Operating Income": 37,
        "EBIT": 53,
        "Net Income": 18
    },
    "2010-12-31": {
        "Diluted EPS": 0.81,
        "Total Revenue": 451,
        "Gross Profit": 277,
        "Operating Income": -21,
        "EBIT": 41,
        "Net Income": 87
    },
    "2010-09-30": {
        "Diluted EPS": 0.16,
        "Total Revenue": 413,
        "Gross Profit": 265,
        "Operating Income": 38,
        "EBIT": 55,
        "Net Income": 18
    },
    "2010-06-30": {
        "Diluted EPS": 0.12,
        "Total Revenue": 394,
        "Gross Profit": 254,
        "Operating Income": 25,
        "EBIT": 46,
        "Net Income": 14
    },
    "2010-03-31": {
        "Diluted EPS": -0.16,
        "Total Revenue": 378,
        "Gross Profit": 247,
        "Operating Income": 9,
        "EBIT": 28,
        "Net Income": -19
    },
    "2009-12-31": {
        "Diluted EPS": -7.31,
        "Total Revenue": 338,
        "Gross Profit": 234,
        "Operating Income": NaN,
        "EBIT": 52,
        "Net Income": NaN
    },
    "2009-09-30": {
        "Diluted EPS": 0.16,
        "Total Revenue": 337,
        "Gross Profit": 231,
        "Operating Income": 7,
        "EBIT": 38,
        "Net Income": 22
    },
    "2009-06-30": {
        "Diluted EPS": 0.28,
        "Total Revenue": 340,
        "Gross Profit": 233,
        "Operating Income": 4,
        "EBIT": 29,
        "Net Income": 41
    },
    "2009-03-31": {
        "Diluted EPS": -0.19,
        "Total Revenue": 332,
        "Gross Profit": 219,
        "Operating Income": -33,
        "EBIT": -6,
        "Net Income": -28
    },
    "2023-09-30": {
        "Tax Effect Of Unusual Items": -2307580.0,
        "Tax Rate For Calcs": 0.22,
        "Normalized EBITDA": 279263000.0,
        "Total Unusual Items": -10489000.0,
        "Total Unusual Items Excluding Goodwill": -10489000.0,
        "Net Income From Continuing Operation Net Minority Interest": 163727000.0,
        "Reconciled Depreciation": 17310000.0,
        "Reconciled Cost Of Revenue": 255598000.0,
        "EBITDA": 268774000.0,
        "EBIT": 251464000.0,
        "Net Interest Income": -40380000.0,
        "Interest Expense": 40380000.0,
        "Normalized Income": 171908420.0,
        "Net Income From Continuing And Discontinued Operation": 163727000.0,
        "Total Expenses": 627552000.0,
        "Total Operating Income As Reported": 243559000.0,
        "Diluted Average Shares": 293380000.0,
        "Basic Average Shares": 275223000.0,
        "Diluted EPS": 0.57,
        "Basic EPS": 0.59,
        "Diluted NI Availto Com Stockholders": 166894000.0,
        "Average Dilution Earnings": 3167000.0,
        "Net Income Common Stockholders": 163727000.0,
        "Net Income": 163727000.0,
        "Minority Interests": -29000.0,
        "Net Income Including Noncontrolling Interests": 163756000.0,
        "Net Income Discontinuous Operations": NaN,
        "Net Income Continuous Operations": 163756000.0,
        "Tax Provision": 47328000.0,
        "Pretax Income": 211084000.0,
        "Other Income Expense": -2584000.0,
        "Other Non Operating Income Expenses": 7905000.0,
        "Special Income Charges": -10489000.0,
        "Impairment Of Capital Assets": 10489000.0,
        "Net Non Operating Interest Income Expense": -40380000.0,
        "Interest Expense Non Operating": 40380000.0,
        "Operating Income": 254048000.0,
        "Operating Expense": 371954000.0,
        "Depreciation Amortization Depletion Income Statement": 17310000.0,
        "Depreciation And Amortization In Income Statement": 17310000.0,
        "Amortization": NaN,
        "Amortization Of Intangibles Income Statement": NaN,
        "Depreciation Income Statement": 17310000.0,
        "Research And Development": 94141000.0,
        "Selling General And Administration": 260503000.0,
        "Selling And Marketing Expense": 153408000.0,
        "General And Administrative Expense": 107095000.0,
        "Other Gand A": 107095000.0,
        "Salaries And Wages": NaN,
        "Gross Profit": 626002000.0,
        "Cost Of Revenue": 255598000.0,
        "Total Revenue": 881600000.0,
        "Operating Revenue": 881600000.0
    },
    "2023-12-31": {
        "Tax Effect Of Unusual Items": -4559100.0,
        "Tax Rate For Calcs": 0.21,
        "Normalized EBITDA": 306385000.0,
        "Total Unusual Items": -21710000.0,
        "Total Unusual Items Excluding Goodwill": -21710000.0,
        "Net Income From Continuing Operation Net Minority Interest": 229658000.0,
        "Reconciled Depreciation": 19380000.0,
        "Reconciled Cost Of Revenue": 208112000.0,
        "EBITDA": 284675000.0,
        "EBIT": 265295000.0,
        "Net Interest Income": -13614000.0,
        "Interest Expense": 40414000.0,
        "Normalized Income": 246808900.0,
        "Net Income From Continuing And Discontinued Operation": 229658000.0,
        "Total Expenses": 592166000.0,
        "Total Operating Income As Reported": 260252000.0,
        "Diluted Average Shares": 288205000.0,
        "Basic Average Shares": 270576000.0,
        "Diluted EPS": 0.81,
        "Basic EPS": 0.85,
        "Diluted NI Availto Com Stockholders": 232801000.0,
        "Average Dilution Earnings": 3143000.0,
        "Net Income Common Stockholders": 229658000.0,
        "Net Income": 229658000.0,
        "Minority Interests": -22000.0,
        "Net Income Including Noncontrolling Interests": 229680000.0,
        "Net Income Discontinuous Operations": NaN,
        "Net Income Continuous Operations": 229680000.0,
        "Tax Provision": -4799000.0,
        "Pretax Income": 224881000.0,
        "Other Income Expense": -35567000.0,
        "Other Non Operating Income Expenses": -13857000.0,
        "Special Income Charges": -13810000.0,
        "Impairment Of Capital Assets": 13810000.0,
        "Net Non Operating Interest Income Expense": -13614000.0,
        "Interest Expense Non Operating": 40414000.0,
        "Operating Income": 274062000.0,
        "Operating Expense": 384054000.0,
        "Depreciation Amortization Depletion Income Statement": 19380000.0,
        "Depreciation And Amortization In Income Statement": 19380000.0,
        "Amortization": NaN,
        "Amortization Of Intangibles Income Statement": NaN,
        "Depreciation Income Statement": 19380000.0,
        "Research And Development": 97571000.0,
        "Selling General And Administration": 267103000.0,
        "Selling And Marketing Expense": 158898000.0,
        "General And Administrative Expense": 108205000.0,
        "Other Gand A": 108205000.0,
        "Salaries And Wages": NaN,
        "Gross Profit": 658116000.0,
        "Cost Of Revenue": 208112000.0,
        "Total Revenue": 866228000.0,
        "Operating Revenue": 866228000.0
    },
    "2024-03-31": {
        "Tax Effect Of Unusual Items": 0.0,
        "Tax Rate For Calcs": 0.2,
        "Normalized EBITDA": 225100000.0,
        "Total Unusual Items": NaN,
        "Total Unusual Items Excluding Goodwill": NaN,
        "Net Income From Continuing Operation Net Minority Interest": 123198000.0,
        "Reconciled Depreciation": 30888000.0,
        "Reconciled Cost Of Revenue": 256742000.0,
        "EBITDA": 225100000.0,
        "EBIT": 194212000.0,
        "Net Interest Income": -40353000.0,
        "Interest Expense": 40353000.0,
        "Normalized Income": 123198000.0,
        "Net Income From Continuing And Discontinued Operation": 123198000.0,
        "Total Expenses": 674909000.0,
        "Total Operating Income As Reported": 184738000.0,
        "Diluted Average Shares": 286211000.0,
        "Basic Average Shares": 268142000.0,
        "Diluted EPS": 0.44,
        "Basic EPS": 0.46,
        "Diluted NI Availto Com Stockholders": 126361000.0,
        "Average Dilution Earnings": 3163000.0,
        "Net Income Common Stockholders": 123198000.0,
        "Net Income": 123198000.0,
        "Minority Interests": -36000.0,
        "Net Income Including Noncontrolling Interests": 123234000.0,
        "Net Income Discontinuous Operations": NaN,
        "Net Income Continuous Operations": 123234000.0,
        "Tax Provision": 30625000.0,
        "Pretax Income": 153859000.0,
        "Other Income Expense": 9474000.0,
        "Other Non Operating Income Expenses": 9474000.0,
        "Special Income Charges": NaN,
        "Impairment Of Capital Assets": NaN,
        "Net Non Operating Interest Income Expense": -40353000.0,
        "Interest Expense Non Operating": 40353000.0,
        "Operating Income": 184738000.0,
        "Operating Expense": 418167000.0,
        "Depreciation Amortization Depletion Income Statement": 30888000.0,
        "Depreciation And Amortization In Income Statement": 30888000.0,
        "Amortization": 10367000.0,
        "Amortization Of Intangibles Income Statement": 10367000.0,
        "Depreciation Income Statement": 20521000.0,
        "Research And Development": 115737000.0,
        "Selling General And Administration": 271542000.0,
        "Selling And Marketing Expense": 165301000.0,
        "General And Administrative Expense": 106241000.0,
        "Other Gand A": 106241000.0,
        "Salaries And Wages": NaN,
        "Gross Profit": 602905000.0,
        "Cost Of Revenue": 256742000.0,
        "Total Revenue": 859647000.0,
        "Operating Revenue": 859647000.0
    },
    "2024-06-30": {
        "Tax Effect Of Unusual Items": 0.0,
        "Tax Rate For Calcs": 0.24,
        "Normalized EBITDA": 247095000.0,
        "Total Unusual Items": NaN,
        "Total Unusual Items Excluding Goodwill": NaN,
        "Net Income From Continuing Operation Net Minority Interest": 133314000.0,
        "Reconciled Depreciation": 32044000.0,
        "Reconciled Cost Of Revenue": 244988000.0,
        "EBITDA": 247095000.0,
        "EBIT": 215051000.0,
        "Net Interest Income": -40038000.0,
        "Interest Expense": 40038000.0,
        "Normalized Income": 133314000.0,
        "Net Income From Continuing And Discontinued Operation": 133314000.0,
        "Total Expenses": 659540000.0,
        "Total Operating Income As Reported": 204526000.0,
        "Diluted Average Shares": 264397000.0,
        "Basic Average Shares": 264397000.0,
        "Diluted EPS": 0.48,
        "Basic EPS": 0.5,
        "Diluted NI Availto Com Stockholders": 136480000.0,
        "Average Dilution Earnings": 3166000.0,
        "Net Income Common Stockholders": 133314000.0,
        "Net Income": 133314000.0,
        "Minority Interests": -6000.0,
        "Net Income Including Noncontrolling Interests": 133320000.0,
        "Net Income Discontinuous Operations": NaN,
        "Net Income Continuous Operations": 133320000.0,
        "Tax Provision": 41693000.0,
        "Pretax Income": 175013000.0,
        "Other Income Expense": 10525000.0,
        "Other Non Operating Income Expenses": 10525000.0,
        "Special Income Charges": NaN,
        "Impairment Of Capital Assets": NaN,
        "Net Non Operating Interest Income Expense": -40038000.0,
        "Interest Expense Non Operating": 40038000.0,
        "Operating Income": 204526000.0,
        "Operating Expense": 414552000.0,
        "Depreciation Amortization Depletion Income Statement": 32044000.0,
        "Depreciation And Amortization In Income Statement": 32044000.0,
        "Amortization": 10952000.0,
        "Amortization Of Intangibles Income Statement": 10952000.0,
        "Depreciation Income Statement": 21092000.0,
        "Research And Development": 113576000.0,
        "Selling General And Administration": 268932000.0,
        "Selling And Marketing Expense": 154628000.0,
        "General And Administrative Expense": 114304000.0,
        "Other Gand A": 114304000.0,
        "Salaries And Wages": NaN,
        "Gross Profit": 619078000.0,
        "Cost Of Revenue": 244988000.0,
        "Total Revenue": 864066000.0,
        "Operating Revenue": 864066000.0
    }
}