{
    "2023-06-30": {
        "Tax Effect Of Unusual Items": -52520.0,
        "Tax Rate For Calcs": 0.26,
        "Normalized EBITDA": 446346000.0,
        "Total Unusual Items": -202000.0,
        "Total Unusual Items Excluding Goodwill": -202000.0,
        "Net Income From Continuing Operation Net Minority Interest": 164666000.0,
        "Reconciled Depreciation": 177514000.0,
        "Reconciled Cost Of Revenue": 358308000.0,
        "EBITDA": 446144000.0,
        "EBIT": 268630000.0,
        "Net Interest Income": -34229000.0,
        "Interest Expense": 34229000.0,
        "Normalized Income": 164815480.0,
        "Net Income From Continuing And Discontinued Operation": 164666000.0,
        "Total Expenses": 385815000.0,
        "Rent Expense Supplemental": 61043000.0,
        "Total Operating Income As Reported": 252268000.0,
        "Diluted Average Shares": 119842000.0,
        "Basic Average Shares": NaN,
        "Diluted EPS": 1.37,
        "Basic EPS": NaN,
        "Diluted NI Availto Com Stockholders": 164666000.0,
        "Net Income Common Stockholders": 164666000.0,
        "Net Income": 164666000.0,
        "Minority Interests": -12429000.0,
        "Net Income Including Noncontrolling Interests": 177095000.0,
        "Net Income Continuous Operations": 177095000.0,
        "Tax Provision": 57306000.0,
        "Pretax Income": 234401000.0,
        "Other Income Expense": 16362000.0,
        "Other Non Operating Income Expenses": 16564000.0,
        "Special Income Charges": -202000.0,
        "Gain On Sale Of Ppe": NaN,
        "Write Off": 202000.0,
        "Impairment Of Capital Assets": NaN,
        "Net Non Operating Interest Income Expense": -34229000.0,
        "Interest Expense Non Operating": 34229000.0,
        "Operating Income": 252268000.0,
        "Operating Expense": 27507000.0,
        "Other Operating Expenses": 792000.0,
        "Selling General And Administration": 26715000.0,
        "General And Administrative Expense": 26715000.0,
        "Other Gand A": 26715000.0,
        "Gross Profit": 279775000.0,
        "Cost Of Revenue": 358308000.0,
        "Total Revenue": 638083000.0,
        "Operating Revenue": 638083000.0
    },
    "2023-03-31": {
        "Tax Effect Of Unusual Items": 0.0,
        "Tax Rate For Calcs": 0.26,
        "Normalized EBITDA": 378097000.0,
        "Total Unusual Items": 0.0,
        "Total Unusual Items Excluding Goodwill": 0.0,
        "Net Income From Continuing Operation Net Minority Interest": 163130000.0,
        "Reconciled Depreciation": 126325000.0,
        "Reconciled Cost Of Revenue": 285711000.0,
        "EBITDA": 378097000.0,
        "EBIT": 251772000.0,
        "Net Interest Income": -16176000.0,
        "Interest Expense": 16176000.0,
        "Normalized Income": 163130000.0,
        "Net Income From Continuing And Discontinued Operation": 163130000.0,
        "Total Expenses": 308843000.0,
        "Rent Expense Supplemental": 44407000.0,
        "Total Operating Income As Reported": 251433000.0,
        "Diluted Average Shares": NaN,
        "Basic Average Shares": 119034000.0,
        "Diluted EPS": 1.36,
        "Basic EPS": 1.37,
        "Diluted NI Availto Com Stockholders": 163130000.0,
        "Net Income Common Stockholders": 163130000.0,
        "Net Income": 163130000.0,
        "Minority Interests": -15794000.0,
        "Net Income Including Noncontrolling Interests": 178924000.0,
        "Net Income Continuous Operations": 178924000.0,
        "Tax Provision": 56672000.0,
        "Pretax Income": 235596000.0,
        "Other Income Expense": 339000.0,
        "Other Non Operating Income Expenses": 339000.0,
        "Special Income Charges": 0.0,
        "Gain On Sale Of Ppe": NaN,
        "Write Off": 0.0,
        "Impairment Of Capital Assets": NaN,
        "Net Non Operating Interest Income Expense": -16176000.0,
        "Interest Expense Non Operating": 16176000.0,
        "Operating Income": 251433000.0,
        "Operating Expense": 23132000.0,
        "Other Operating Expenses": 699000.0,
        "Selling General And Administration": 22433000.0,
        "General And Administrative Expense": 22433000.0,
        "Other Gand A": 22433000.0,
        "Gross Profit": 274565000.0,
        "Cost Of Revenue": 285711000.0,
        "Total Revenue": 560276000.0,
        "Operating Revenue": 560276000.0
    },
    "2022-12-31": {
        "Tax Effect Of Unusual Items": 0.0,
        "Tax Rate For Calcs": 0.229364,
        "Normalized EBITDA": 500862000.0,
        "Total Unusual Items": 0.0,
        "Total Unusual Items Excluding Goodwill": 0.0,
        "Net Income From Continuing Operation Net Minority Interest": 253792000.0,
        "Reconciled Depreciation": 131601000.0,
        "Reconciled Cost Of Revenue": 300577000.0,
        "EBITDA": 500862000.0,
        "EBIT": 369261000.0,
        "Net Interest Income": -16424000.0,
        "Interest Expense": 16424000.0,
        "Normalized Income": 253792000.0,
        "Net Income From Continuing And Discontinued Operation": 253792000.0,
        "Total Expenses": 335775000.0,
        "Rent Expense Supplemental": 40933000.0,
        "Total Operating Income As Reported": 371700000.0,
        "Diluted Average Shares": 120074000.0,
        "Basic Average Shares": 118298000.0,
        "Diluted EPS": 2.11,
        "Basic EPS": 2.15,
        "Diluted NI Availto Com Stockholders": 253792000.0,
        "Net Income Common Stockholders": 253792000.0,
        "Net Income": 253792000.0,
        "Minority Interests": -18117000.0,
        "Net Income Including Noncontrolling Interests": 271909000.0,
        "Net Income Continuous Operations": 271909000.0,
        "Tax Provision": 80928000.0,
        "Pretax Income": 352837000.0,
        "Other Income Expense": -2439000.0,
        "Other Non Operating Income Expenses": -2439000.0,
        "Special Income Charges": 0.0,
        "Gain On Sale Of Ppe": 0.0,
        "Write Off": NaN,
        "Impairment Of Capital Assets": NaN,
        "Net Non Operating Interest Income Expense": -16424000.0,
        "Interest Expense Non Operating": 16424000.0,
        "Operating Income": 371700000.0,
        "Operating Expense": 35198000.0,
        "Other Operating Expenses": 682000.0,
        "Selling General And Administration": 34516000.0,
        "General And Administrative Expense": 34516000.0,
        "Other Gand A": 34516000.0,
        "Gross Profit": 406898000.0,
        "Cost Of Revenue": 300577000.0,
        "Total Revenue": 707475000.0,
        "Operating Revenue": 707475000.0
    },
    "2022-09-30": {
        "Tax Effect Of Unusual Items": -270993.020905,
        "Tax Rate For Calcs": 0.24348,
        "Normalized EBITDA": 603948000.0,
        "Total Unusual Items": -1113000.0,
        "Total Unusual Items Excluding Goodwill": -1113000.0,
        "Net Income From Continuing Operation Net Minority Interest": 337572000.0,
        "Reconciled Depreciation": 118870000.0,
        "Reconciled Cost Of Revenue": 329426000.0,
        "EBITDA": 602835000.0,
        "EBIT": 483965000.0,
        "Net Interest Income": -15996000.0,
        "Interest Expense": 15996000.0,
        "Normalized Income": 338414006.979095,
        "Net Income From Continuing And Discontinued Operation": 337572000.0,
        "Total Expenses": 357654000.0,
        "Rent Expense Supplemental": 42360000.0,
        "Total Operating Income As Reported": 483274000.0,
        "Diluted Average Shares": 119850000.0,
        "Basic Average Shares": 118136000.0,
        "Diluted EPS": 2.82,
        "Basic EPS": 2.86,
        "Diluted NI Availto Com Stockholders": 337572000.0,
        "Net Income Common Stockholders": 337572000.0,
        "Net Income": 337572000.0,
        "Minority Interests": -16456000.0,
        "Net Income Including Noncontrolling Interests": 354028000.0,
        "Net Income Continuous Operations": 354028000.0,
        "Tax Provision": 113941000.0,
        "Pretax Income": 467969000.0,
        "Other Income Expense": 691000.0,
        "Other Non Operating Income Expenses": 1804000.0,
        "Special Income Charges": -1113000.0,
        "Gain On Sale Of Ppe": -1113000.0,
        "Write Off": NaN,
        "Impairment Of Capital Assets": NaN,
        "Net Non Operating Interest Income Expense": -15996000.0,
        "Interest Expense Non Operating": 15996000.0,
        "Operating Income": 483274000.0,
        "Operating Expense": 28228000.0,
        "Other Operating Expenses": 679000.0,
        "Selling General And Administration": 27549000.0,
        "General And Administrative Expense": 27549000.0,
        "Other Gand A": 27549000.0,
        "Gross Profit": 511502000.0,
        "Cost Of Revenue": 329426000.0,
        "Total Revenue": 840928000.0,
        "Operating Revenue": 840928000.0
    },
    "2022-06-30": {
        "Tax Effect Of Unusual Items": 0.0,
        "Tax Rate For Calcs": 0.237628,
        "Normalized EBITDA": 710671000.0,
        "Total Unusual Items": 0.0,
        "Total Unusual Items Excluding Goodwill": 0.0,
        "Net Income From Continuing Operation Net Minority Interest": 415718000.0,
        "Reconciled Depreciation": 120024000.0,
        "Reconciled Cost Of Revenue": 323993000.0,
        "EBITDA": 710671000.0,
        "EBIT": 590647000.0,
        "Net Interest Income": -18492000.0,
        "Interest Expense": 18492000.0,
        "Normalized Income": 415718000.0,
        "Net Income From Continuing And Discontinued Operation": 415718000.0,
        "Total Expenses": 348941000.0,
        "Total Operating Income As Reported": 594989000.0,
        "Diluted Average Shares": 119903000.0,
        "Basic Average Shares": 118103000.0,
        "Diluted EPS": 3.47,
        "Basic EPS": 3.52,
        "Diluted NI Availto Com Stockholders": 415718000.0,
        "Net Income Common Stockholders": 415718000.0,
        "Net Income": 415718000.0,
        "Minority Interests": -20477000.0,
        "Net Income Including Noncontrolling Interests": 436195000.0,
        "Net Income Continuous Operations": 436195000.0,
        "Tax Provision": 135960000.0,
        "Pretax Income": 572155000.0,
        "Other Income Expense": -4342000.0,
        "Other Non Operating Income Expenses": -4342000.0,
        "Special Income Charges": 0.0,
        "Gain On Sale Of Ppe": 0.0,
        "Write Off": NaN,
        "Net Non Operating Interest Income Expense": -18492000.0,
        "Interest Expense Non Operating": 18492000.0,
        "Operating Income": 594989000.0,
        "Operating Expense": 24948000.0,
        "Other Operating Expenses": 517000.0,
        "Selling General And Administration": 24431000.0,
        "General And Administrative Expense": 24431000.0,
        "Other Gand A": 24431000.0,
        "Gross Profit": 619937000.0,
        "Cost Of Revenue": 323993000.0,
        "Total Revenue": 943930000.0,
        "Operating Revenue": 943930000.0
    },
    "2022-03-31": {
        "Diluted EPS": 1.73,
        "Total Revenue": 566,
        "Gross Profit": 469,
        "Operating Income": 309,
        "EBIT": 406,
        "Net Income": 207
    },
    "2021-12-31": {
        "Diluted EPS": 1.8,
        "Total Revenue": 566,
        "Gross Profit": 467,
        "Operating Income": 325,
        "EBIT": 416,
        "Net Income": 215
    },
    "2021-09-30": {
        "Diluted EPS": 1.71,
        "Total Revenue": 472,
        "Gross Profit": 372,
        "Operating Income": 230,
        "EBIT": 320,
        "Net Income": 204
    },
    "2021-06-30": {
        "Diluted EPS": 0.89,
        "Total Revenue": 357,
        "Gross Profit": 290,
        "Operating Income": 145,
        "EBIT": 237,
        "Net Income": 106
    },
    "2021-03-31": {
        "Diluted EPS": 0.51,
        "Total Revenue": 267,
        "Gross Profit": 216,
        "Operating Income": 93,
        "EBIT": 168,
        "Net Income": 61
    },
    "2020-12-31": {
        "Diluted EPS": -0.77,
        "Total Revenue": 224,
        "Gross Profit": 182,
        "Operating Income": -59,
        "EBIT": 32,
        "Net Income": -89
    },
    "2020-09-30": {
        "Diluted EPS": -2.38,
        "Total Revenue": 203,
        "Gross Profit": 157,
        "Operating Income": -221,
        "EBIT": -132,
        "Net Income": -276
    },
    "2020-06-30": {
        "Diluted EPS": -3.04,
        "Total Revenue": 63,
        "Gross Profit": 23,
        "Operating Income": -435,
        "EBIT": -341,
        "Net Income": -353
    },
    "2020-03-31": {
        "Diluted EPS": 1.08,
        "Total Revenue": 372,
        "Gross Profit": 332,
        "Operating Income": 194,
        "EBIT": 285,
        "Net Income": 126
    },
    "2019-12-31": {
        "Diluted EPS": 0.21,
        "Total Revenue": 289,
        "Gross Profit": 218,
        "Operating Income": 65,
        "EBIT": 167,
        "Net Income": 24
    },
    "2019-09-30": {
        "Diluted EPS": 0.38,
        "Total Revenue": 279,
        "Gross Profit": 229,
        "Operating Income": 86,
        "EBIT": 179,
        "Net Income": 44
    },
    "2019-06-30": {
        "Diluted EPS": 0.31,
        "Total Revenue": 242,
        "Gross Profit": 204,
        "Operating Income": 77,
        "EBIT": 157,
        "Net Income": 37
    },
    "2019-03-31": {
        "Diluted EPS": -0.15,
        "Total Revenue": 174,
        "Gross Profit": 134,
        "Operating Income": 8,
        "EBIT": 85,
        "Net Income": -17
    },
    "2018-12-31": {
        "Diluted EPS": 1.18,
        "Total Revenue": 290,
        "Gross Profit": 258,
        "Operating Income": 148,
        "EBIT": 221,
        "Net Income": 137
    },
    "2018-09-30": {
        "Diluted EPS": 0.15,
        "Total Revenue": 207,
        "Gross Profit": 180,
        "Operating Income": 68,
        "EBIT": 139,
        "Net Income": 18
    },
    "2018-06-30": {
        "Diluted EPS": 0.53,
        "Total Revenue": 211,
        "Gross Profit": 186,
        "Operating Income": 74,
        "EBIT": 141,
        "Net Income": 60
    },
    "2018-03-31": {
        "Diluted EPS": 0.55,
        "Total Revenue": 191,
        "Gross Profit": 169,
        "Operating Income": 73,
        "EBIT": 129,
        "Net Income": 60
    },
    "2017-12-31": {
        "Diluted EPS": 0.36,
        "Total Revenue": 154,
        "Gross Profit": 131,
        "Operating Income": 41,
        "EBIT": 96,
        "Net Income": 38
    },
    "2017-09-30": {
        "Diluted EPS": 0.15,
        "Total Revenue": 126,
        "Gross Profit": 108,
        "Operating Income": 27,
        "EBIT": 74,
        "Net Income": 15
    },
    "2017-06-30": {
        "Diluted EPS": 0.28,
        "Total Revenue": 130,
        "Gross Profit": 114,
        "Operating Income": 39,
        "EBIT": 80,
        "Net Income": 29
    },
    "2017-03-31": {
        "Diluted EPS": 0.44,
        "Total Revenue": 135,
        "Gross Profit": 121,
        "Operating Income": 54,
        "EBIT": 88,
        "Net Income": 44
    },
    "2016-12-31": {
        "Diluted EPS": 1.21,
        "Total Revenue": 85,
        "Gross Profit": 71,
        "Operating Income": 8,
        "EBIT": 40,
        "Net Income": 104
    },
    "2016-09-30": {
        "Diluted EPS": 0.13,
        "Total Revenue": 89,
        "Gross Profit": 75,
        "Operating Income": 17,
        "EBIT": 47,
        "Net Income": 12
    },
    "2016-06-30": {
        "Diluted EPS": -1.15,
        "Total Revenue": 46,
        "Gross Profit": 34,
        "Operating Income": -101,
        "EBIT": -69,
        "Net Income": -106
    },
    "2016-03-31": {
        "Diluted EPS": -1.26,
        "Total Revenue": 45,
        "Gross Profit": 36,
        "Operating Income": -102,
        "EBIT": -72,
        "Net Income": -108
    },
    "2015-12-31": {
        "Diluted EPS": -2.91,
        "Total Revenue": 69,
        "Gross Profit": 58,
        "Operating Income": -222,
        "EBIT": -187,
        "Net Income": -230
    },
    "2015-09-30": {
        "Diluted EPS": -2.86,
        "Total Revenue": 99,
        "Gross Profit": 88,
        "Operating Income": -269,
        "EBIT": -223,
        "Net Income": -242
    },
    "2015-06-30": {
        "Diluted EPS": -1.89,
        "Total Revenue": 78,
        "Gross Profit": 68,
        "Operating Income": -241,
        "EBIT": -189,
        "Net Income": -157
    },
    "2015-03-31": {
        "Diluted EPS": -0.68,
        "Total Revenue": 72,
        "Gross Profit": 65,
        "Operating Income": -75,
        "EBIT": -28,
        "Net Income": -50
    },
    "2014-12-31": {
        "Diluted EPS": 0.65,
        "Total Revenue": 155,
        "Gross Profit": 144,
        "Operating Income": 76,
        "EBIT": 120,
        "Net Income": 47
    },
    "2014-09-30": {
        "Diluted EPS": 0.4,
        "Total Revenue": 112,
        "Gross Profit": 104,
        "Operating Income": 47,
        "EBIT": 82,
        "Net Income": 30
    },
    "2014-06-30": {
        "Diluted EPS": 0.26,
        "Total Revenue": 91,
        "Gross Profit": 82,
        "Operating Income": 30,
        "EBIT": 62,
        "Net Income": 18
    },
    "2014-03-31": {
        "Diluted EPS": 0.25,
        "Total Revenue": 74,
        "Gross Profit": 68,
        "Operating Income": 27,
        "EBIT": 51,
        "Net Income": 16
    },
    "2013-12-31": {
        "Diluted EPS": 0.25,
        "Total Revenue": 69,
        "Gross Profit": 63,
        "Operating Income": 23,
        "EBIT": 47,
        "Net Income": 15
    },
    "2013-09-30": {
        "Diluted EPS": 0.35,
        "Total Revenue": 71,
        "Gross Profit": 65,
        "Operating Income": 25,
        "EBIT": 51,
        "Net Income": 20
    },
    "2013-06-30": {
        "Diluted EPS": 0.45,
        "Total Revenue": 66,
        "Gross Profit": 62,
        "Operating Income": 27,
        "EBIT": 47,
        "Net Income": 25
    },
    "2013-03-31": {
        "Diluted EPS": -0.28,
        "Total Revenue": 55,
        "Gross Profit": 51,
        "Operating Income": -14,
        "EBIT": 14,
        "Net Income": -16
    },
    "2012-12-31": {
        "Diluted EPS": -0.41,
        "Total Revenue": 52,
        "Gross Profit": 48,
        "Operating Income": -20,
        "EBIT": 7,
        "Net Income": -21
    },
    "2012-09-30": {
        "Diluted EPS": -0.17,
        "Total Revenue": 28,
        "Gross Profit": 26,
        "Operating Income": -10,
        "EBIT": 12,
        "Net Income": -9
    },
    "2012-06-30": {
        "Diluted EPS": -0.12,
        "Total Revenue": 56,
        "Gross Profit": 53,
        "Operating Income": -10,
        "EBIT": 10,
        "Net Income": -7
    },
    "2012-03-31": {
        "Diluted EPS": 0.08,
        "Total Revenue": 29,
        "Gross Profit": 27,
        "Operating Income": 7,
        "EBIT": 18,
        "Net Income": 4
    },
    "2011-12-31": {
        "Diluted EPS": 0.08,
        "Total Revenue": 21,
        "Gross Profit": 20,
        "Operating Income": 6,
        "EBIT": 15,
        "Net Income": 3
    },
    "2011-09-30": {
        "Diluted EPS": 0.14,
        "Total Revenue": 22,
        "Gross Profit": 20,
        "Operating Income": 6,
        "EBIT": 14,
        "Net Income": 6
    },
    "2011-06-30": {
        "Diluted EPS": 0.17,
        "Total Revenue": 22,
        "Gross Profit": 20,
        "Operating Income": 7,
        "EBIT": 15,
        "Net Income": 7
    },
    "2011-03-31": {
        "Diluted EPS": -0.65,
        "Total Revenue": 14,
        "Gross Profit": 13,
        "Operating Income": -34,
        "EBIT": -27,
        "Net Income": -28
    },
    "2010-12-31": {
        "Diluted EPS": 0.0,
        "Total Revenue": NaN,
        "Gross Profit": NaN,
        "Operating Income": NaN,
        "EBIT": NaN,
        "Net Income": NaN
    },
    "2009-12-31": {
        "Diluted EPS": 0.0,
        "Total Revenue": NaN,
        "Gross Profit": NaN,
        "Operating Income": NaN,
        "EBIT": NaN,
        "Net Income": NaN
    },
    "2023-09-30": {
        "Tax Effect Of Unusual Items": 0.0,
        "Tax Rate For Calcs": 0.05,
        "Normalized EBITDA": 521190000.0,
        "Total Unusual Items": 0.0,
        "Total Unusual Items Excluding Goodwill": 0.0,
        "Net Income From Continuing Operation Net Minority Interest": 263739000.0,
        "Reconciled Depreciation": 192794000.0,
        "Reconciled Cost Of Revenue": 399335000.0,
        "EBITDA": 521190000.0,
        "EBIT": 328396000.0,
        "Net Interest Income": -35408000.0,
        "Interest Expense": 35408000.0,
        "Normalized Income": 263739000.0,
        "Net Income From Continuing And Discontinued Operation": 263739000.0,
        "Total Expenses": 432284000.0,
        "Rent Expense Supplemental": 66395000.0,
        "Total Operating Income As Reported": 340010000.0,
        "Diluted Average Shares": NaN,
        "Basic Average Shares": 119147000.0,
        "Diluted EPS": NaN,
        "Basic EPS": 2.21,
        "Diluted NI Availto Com Stockholders": 263739000.0,
        "Net Income Common Stockholders": 263739000.0,
        "Net Income": 263739000.0,
        "Minority Interests": -14660000.0,
        "Net Income Including Noncontrolling Interests": 278399000.0,
        "Net Income Continuous Operations": 278399000.0,
        "Tax Provision": 14589000.0,
        "Pretax Income": 292988000.0,
        "Other Income Expense": -11614000.0,
        "Other Non Operating Income Expenses": -11614000.0,
        "Special Income Charges": 0.0,
        "Gain On Sale Of Ppe": NaN,
        "Write Off": NaN,
        "Impairment Of Capital Assets": 0.0,
        "Net Non Operating Interest Income Expense": -35408000.0,
        "Interest Expense Non Operating": 35408000.0,
        "Operating Income": 340010000.0,
        "Operating Expense": 32949000.0,
        "Other Operating Expenses": 1218000.0,
        "Selling General And Administration": 31731000.0,
        "General And Administrative Expense": 31731000.0,
        "Other Gand A": 31731000.0,
        "Gross Profit": 372959000.0,
        "Cost Of Revenue": 399335000.0,
        "Total Revenue": 772294000.0,
        "Operating Revenue": 772294000.0
    }
}