{
    "2023-03-31": {
        "Tax Effect Of Unusual Items": NaN,
        "Tax Rate For Calcs": NaN,
        "Normalized EBITDA": NaN,
        "Net Income From Continuing Operation Net Minority Interest": NaN,
        "Reconciled Depreciation": NaN,
        "Reconciled Cost Of Revenue": NaN,
        "EBITDA": NaN,
        "EBIT": NaN,
        "Net Interest Income": NaN,
        "Interest Expense": NaN,
        "Interest Income": 24000.0,
        "Normalized Income": NaN,
        "Net Income From Continuing And Discontinued Operation": NaN,
        "Total Expenses": NaN,
        "Total Operating Income As Reported": NaN,
        "Diluted Average Shares": 1891000.0,
        "Basic Average Shares": 1872000.0,
        "Diluted EPS": 0.32,
        "Basic EPS": 0.32,
        "Diluted NI Availto Com Stockholders": NaN,
        "Net Income Common Stockholders": NaN,
        "Net Income": NaN,
        "Net Income Including Noncontrolling Interests": NaN,
        "Net Income Continuous Operations": NaN,
        "Tax Provision": NaN,
        "Pretax Income": NaN,
        "Other Income Expense": NaN,
        "Other Non Operating Income Expenses": NaN,
        "Net Non Operating Interest Income Expense": NaN,
        "Total Other Finance Cost": NaN,
        "Interest Expense Non Operating": NaN,
        "Interest Income Non Operating": 24000.0,
        "Operating Income": NaN,
        "Operating Expense": NaN,
        "Other Operating Expenses": NaN,
        "Depreciation Amortization Depletion Income Statement": 387000.0,
        "Depreciation And Amortization In Income Statement": 387000.0,
        "Selling General And Administration": NaN,
        "Selling And Marketing Expense": 13558000.0,
        "General And Administrative Expense": 6416000.0,
        "Other Gand A": 6416000.0,
        "Gross Profit": NaN,
        "Cost Of Revenue": NaN,
        "Total Revenue": NaN,
        "Operating Revenue": NaN
    },
    "2022-12-31": {
        "Tax Effect Of Unusual Items": NaN,
        "Tax Rate For Calcs": NaN,
        "Normalized EBITDA": NaN,
        "Net Income From Continuing Operation Net Minority Interest": NaN,
        "Reconciled Depreciation": NaN,
        "Reconciled Cost Of Revenue": NaN,
        "EBITDA": NaN,
        "EBIT": NaN,
        "Net Interest Income": NaN,
        "Interest Expense": NaN,
        "Interest Income": 31000.0,
        "Normalized Income": NaN,
        "Net Income From Continuing And Discontinued Operation": NaN,
        "Total Expenses": NaN,
        "Total Operating Income As Reported": NaN,
        "Diluted Average Shares": NaN,
        "Basic Average Shares": NaN,
        "Diluted EPS": NaN,
        "Basic EPS": NaN,
        "Diluted NI Availto Com Stockholders": NaN,
        "Net Income Common Stockholders": NaN,
        "Net Income": NaN,
        "Net Income Including Noncontrolling Interests": NaN,
        "Net Income Continuous Operations": NaN,
        "Tax Provision": NaN,
        "Pretax Income": NaN,
        "Other Income Expense": NaN,
        "Other Non Operating Income Expenses": NaN,
        "Net Non Operating Interest Income Expense": NaN,
        "Total Other Finance Cost": NaN,
        "Interest Expense Non Operating": NaN,
        "Interest Income Non Operating": 31000.0,
        "Operating Income": NaN,
        "Operating Expense": NaN,
        "Other Operating Expenses": NaN,
        "Depreciation Amortization Depletion Income Statement": NaN,
        "Depreciation And Amortization In Income Statement": NaN,
        "Selling General And Administration": NaN,
        "Selling And Marketing Expense": 13996000.0,
        "General And Administrative Expense": 6991000.0,
        "Other Gand A": 6991000.0,
        "Gross Profit": NaN,
        "Cost Of Revenue": NaN,
        "Total Revenue": NaN,
        "Operating Revenue": NaN
    },
    "2022-09-30": {
        "Tax Effect Of Unusual Items": NaN,
        "Tax Rate For Calcs": NaN,
        "Normalized EBITDA": NaN,
        "Net Income From Continuing Operation Net Minority Interest": NaN,
        "Reconciled Depreciation": NaN,
        "Reconciled Cost Of Revenue": NaN,
        "EBITDA": NaN,
        "EBIT": NaN,
        "Net Interest Income": NaN,
        "Interest Expense": NaN,
        "Interest Income": 19000.0,
        "Normalized Income": NaN,
        "Net Income From Continuing And Discontinued Operation": NaN,
        "Total Expenses": NaN,
        "Total Operating Income As Reported": NaN,
        "Diluted Average Shares": NaN,
        "Basic Average Shares": NaN,
        "Diluted EPS": NaN,
        "Basic EPS": NaN,
        "Diluted NI Availto Com Stockholders": NaN,
        "Net Income Common Stockholders": NaN,
        "Net Income": NaN,
        "Net Income Including Noncontrolling Interests": NaN,
        "Net Income Continuous Operations": NaN,
        "Tax Provision": NaN,
        "Pretax Income": NaN,
        "Other Income Expense": NaN,
        "Other Non Operating Income Expenses": NaN,
        "Net Non Operating Interest Income Expense": NaN,
        "Total Other Finance Cost": -19000.0,
        "Interest Expense Non Operating": NaN,
        "Interest Income Non Operating": 19000.0,
        "Operating Income": NaN,
        "Operating Expense": NaN,
        "Other Operating Expenses": NaN,
        "Depreciation Amortization Depletion Income Statement": NaN,
        "Depreciation And Amortization In Income Statement": NaN,
        "Selling General And Administration": NaN,
        "Selling And Marketing Expense": 14242000.0,
        "General And Administrative Expense": NaN,
        "Other Gand A": NaN,
        "Gross Profit": NaN,
        "Cost Of Revenue": NaN,
        "Total Revenue": NaN,
        "Operating Revenue": NaN
    },
    "2022-06-30": {
        "Tax Effect Of Unusual Items": 0.0,
        "Tax Rate For Calcs": 0.123737,
        "Normalized EBITDA": 1154000.0,
        "Net Income From Continuing Operation Net Minority Interest": 694000.0,
        "Reconciled Depreciation": 301000.0,
        "Reconciled Cost Of Revenue": 7920000.0,
        "EBITDA": 1154000.0,
        "EBIT": 853000.0,
        "Net Interest Income": 23000.0,
        "Interest Expense": NaN,
        "Interest Income": 23000.0,
        "Normalized Income": 694000.0,
        "Net Income From Continuing And Discontinued Operation": 694000.0,
        "Total Expenses": 34123000.0,
        "Total Operating Income As Reported": 853000.0,
        "Diluted Average Shares": 2031000.0,
        "Basic Average Shares": 1942000.0,
        "Diluted EPS": 0.34,
        "Basic EPS": 0.36,
        "Diluted NI Availto Com Stockholders": 694000.0,
        "Net Income Common Stockholders": 694000.0,
        "Net Income": 694000.0,
        "Net Income Including Noncontrolling Interests": 694000.0,
        "Net Income Continuous Operations": 694000.0,
        "Tax Provision": 98000.0,
        "Pretax Income": 792000.0,
        "Other Income Expense": -84000.0,
        "Other Non Operating Income Expenses": -84000.0,
        "Net Non Operating Interest Income Expense": 23000.0,
        "Interest Expense Non Operating": NaN,
        "Interest Income Non Operating": 23000.0,
        "Operating Income": 853000.0,
        "Operating Expense": 26203000.0,
        "Other Operating Expenses": 4851000.0,
        "Depreciation Amortization Depletion Income Statement": 301000.0,
        "Depreciation And Amortization In Income Statement": 301000.0,
        "Selling General And Administration": 21051000.0,
        "Selling And Marketing Expense": 21051000.0,
        "Gross Profit": 27056000.0,
        "Cost Of Revenue": 7920000.0,
        "Total Revenue": 34976000.0,
        "Operating Revenue": 34976000.0
    },
    "2022-03-31": {
        "Diluted EPS": 0.06,
        "Total Revenue": 32,
        "Gross Profit": 25,
        "Operating Income": 0,
        "EBIT": 0,
        "Net Income": 0
    },
    "2021-12-31": {
        "Diluted EPS": 1.24,
        "Total Revenue": 39,
        "Gross Profit": 31,
        "Operating Income": 1,
        "EBIT": 1,
        "Net Income": 3
    },
    "2021-09-30": {
        "Diluted EPS": 1.44,
        "Total Revenue": 39,
        "Gross Profit": 32,
        "Operating Income": 3,
        "EBIT": 4,
        "Net Income": 3
    },
    "2021-06-30": {
        "Diluted EPS": 0.99,
        "Total Revenue": 43,
        "Gross Profit": 32,
        "Operating Income": 2,
        "EBIT": 2,
        "Net Income": 2
    },
    "2021-03-31": {
        "Diluted EPS": 1.04,
        "Total Revenue": 38,
        "Gross Profit": 31,
        "Operating Income": 3,
        "EBIT": 3,
        "Net Income": 2
    },
    "2020-12-31": {
        "Diluted EPS": 0.39,
        "Total Revenue": 39,
        "Gross Profit": 29,
        "Operating Income": 0,
        "EBIT": 0,
        "Net Income": 1
    },
    "2020-09-30": {
        "Diluted EPS": 0.76,
        "Total Revenue": 38,
        "Gross Profit": 29,
        "Operating Income": 1,
        "EBIT": 2,
        "Net Income": 2
    },
    "2020-06-30": {
        "Diluted EPS": 0.47,
        "Total Revenue": 38,
        "Gross Profit": 29,
        "Operating Income": 1,
        "EBIT": 2,
        "Net Income": 1
    },
    "2020-03-31": {
        "Diluted EPS": 1.15,
        "Total Revenue": 37,
        "Gross Profit": 30,
        "Operating Income": 2,
        "EBIT": 3,
        "Net Income": 3
    },
    "2019-12-31": {
        "Diluted EPS": 0.88,
        "Total Revenue": 39,
        "Gross Profit": 31,
        "Operating Income": 3,
        "EBIT": 3,
        "Net Income": 2
    },
    "2019-09-30": {
        "Diluted EPS": -0.62,
        "Total Revenue": 40,
        "Gross Profit": 32,
        "Operating Income": 1,
        "EBIT": 1,
        "Net Income": -1
    },
    "2019-06-30": {
        "Diluted EPS": 0.81,
        "Total Revenue": 41,
        "Gross Profit": 33,
        "Operating Income": 2,
        "EBIT": 3,
        "Net Income": 2
    },
    "2019-03-31": {
        "Diluted EPS": 0.28,
        "Total Revenue": 38,
        "Gross Profit": 31,
        "Operating Income": 1,
        "EBIT": 2,
        "Net Income": 1
    },
    "2018-12-31": {
        "Diluted EPS": -0.6,
        "Total Revenue": 44,
        "Gross Profit": 35,
        "Operating Income": -1,
        "EBIT": 0,
        "Net Income": -2
    },
    "2018-09-30": {
        "Diluted EPS": -0.69,
        "Total Revenue": 43,
        "Gross Profit": 34,
        "Operating Income": 2,
        "EBIT": 2,
        "Net Income": -2
    },
    "2018-06-30": {
        "Diluted EPS": -0.14,
        "Total Revenue": 45,
        "Gross Profit": 37,
        "Operating Income": 0,
        "EBIT": 0,
        "Net Income": 0
    },
    "2018-03-31": {
        "Diluted EPS": -0.1,
        "Total Revenue": 41,
        "Gross Profit": 33,
        "Operating Income": -1,
        "EBIT": 0,
        "Net Income": 0
    },
    "2017-12-31": {
        "Diluted EPS": -1.35,
        "Total Revenue": 46,
        "Gross Profit": 36,
        "Operating Income": 1,
        "EBIT": 2,
        "Net Income": -4
    },
    "2017-09-30": {
        "Diluted EPS": 0.5,
        "Total Revenue": 42,
        "Gross Profit": 34,
        "Operating Income": 1,
        "EBIT": 1,
        "Net Income": 1
    },
    "2017-06-30": {
        "Diluted EPS": 0.65,
        "Total Revenue": 48,
        "Gross Profit": 39,
        "Operating Income": 3,
        "EBIT": 3,
        "Net Income": 2
    },
    "2017-03-31": {
        "Diluted EPS": -0.46,
        "Total Revenue": 41,
        "Gross Profit": 32,
        "Operating Income": -2,
        "EBIT": -2,
        "Net Income": -1
    },
    "2016-12-31": {
        "Diluted EPS": -0.4,
        "Total Revenue": 43,
        "Gross Profit": 34,
        "Operating Income": 0,
        "EBIT": 0,
        "Net Income": -1
    },
    "2016-09-30": {
        "Diluted EPS": 0.46,
        "Total Revenue": 48,
        "Gross Profit": 38,
        "Operating Income": 1,
        "EBIT": 1,
        "Net Income": 1
    },
    "2016-06-30": {
        "Diluted EPS": -0.49,
        "Total Revenue": 49,
        "Gross Profit": 39,
        "Operating Income": 0,
        "EBIT": 0,
        "Net Income": -1
    },
    "2016-03-31": {
        "Diluted EPS": 0.21,
        "Total Revenue": 41,
        "Gross Profit": 32,
        "Operating Income": 1,
        "EBIT": 1,
        "Net Income": 1
    },
    "2015-12-31": {
        "Diluted EPS": 0.56,
        "Total Revenue": 45,
        "Gross Profit": 36,
        "Operating Income": 3,
        "EBIT": 3,
        "Net Income": 2
    },
    "2015-09-30": {
        "Diluted EPS": 0.03,
        "Total Revenue": 44,
        "Gross Profit": 36,
        "Operating Income": 2,
        "EBIT": 3,
        "Net Income": 0
    },
    "2015-06-30": {
        "Diluted EPS": 1.15,
        "Total Revenue": 47,
        "Gross Profit": 38,
        "Operating Income": 5,
        "EBIT": 5,
        "Net Income": 3
    },
    "2015-03-31": {
        "Diluted EPS": 0.4,
        "Total Revenue": 44,
        "Gross Profit": 36,
        "Operating Income": 3,
        "EBIT": 3,
        "Net Income": 1
    },
    "2014-12-31": {
        "Diluted EPS": 0.69,
        "Total Revenue": 45,
        "Gross Profit": 36,
        "Operating Income": 3,
        "EBIT": 3,
        "Net Income": 2
    },
    "2014-09-30": {
        "Diluted EPS": 1.89,
        "Total Revenue": 56,
        "Gross Profit": 45,
        "Operating Income": 8,
        "EBIT": 9,
        "Net Income": 5
    },
    "2014-06-30": {
        "Diluted EPS": -0.26,
        "Total Revenue": 46,
        "Gross Profit": 37,
        "Operating Income": 1,
        "EBIT": 1,
        "Net Income": -1
    },
    "2014-03-31": {
        "Diluted EPS": 0.08,
        "Total Revenue": 43,
        "Gross Profit": 34,
        "Operating Income": 1,
        "EBIT": 2,
        "Net Income": 0
    },
    "2013-12-31": {
        "Diluted EPS": 0.94,
        "Total Revenue": 47,
        "Gross Profit": 36,
        "Operating Income": 2,
        "EBIT": 3,
        "Net Income": 3
    },
    "2013-09-30": {
        "Diluted EPS": -0.3,
        "Total Revenue": 44,
        "Gross Profit": 35,
        "Operating Income": 0,
        "EBIT": 1,
        "Net Income": -1
    },
    "2013-06-30": {
        "Diluted EPS": 0.3,
        "Total Revenue": 45,
        "Gross Profit": 36,
        "Operating Income": 2,
        "EBIT": 2,
        "Net Income": 1
    },
    "2013-03-31": {
        "Diluted EPS": 0.24,
        "Total Revenue": 42,
        "Gross Profit": 34,
        "Operating Income": 1,
        "EBIT": 1,
        "Net Income": 1
    },
    "2012-12-31": {
        "Diluted EPS": 0.11,
        "Total Revenue": 42,
        "Gross Profit": 33,
        "Operating Income": 1,
        "EBIT": 2,
        "Net Income": 0
    },
    "2012-09-30": {
        "Diluted EPS": 0.83,
        "Total Revenue": 43,
        "Gross Profit": 34,
        "Operating Income": 1,
        "EBIT": 2,
        "Net Income": 2
    },
    "2012-06-30": {
        "Diluted EPS": -0.93,
        "Total Revenue": 44,
        "Gross Profit": 35,
        "Operating Income": -1,
        "EBIT": 0,
        "Net Income": -2
    },
    "2012-03-31": {
        "Diluted EPS": -0.53,
        "Total Revenue": 45,
        "Gross Profit": 36,
        "Operating Income": -2,
        "EBIT": 0,
        "Net Income": -1
    },
    "2011-12-31": {
        "Diluted EPS": -2.63,
        "Total Revenue": 48,
        "Gross Profit": 38,
        "Operating Income": -6,
        "EBIT": -4,
        "Net Income": -7
    },
    "2011-09-30": {
        "Diluted EPS": -1.38,
        "Total Revenue": 51,
        "Gross Profit": 21,
        "Operating Income": -2,
        "EBIT": 1,
        "Net Income": -4
    },
    "2011-06-30": {
        "Diluted EPS": -1.98,
        "Total Revenue": 51,
        "Gross Profit": 21,
        "Operating Income": -4,
        "EBIT": -2,
        "Net Income": -5
    },
    "2011-03-31": {
        "Diluted EPS": -1.81,
        "Total Revenue": 51,
        "Gross Profit": 22,
        "Operating Income": -5,
        "EBIT": -2,
        "Net Income": -5
    },
    "2010-12-31": {
        "Diluted EPS": -1.01,
        "Total Revenue": 55,
        "Gross Profit": 24,
        "Operating Income": -3,
        "EBIT": 0,
        "Net Income": -3
    },
    "2010-09-30": {
        "Diluted EPS": -0.5,
        "Total Revenue": 55,
        "Gross Profit": 24,
        "Operating Income": -4,
        "EBIT": -1,
        "Net Income": -1
    },
    "2010-06-30": {
        "Diluted EPS": -1.4,
        "Total Revenue": 58,
        "Gross Profit": 25,
        "Operating Income": -2,
        "EBIT": 1,
        "Net Income": -4
    },
    "2010-03-31": {
        "Diluted EPS": -1.1,
        "Total Revenue": 61,
        "Gross Profit": 25,
        "Operating Income": -3,
        "EBIT": 0,
        "Net Income": -3
    },
    "2009-12-31": {
        "Diluted EPS": 0.84,
        "Total Revenue": 70,
        "Gross Profit": 28,
        "Operating Income": 0,
        "EBIT": 3,
        "Net Income": 2
    },
    "2009-09-30": {
        "Diluted EPS": -3.5,
        "Total Revenue": 71,
        "Gross Profit": 24,
        "Operating Income": -9,
        "EBIT": -5,
        "Net Income": -9
    },
    "2009-06-30": {
        "Diluted EPS": -2.1,
        "Total Revenue": 78,
        "Gross Profit": 19,
        "Operating Income": -11,
        "EBIT": -8,
        "Net Income": -6
    },
    "2009-03-31": {
        "Diluted EPS": -1.8,
        "Total Revenue": 71,
        "Gross Profit": 25,
        "Operating Income": -6,
        "EBIT": -3,
        "Net Income": -5
    },
    "2023-06-30": {
        "Tax Effect Of Unusual Items": 0.0,
        "Tax Rate For Calcs": 0.21,
        "Normalized EBITDA": -567000.0,
        "Net Income From Continuing Operation Net Minority Interest": -1105000.0,
        "Reconciled Depreciation": 387000.0,
        "Reconciled Cost Of Revenue": 7004000.0,
        "EBITDA": -567000.0,
        "EBIT": -954000.0,
        "Net Interest Income": -10000.0,
        "Interest Expense": 10000.0,
        "Interest Income": NaN,
        "Normalized Income": -1105000.0,
        "Net Income From Continuing And Discontinued Operation": -1105000.0,
        "Total Expenses": 33548000.0,
        "Total Operating Income As Reported": -954000.0,
        "Diluted Average Shares": 1870000.0,
        "Basic Average Shares": 1870000.0,
        "Diluted EPS": -0.59,
        "Basic EPS": -0.59,
        "Diluted NI Availto Com Stockholders": -1105000.0,
        "Net Income Common Stockholders": -1105000.0,
        "Net Income": -1105000.0,
        "Net Income Including Noncontrolling Interests": -1105000.0,
        "Net Income Continuous Operations": -1105000.0,
        "Tax Provision": 291000.0,
        "Pretax Income": -814000.0,
        "Other Income Expense": 150000.0,
        "Other Non Operating Income Expenses": 150000.0,
        "Net Non Operating Interest Income Expense": -10000.0,
        "Total Other Finance Cost": 10000.0,
        "Interest Expense Non Operating": 10000.0,
        "Interest Income Non Operating": NaN,
        "Operating Income": -954000.0,
        "Operating Expense": 26544000.0,
        "Other Operating Expenses": 13465000.0,
        "Depreciation Amortization Depletion Income Statement": 387000.0,
        "Depreciation And Amortization In Income Statement": 387000.0,
        "Selling General And Administration": 13079000.0,
        "Selling And Marketing Expense": 13465000.0,
        "General And Administrative Expense": 7257000.0,
        "Other Gand A": 7257000.0,
        "Gross Profit": 25590000.0,
        "Cost Of Revenue": 7004000.0,
        "Total Revenue": 32594000.0,
        "Operating Revenue": 32594000.0
    },
    "2023-09-30": {
        "Tax Effect Of Unusual Items": 0.0,
        "Tax Rate For Calcs": 0.21,
        "Normalized EBITDA": 622000.0,
        "Net Income From Continuing Operation Net Minority Interest": 18000.0,
        "Reconciled Depreciation": 450000.0,
        "Reconciled Cost Of Revenue": 6625000.0,
        "EBITDA": 622000.0,
        "EBIT": 172000.0,
        "Net Interest Income": -17000.0,
        "Interest Expense": NaN,
        "Interest Income": NaN,
        "Normalized Income": 18000.0,
        "Net Income From Continuing And Discontinued Operation": 18000.0,
        "Total Expenses": 32381000.0,
        "Total Operating Income As Reported": 172000.0,
        "Diluted Average Shares": 1863000.0,
        "Basic Average Shares": 1863000.0,
        "Diluted EPS": 0.01,
        "Basic EPS": 0.01,
        "Diluted NI Availto Com Stockholders": 18000.0,
        "Net Income Common Stockholders": 18000.0,
        "Net Income": 18000.0,
        "Net Income Including Noncontrolling Interests": 18000.0,
        "Net Income Continuous Operations": 18000.0,
        "Tax Provision": 457000.0,
        "Pretax Income": 475000.0,
        "Other Income Expense": 320000.0,
        "Other Non Operating Income Expenses": 320000.0,
        "Net Non Operating Interest Income Expense": -17000.0,
        "Total Other Finance Cost": 17000.0,
        "Interest Expense Non Operating": NaN,
        "Interest Income Non Operating": NaN,
        "Operating Income": 172000.0,
        "Operating Expense": 25756000.0,
        "Other Operating Expenses": 18360000.0,
        "Depreciation Amortization Depletion Income Statement": 450000.0,
        "Depreciation And Amortization In Income Statement": 450000.0,
        "Selling General And Administration": 6946000.0,
        "Selling And Marketing Expense": 13178000.0,
        "General And Administrative Expense": 6946000.0,
        "Other Gand A": 6946000.0,
        "Gross Profit": 25928000.0,
        "Cost Of Revenue": 6625000.0,
        "Total Revenue": 32553000.0,
        "Operating Revenue": 32553000.0
    },
    "2023-12-31": {
        "Tax Effect Of Unusual Items": 0.0,
        "Tax Rate For Calcs": 0.056421,
        "Normalized EBITDA": -491000.0,
        "Net Income From Continuing Operation Net Minority Interest": -1756000.0,
        "Reconciled Depreciation": 404000.0,
        "Reconciled Cost Of Revenue": 8048000.0,
        "EBITDA": -491000.0,
        "EBIT": -895000.0,
        "Net Interest Income": 7000.0,
        "Interest Expense": NaN,
        "Interest Income": NaN,
        "Normalized Income": -1756000.0,
        "Net Income From Continuing And Discontinued Operation": -1756000.0,
        "Total Expenses": 33589000.0,
        "Total Operating Income As Reported": -895000.0,
        "Diluted Average Shares": NaN,
        "Basic Average Shares": NaN,
        "Diluted EPS": NaN,
        "Basic EPS": NaN,
        "Diluted NI Availto Com Stockholders": -1756000.0,
        "Net Income Common Stockholders": -1756000.0,
        "Net Income": -1756000.0,
        "Net Income Including Noncontrolling Interests": -1756000.0,
        "Net Income Continuous Operations": -1756000.0,
        "Tax Provision": -105000.0,
        "Pretax Income": -1861000.0,
        "Other Income Expense": -973000.0,
        "Other Non Operating Income Expenses": -973000.0,
        "Net Non Operating Interest Income Expense": 7000.0,
        "Total Other Finance Cost": NaN,
        "Interest Expense Non Operating": NaN,
        "Interest Income Non Operating": NaN,
        "Operating Income": -895000.0,
        "Operating Expense": 25541000.0,
        "Other Operating Expenses": -2857000.0,
        "Depreciation Amortization Depletion Income Statement": 404000.0,
        "Depreciation And Amortization In Income Statement": 404000.0,
        "Selling General And Administration": 27994000.0,
        "Selling And Marketing Expense": NaN,
        "General And Administrative Expense": 27994000.0,
        "Other Gand A": 27994000.0,
        "Gross Profit": 24646000.0,
        "Cost Of Revenue": 8048000.0,
        "Total Revenue": 32694000.0,
        "Operating Revenue": 32694000.0
    },
    "2024-03-31": {
        "Tax Effect Of Unusual Items": 0.0,
        "Tax Rate For Calcs": 0.36,
        "Normalized EBITDA": 1236000.0,
        "Net Income From Continuing Operation Net Minority Interest": 1180000.0,
        "Reconciled Depreciation": 416000.0,
        "Reconciled Cost Of Revenue": 6296000.0,
        "EBITDA": 1236000.0,
        "EBIT": 820000.0,
        "Net Interest Income": 18000.0,
        "Interest Expense": NaN,
        "Interest Income": 18000.0,
        "Normalized Income": 1180000.0,
        "Net Income From Continuing And Discontinued Operation": 1180000.0,
        "Total Expenses": 28573000.0,
        "Total Operating Income As Reported": 820000.0,
        "Diluted Average Shares": 1884000.0,
        "Basic Average Shares": 1884000.0,
        "Diluted EPS": 0.63,
        "Basic EPS": 0.63,
        "Diluted NI Availto Com Stockholders": 1180000.0,
        "Net Income Common Stockholders": 1180000.0,
        "Net Income": 1180000.0,
        "Net Income Including Noncontrolling Interests": 1180000.0,
        "Net Income Continuous Operations": 1180000.0,
        "Tax Provision": 529000.0,
        "Pretax Income": 1709000.0,
        "Other Income Expense": 871000.0,
        "Other Non Operating Income Expenses": 871000.0,
        "Net Non Operating Interest Income Expense": 18000.0,
        "Total Other Finance Cost": NaN,
        "Interest Expense Non Operating": NaN,
        "Interest Income Non Operating": 18000.0,
        "Operating Income": 820000.0,
        "Operating Expense": 22277000.0,
        "Other Operating Expenses": 11685000.0,
        "Depreciation Amortization Depletion Income Statement": 416000.0,
        "Depreciation And Amortization In Income Statement": 416000.0,
        "Selling General And Administration": 10176000.0,
        "Selling And Marketing Expense": NaN,
        "General And Administrative Expense": NaN,
        "Other Gand A": NaN,
        "Gross Profit": 23097000.0,
        "Cost Of Revenue": 6296000.0,
        "Total Revenue": 29393000.0,
        "Operating Revenue": 29393000.0
    },
    "2024-06-30": {
        "Tax Effect Of Unusual Items": 0.0,
        "Tax Rate For Calcs": 0.21,
        "Normalized EBITDA": -756000.0,
        "Net Income From Continuing Operation Net Minority Interest": -624000.0,
        "Reconciled Depreciation": 387000.0,
        "Reconciled Cost Of Revenue": 6363000.0,
        "EBITDA": -756000.0,
        "EBIT": -1143000.0,
        "Net Interest Income": -105000.0,
        "Interest Expense": NaN,
        "Interest Income": NaN,
        "Normalized Income": -624000.0,
        "Net Income From Continuing And Discontinued Operation": -624000.0,
        "Total Expenses": 28883000.0,
        "Total Operating Income As Reported": -1143000.0,
        "Diluted Average Shares": 1885000.0,
        "Basic Average Shares": 1885000.0,
        "Diluted EPS": -0.33,
        "Basic EPS": -0.33,
        "Diluted NI Availto Com Stockholders": -624000.0,
        "Net Income Common Stockholders": -624000.0,
        "Net Income": -624000.0,
        "Net Income Including Noncontrolling Interests": -624000.0,
        "Net Income Continuous Operations": -624000.0,
        "Tax Provision": 496000.0,
        "Pretax Income": -128000.0,
        "Other Income Expense": 1120000.0,
        "Other Non Operating Income Expenses": 1120000.0,
        "Net Non Operating Interest Income Expense": -105000.0,
        "Total Other Finance Cost": 105000.0,
        "Interest Expense Non Operating": NaN,
        "Interest Income Non Operating": NaN,
        "Operating Income": -1143000.0,
        "Operating Expense": 22520000.0,
        "Other Operating Expenses": 11660000.0,
        "Depreciation Amortization Depletion Income Statement": NaN,
        "Depreciation And Amortization In Income Statement": NaN,
        "Selling General And Administration": 10860000.0,
        "Selling And Marketing Expense": NaN,
        "General And Administrative Expense": NaN,
        "Other Gand A": NaN,
        "Gross Profit": 21377000.0,
        "Cost Of Revenue": 6363000.0,
        "Total Revenue": 27740000.0,
        "Operating Revenue": 27740000.0
    }
}