{
    "2023-03-31": {
        "Tax Effect Of Unusual Items": 0.0,
        "Tax Rate For Calcs": 0.21,
        "Total Unusual Items": 0.0,
        "Total Unusual Items Excluding Goodwill": 0.0,
        "Net Income From Continuing Operation Net Minority Interest": 154547000.0,
        "Reconciled Depreciation": 10192000.0,
        "EBIT": 204978000.0,
        "Net Interest Income": -9374000.0,
        "Interest Expense": 9374000.0,
        "Normalized Income": 154547000.0,
        "Net Income From Continuing And Discontinued Operation": 154547000.0,
        "Total Expenses": 88361000.0,
        "Diluted Average Shares": 294712000.0,
        "Basic Average Shares": 290989000.0,
        "Diluted EPS": 0.53,
        "Basic EPS": 0.53,
        "Diluted NI Availto Com Stockholders": 154922000.0,
        "Average Dilution Earnings": 375000.0,
        "Net Income Common Stockholders": 154547000.0,
        "Net Income": 154547000.0,
        "Net Income Including Noncontrolling Interests": 154547000.0,
        "Net Income Continuous Operations": 154547000.0,
        "Tax Provision": 41057000.0,
        "Pretax Income": 195604000.0,
        "Other Income Expense": 425000.0,
        "Special Income Charges": 0.0,
        "Other Special Charges": NaN,
        "Net Non Operating Interest Income Expense": -9374000.0,
        "Interest Expense Non Operating": 9374000.0,
        "Total Revenue": 283965000.0,
        "Operating Revenue": 283965000.0
    },
    "2022-12-31": {
        "Tax Effect Of Unusual Items": -14060.173767,
        "Tax Rate For Calcs": 0.203771,
        "Total Unusual Items": -69000.0,
        "Total Unusual Items Excluding Goodwill": -69000.0,
        "Net Income From Continuing Operation Net Minority Interest": 191443000.0,
        "Reconciled Depreciation": 11426000.0,
        "EBIT": 249818000.0,
        "Net Interest Income": -9381000.0,
        "Interest Expense": 9381000.0,
        "Normalized Income": 191497939.826233,
        "Net Income From Continuing And Discontinued Operation": 191443000.0,
        "Total Expenses": 51817000.0,
        "Diluted Average Shares": 299829000.0,
        "Basic Average Shares": 296097000.0,
        "Diluted EPS": 0.64,
        "Basic EPS": 0.646317,
        "Diluted NI Availto Com Stockholders": 191821000.0,
        "Average Dilution Earnings": 378000.0,
        "Net Income Common Stockholders": 191443000.0,
        "Net Income": 191443000.0,
        "Net Income Including Noncontrolling Interests": 191443000.0,
        "Net Income Continuous Operations": 191443000.0,
        "Tax Provision": 48994000.0,
        "Pretax Income": 240437000.0,
        "Other Income Expense": 496000.0,
        "Special Income Charges": -69000.0,
        "Other Special Charges": 69000.0,
        "Net Non Operating Interest Income Expense": -9381000.0,
        "Interest Expense Non Operating": 9381000.0,
        "Total Revenue": 292254000.0,
        "Operating Revenue": 292254000.0
    },
    "2022-09-30": {
        "Tax Effect Of Unusual Items": -2396192.0,
        "Tax Rate For Calcs": 0.206,
        "Total Unusual Items": -11632000.0,
        "Total Unusual Items Excluding Goodwill": -11632000.0,
        "Net Income From Continuing Operation Net Minority Interest": 249625000.0,
        "Reconciled Depreciation": 13303000.0,
        "EBIT": 324567000.0,
        "Net Interest Income": -10300000.0,
        "Interest Expense": 10300000.0,
        "Normalized Income": 258860808.0,
        "Net Income From Continuing And Discontinued Operation": 249625000.0,
        "Total Expenses": -21468000.0,
        "Diluted Average Shares": 307194000.0,
        "Basic Average Shares": 302622000.0,
        "Diluted EPS": 0.81,
        "Basic EPS": 0.82,
        "Diluted NI Availto Com Stockholders": 250245000.0,
        "Average Dilution Earnings": 620000.0,
        "Net Income Common Stockholders": 249625000.0,
        "Net Income": 249625000.0,
        "Net Income Including Noncontrolling Interests": 249625000.0,
        "Net Income Continuous Operations": 249625000.0,
        "Tax Provision": 64642000.0,
        "Pretax Income": 314267000.0,
        "Other Income Expense": 1397000.0,
        "Special Income Charges": -11632000.0,
        "Other Special Charges": 11632000.0,
        "Net Non Operating Interest Income Expense": -10300000.0,
        "Interest Expense Non Operating": 10300000.0,
        "Total Revenue": 292799000.0,
        "Operating Revenue": 292799000.0
    },
    "2022-06-30": {
        "Tax Effect Of Unusual Items": -1348501.0,
        "Tax Rate For Calcs": 0.211,
        "Total Unusual Items": -6391000.0,
        "Total Unusual Items Excluding Goodwill": -6391000.0,
        "Net Income From Continuing Operation Net Minority Interest": 249268000.0,
        "Reconciled Depreciation": 14128000.0,
        "EBIT": 329352000.0,
        "Net Interest Income": -13461000.0,
        "Interest Expense": 13461000.0,
        "Normalized Income": 254310499.0,
        "Net Income From Continuing And Discontinued Operation": 249268000.0,
        "Total Expenses": -22775000.0,
        "Diluted Average Shares": 313545000.0,
        "Basic Average Shares": 308840000.0,
        "Diluted EPS": 0.8,
        "Basic EPS": 0.81,
        "Diluted NI Availto Com Stockholders": 249268000.0,
        "Average Dilution Earnings": NaN,
        "Net Income Common Stockholders": 249268000.0,
        "Net Income": 249268000.0,
        "Net Income Including Noncontrolling Interests": 249268000.0,
        "Net Income Continuous Operations": 249268000.0,
        "Tax Provision": 66623000.0,
        "Pretax Income": 315891000.0,
        "Other Income Expense": 1860000.0,
        "Special Income Charges": -6391000.0,
        "Other Special Charges": 6391000.0,
        "Net Non Operating Interest Income Expense": -13461000.0,
        "Interest Expense Non Operating": 13461000.0,
        "Total Revenue": 293116000.0,
        "Operating Revenue": 293116000.0
    },
    "2023-06-30": {
        "Tax Effect Of Unusual Items": 0.0,
        "Tax Rate For Calcs": 0.212,
        "Total Unusual Items": 0.0,
        "Total Unusual Items Excluding Goodwill": 0.0,
        "Net Income From Continuing Operation Net Minority Interest": 191054000.0,
        "Reconciled Depreciation": 9180000.0,
        "EBIT": 251759000.0,
        "Net Interest Income": -9377000.0,
        "Interest Expense": 9377000.0,
        "Normalized Income": 191054000.0,
        "Net Income From Continuing And Discontinued Operation": 191054000.0,
        "Total Expenses": 48293000.0,
        "Diluted Average Shares": 289566000.0,
        "Basic Average Shares": 285906000.0,
        "Diluted EPS": 0.66,
        "Basic EPS": 0.67,
        "Diluted NI Availto Com Stockholders": 191429000.0,
        "Average Dilution Earnings": 375000.0,
        "Net Income Common Stockholders": 191054000.0,
        "Net Income": 191054000.0,
        "Net Income Including Noncontrolling Interests": 191054000.0,
        "Net Income Continuous Operations": 191054000.0,
        "Tax Provision": 51328000.0,
        "Pretax Income": 242382000.0,
        "Other Income Expense": 511000.0,
        "Special Income Charges": 0.0,
        "Other Special Charges": NaN,
        "Net Non Operating Interest Income Expense": -9377000.0,
        "Interest Expense Non Operating": 9377000.0,
        "Total Revenue": 290675000.0,
        "Operating Revenue": 290675000.0
    },
    "2022-03-31": {
        "Diluted EPS": 0.54,
        "Total Revenue": 295,
        "Gross Profit": 259,
        "Operating Income": 256,
        "EBIT": 272,
        "Net Income": 175
    },
    "2021-12-31": {
        "Diluted EPS": 0.52,
        "Total Revenue": 294,
        "Gross Profit": 276,
        "Operating Income": 273,
        "EBIT": 289,
        "Net Income": 174
    },
    "2021-09-30": {
        "Diluted EPS": 0.46,
        "Total Revenue": 296,
        "Gross Profit": 221,
        "Operating Income": 218,
        "EBIT": 235,
        "Net Income": 158
    },
    "2021-06-30": {
        "Diluted EPS": 0.44,
        "Total Revenue": 298,
        "Gross Profit": 215,
        "Operating Income": 212,
        "EBIT": 227,
        "Net Income": 153
    },
    "2021-03-31": {
        "Diluted EPS": 0.43,
        "Total Revenue": 298,
        "Gross Profit": 210,
        "Operating Income": 208,
        "EBIT": 225,
        "Net Income": 150
    },
    "2020-12-31": {
        "Diluted EPS": 0.45,
        "Total Revenue": 302,
        "Gross Profit": 212,
        "Operating Income": 208,
        "EBIT": 225,
        "Net Income": 151
    },
    "2020-09-30": {
        "Diluted EPS": 0.38,
        "Total Revenue": 296,
        "Gross Profit": 210,
        "Operating Income": 207,
        "EBIT": 222,
        "Net Income": 131
    },
    "2020-06-30": {
        "Diluted EPS": 0.04,
        "Total Revenue": 294,
        "Gross Profit": 32,
        "Operating Income": 29,
        "EBIT": 42,
        "Net Income": 14
    },
    "2020-03-31": {
        "Diluted EPS": 0.42,
        "Total Revenue": 307,
        "Gross Profit": 204,
        "Operating Income": 201,
        "EBIT": 214,
        "Net Income": 150
    },
    "2019-12-31": {
        "Diluted EPS": 0.48,
        "Total Revenue": 312,
        "Gross Profit": 239,
        "Operating Income": 236,
        "EBIT": 249,
        "Net Income": 177
    },
    "2019-09-30": {
        "Diluted EPS": 0.49,
        "Total Revenue": 318,
        "Gross Profit": 239,
        "Operating Income": 236,
        "EBIT": 248,
        "Net Income": 177
    },
    "2019-06-30": {
        "Diluted EPS": 0.46,
        "Total Revenue": 292,
        "Gross Profit": 228,
        "Operating Income": 225,
        "EBIT": 236,
        "Net Income": 168
    },
    "2019-03-31": {
        "Diluted EPS": 0.42,
        "Total Revenue": 292,
        "Gross Profit": 207,
        "Operating Income": 204,
        "EBIT": 216,
        "Net Income": 152
    },
    "2018-12-31": {
        "Diluted EPS": 0.42,
        "Total Revenue": 286,
        "Gross Profit": 211,
        "Operating Income": 208,
        "EBIT": 221,
        "Net Income": 158
    },
    "2018-09-30": {
        "Diluted EPS": 0.49,
        "Total Revenue": 290,
        "Gross Profit": 248,
        "Operating Income": 245,
        "EBIT": 259,
        "Net Income": 182
    },
    "2018-06-30": {
        "Diluted EPS": 0.49,
        "Total Revenue": 282,
        "Gross Profit": 254,
        "Operating Income": 251,
        "EBIT": 266,
        "Net Income": 187
    },
    "2018-03-31": {
        "Diluted EPS": 0.38,
        "Total Revenue": 266,
        "Gross Profit": 196,
        "Operating Income": 193,
        "EBIT": 209,
        "Net Income": 144
    },
    "2017-12-31": {
        "Diluted EPS": 0.08,
        "Total Revenue": 272,
        "Gross Profit": 262,
        "Operating Income": 259,
        "EBIT": 274,
        "Net Income": 27
    },
    "2017-09-30": {
        "Diluted EPS": 0.32,
        "Total Revenue": 270,
        "Gross Profit": 201,
        "Operating Income": 198,
        "EBIT": 213,
        "Net Income": 120
    },
    "2017-06-30": {
        "Diluted EPS": 0.31,
        "Total Revenue": 263,
        "Gross Profit": 197,
        "Operating Income": 195,
        "EBIT": 211,
        "Net Income": 119
    },
    "2017-03-31": {
        "Diluted EPS": 0.24,
        "Total Revenue": 261,
        "Gross Profit": 192,
        "Operating Income": 190,
        "EBIT": 207,
        "Net Income": 90
    },
    "2016-12-31": {
        "Diluted EPS": 0.29,
        "Total Revenue": 267,
        "Gross Profit": 181,
        "Operating Income": 178,
        "EBIT": 195,
        "Net Income": 107
    },
    "2016-09-30": {
        "Diluted EPS": 0.14,
        "Total Revenue": 274,
        "Gross Profit": 175,
        "Operating Income": 173,
        "EBIT": 188,
        "Net Income": 57
    },
    "2016-06-30": {
        "Diluted EPS": 0.26,
        "Total Revenue": 264,
        "Gross Profit": 182,
        "Operating Income": 179,
        "EBIT": 194,
        "Net Income": 109
    },
    "2016-03-31": {
        "Diluted EPS": 0.17,
        "Total Revenue": 259,
        "Gross Profit": 134,
        "Operating Income": 132,
        "EBIT": 146,
        "Net Income": 69
    },
    "2015-12-31": {
        "Diluted EPS": 0.22,
        "Total Revenue": 258,
        "Gross Profit": 129,
        "Operating Income": 126,
        "EBIT": 141,
        "Net Income": 102
    },
    "2015-09-30": {
        "Diluted EPS": 1.78,
        "Total Revenue": 270,
        "Gross Profit": 147,
        "Operating Income": 145,
        "EBIT": 159,
        "Net Income": 823
    },
    "2015-06-30": {
        "Diluted EPS": 0.28,
        "Total Revenue": 243,
        "Gross Profit": 134,
        "Operating Income": 132,
        "EBIT": 145,
        "Net Income": 114
    },
    "2015-03-31": {
        "Diluted EPS": 0.32,
        "Total Revenue": 270,
        "Gross Profit": 156,
        "Operating Income": 154,
        "EBIT": 165,
        "Net Income": 133
    },
    "2014-12-31": {
        "Diluted EPS": 0.19,
        "Total Revenue": 241,
        "Gross Profit": 96,
        "Operating Income": 93,
        "EBIT": 104,
        "Net Income": 74
    },
    "2014-09-30": {
        "Diluted EPS": 0.18,
        "Total Revenue": 235,
        "Gross Profit": 92,
        "Operating Income": 90,
        "EBIT": 101,
        "Net Income": 72
    },
    "2014-06-30": {
        "Diluted EPS": 0.12,
        "Total Revenue": 231,
        "Gross Profit": 66,
        "Operating Income": 64,
        "EBIT": 76,
        "Net Income": 46
    },
    "2014-03-31": {
        "Diluted EPS": 0.15,
        "Total Revenue": 235,
        "Gross Profit": 80,
        "Operating Income": 78,
        "EBIT": 93,
        "Net Income": 60
    },
    "2013-12-31": {
        "Diluted EPS": 0.07,
        "Total Revenue": 252,
        "Gross Profit": 22,
        "Operating Income": 17,
        "EBIT": 33,
        "Net Income": -1
    },
    "2013-09-30": {
        "Diluted EPS": 0.04,
        "Total Revenue": 254,
        "Gross Profit": 32,
        "Operating Income": 30,
        "EBIT": 46,
        "Net Income": 12
    },
    "2013-06-30": {
        "Diluted EPS": 0.04,
        "Total Revenue": 264,
        "Gross Profit": 33,
        "Operating Income": 31,
        "EBIT": 46,
        "Net Income": 12
    },
    "2013-03-31": {
        "Diluted EPS": -0.31,
        "Total Revenue": 269,
        "Gross Profit": -44,
        "Operating Income": -45,
        "EBIT": -23,
        "Net Income": -73
    },
    "2012-12-31": {
        "Diluted EPS": -1.91,
        "Total Revenue": 371,
        "Gross Profit": -357,
        "Operating Income": -358,
        "EBIT": -336,
        "Net Income": -387
    },
    "2012-09-30": {
        "Diluted EPS": -1.22,
        "Total Revenue": 306,
        "Gross Profit": -223,
        "Operating Income": -225,
        "EBIT": -198,
        "Net Income": -247
    },
    "2012-06-30": {
        "Diluted EPS": -1.36,
        "Total Revenue": 321,
        "Gross Profit": -250,
        "Operating Income": -252,
        "EBIT": -227,
        "Net Income": -274
    },
    "2012-03-31": {
        "Diluted EPS": -0.1,
        "Total Revenue": 380,
        "Gross Profit": 8,
        "Operating Income": 6,
        "EBIT": 31,
        "Net Income": -20
    },
    "2011-12-31": {
        "Diluted EPS": -0.68,
        "Total Revenue": 447,
        "Gross Profit": -72,
        "Operating Income": -74,
        "EBIT": -49,
        "Net Income": -135
    },
    "2011-09-30": {
        "Diluted EPS": -0.82,
        "Total Revenue": 337,
        "Gross Profit": -164,
        "Operating Income": -166,
        "EBIT": -145,
        "Net Income": -165
    },
    "2011-06-30": {
        "Diluted EPS": -0.75,
        "Total Revenue": 367,
        "Gross Profit": -134,
        "Operating Income": -136,
        "EBIT": -116,
        "Net Income": -152
    },
    "2011-03-31": {
        "Diluted EPS": -0.17,
        "Total Revenue": 353,
        "Gross Profit": -4,
        "Operating Income": -6,
        "EBIT": 14,
        "Net Income": -34
    },
    "2010-12-31": {
        "Diluted EPS": -0.73,
        "Total Revenue": 361,
        "Gross Profit": -121,
        "Operating Income": -123,
        "EBIT": -105,
        "Net Income": -187
    },
    "2010-09-30": {
        "Diluted EPS": -0.26,
        "Total Revenue": 382,
        "Gross Profit": -49,
        "Operating Income": -51,
        "EBIT": -36,
        "Net Income": -52
    },
    "2010-06-30": {
        "Diluted EPS": 0.13,
        "Total Revenue": 406,
        "Gross Profit": 45,
        "Operating Income": 43,
        "EBIT": 59,
        "Net Income": 25
    },
    "2010-03-31": {
        "Diluted EPS": -1.2,
        "Total Revenue": 371,
        "Gross Profit": -128,
        "Operating Income": -130,
        "EBIT": -117,
        "Net Income": -150
    },
    "2009-12-31": {
        "Diluted EPS": -2.25,
        "Total Revenue": 406,
        "Gross Profit": -486,
        "Operating Income": -517,
        "EBIT": -510,
        "Net Income": -280
    },
    "2009-09-30": {
        "Diluted EPS": -4.17,
        "Total Revenue": 413,
        "Gross Profit": -595,
        "Operating Income": -597,
        "EBIT": -580,
        "Net Income": -518
    },
    "2009-06-30": {
        "Diluted EPS": -2.74,
        "Total Revenue": 454,
        "Gross Profit": -313,
        "Operating Income": -314,
        "EBIT": -298,
        "Net Income": -340
    },
    "2009-03-31": {
        "Diluted EPS": -1.49,
        "Total Revenue": 435,
        "Gross Profit": -247,
        "Operating Income": -247,
        "EBIT": -227,
        "Net Income": -185
    }
}