{
    "2023-06-30": {
        "Tax Effect Of Unusual Items": 0.0,
        "Tax Rate For Calcs": 0.22,
        "Normalized EBITDA": 245512000.0,
        "Total Unusual Items": NaN,
        "Total Unusual Items Excluding Goodwill": NaN,
        "Net Income From Continuing Operation Net Minority Interest": 186836000.0,
        "Reconciled Depreciation": 5988000.0,
        "Reconciled Cost Of Revenue": 1193215000.0,
        "EBITDA": 245512000.0,
        "EBIT": 239524000.0,
        "Net Interest Income": 0.0,
        "Interest Expense": 0.0,
        "Normalized Income": 186836000.0,
        "Net Income From Continuing And Discontinued Operation": 186836000.0,
        "Total Expenses": 1341153000.0,
        "Diluted Average Shares": 37191000.0,
        "Basic Average Shares": 36765000.0,
        "Diluted EPS": 5.02,
        "Basic EPS": 5.08,
        "Diluted NI Availto Com Stockholders": 186836000.0,
        "Net Income Common Stockholders": 186836000.0,
        "Net Income": 186836000.0,
        "Net Income Including Noncontrolling Interests": 186836000.0,
        "Net Income Continuous Operations": 186836000.0,
        "Tax Provision": 52688000.0,
        "Pretax Income": 239524000.0,
        "Other Income Expense": 12862000.0,
        "Other Non Operating Income Expenses": 12862000.0,
        "Special Income Charges": NaN,
        "Other Special Charges": NaN,
        "Net Non Operating Interest Income Expense": 0.0,
        "Interest Expense Non Operating": 0.0,
        "Operating Income": 226662000.0,
        "Operating Expense": 147938000.0,
        "Selling General And Administration": 147938000.0,
        "Selling And Marketing Expense": 95798000.0,
        "General And Administrative Expense": 52140000.0,
        "Other Gand A": 52140000.0,
        "Gross Profit": 374600000.0,
        "Cost Of Revenue": 1193215000.0,
        "Total Revenue": 1567815000.0,
        "Operating Revenue": 1567815000.0
    },
    "2023-03-31": {
        "Tax Effect Of Unusual Items": 0.0,
        "Tax Rate For Calcs": 0.206,
        "Normalized EBITDA": 170511000.0,
        "Total Unusual Items": NaN,
        "Total Unusual Items Excluding Goodwill": NaN,
        "Net Income From Continuing Operation Net Minority Interest": 131301000.0,
        "Reconciled Depreciation": 5208000.0,
        "Reconciled Cost Of Revenue": 998474000.0,
        "EBITDA": 170511000.0,
        "EBIT": 165303000.0,
        "Net Interest Income": 0.0,
        "Interest Expense": 0.0,
        "Normalized Income": 131301000.0,
        "Net Income From Continuing And Discontinued Operation": 131301000.0,
        "Total Expenses": 1128839000.0,
        "Diluted Average Shares": 37121000.0,
        "Basic Average Shares": 36664000.0,
        "Diluted EPS": 3.54,
        "Basic EPS": 3.58,
        "Diluted NI Availto Com Stockholders": 131301000.0,
        "Net Income Common Stockholders": 131301000.0,
        "Net Income": 131301000.0,
        "Net Income Including Noncontrolling Interests": 131301000.0,
        "Net Income Continuous Operations": 131301000.0,
        "Tax Provision": 34002000.0,
        "Pretax Income": 165303000.0,
        "Other Income Expense": 8844000.0,
        "Other Non Operating Income Expenses": 8844000.0,
        "Special Income Charges": NaN,
        "Other Special Charges": NaN,
        "Net Non Operating Interest Income Expense": 0.0,
        "Interest Expense Non Operating": 0.0,
        "Operating Income": 156459000.0,
        "Operating Expense": 130365000.0,
        "Selling General And Administration": 130365000.0,
        "Selling And Marketing Expense": 82846000.0,
        "General And Administrative Expense": 47519000.0,
        "Other Gand A": 47519000.0,
        "Gross Profit": 286824000.0,
        "Cost Of Revenue": 998474000.0,
        "Total Revenue": 1285298000.0,
        "Operating Revenue": 1285298000.0
    },
    "2022-12-31": {
        "Tax Effect Of Unusual Items": 0.0,
        "Tax Rate For Calcs": 0.233409,
        "Normalized EBITDA": 349452000.0,
        "Total Unusual Items": 0.0,
        "Total Unusual Items Excluding Goodwill": 0.0,
        "Net Income From Continuing Operation Net Minority Interest": 262365000.0,
        "Reconciled Depreciation": 7203000.0,
        "Reconciled Cost Of Revenue": 1494907000.0,
        "EBITDA": 349452000.0,
        "EBIT": 342249000.0,
        "Net Interest Income": 0.0,
        "Interest Expense": 0.0,
        "Normalized Income": 262365000.0,
        "Net Income From Continuing And Discontinued Operation": 262365000.0,
        "Total Expenses": 1661980000.0,
        "Diluted Average Shares": 37009000.0,
        "Basic Average Shares": 36571000.0,
        "Diluted EPS": 7.09,
        "Basic EPS": 7.17,
        "Diluted NI Availto Com Stockholders": 262365000.0,
        "Net Income Common Stockholders": 262365000.0,
        "Net Income": 262365000.0,
        "Net Income Including Noncontrolling Interests": 262365000.0,
        "Net Income Continuous Operations": 262365000.0,
        "Tax Provision": 79884000.0,
        "Pretax Income": 342249000.0,
        "Other Income Expense": 3563000.0,
        "Other Non Operating Income Expenses": 3563000.0,
        "Special Income Charges": 0.0,
        "Other Special Charges": NaN,
        "Net Non Operating Interest Income Expense": 0.0,
        "Interest Expense Non Operating": 0.0,
        "Operating Income": 338686000.0,
        "Operating Expense": 167073000.0,
        "Selling General And Administration": 167073000.0,
        "Selling And Marketing Expense": 110459000.0,
        "General And Administrative Expense": 56614000.0,
        "Other Gand A": 56614000.0,
        "Gross Profit": 505759000.0,
        "Cost Of Revenue": 1494907000.0,
        "Total Revenue": 2000666000.0,
        "Operating Revenue": 2000666000.0
    },
    "2022-09-30": {
        "Tax Effect Of Unusual Items": 0.0,
        "Tax Rate For Calcs": 0.203,
        "Normalized EBITDA": 335313000.0,
        "Total Unusual Items": 0.0,
        "Total Unusual Items Excluding Goodwill": 0.0,
        "Net Income From Continuing Operation Net Minority Interest": 262489000.0,
        "Reconciled Depreciation": 5822000.0,
        "Reconciled Cost Of Revenue": 1129775000.0,
        "EBITDA": 335313000.0,
        "EBIT": 329491000.0,
        "Net Interest Income": 0.0,
        "Interest Expense": 0.0,
        "Normalized Income": 262489000.0,
        "Net Income From Continuing And Discontinued Operation": 262489000.0,
        "Total Expenses": 1256102000.0,
        "Diluted Average Shares": 36946000.0,
        "Basic Average Shares": 36569000.0,
        "Diluted EPS": 7.1,
        "Basic EPS": 7.18,
        "Diluted NI Availto Com Stockholders": 262489000.0,
        "Net Income Common Stockholders": 262489000.0,
        "Net Income": 262489000.0,
        "Net Income Including Noncontrolling Interests": 262489000.0,
        "Net Income Continuous Operations": 262489000.0,
        "Tax Provision": 67002000.0,
        "Pretax Income": 329491000.0,
        "Other Income Expense": -74000.0,
        "Other Non Operating Income Expenses": -74000.0,
        "Special Income Charges": 0.0,
        "Other Special Charges": NaN,
        "Net Non Operating Interest Income Expense": 0.0,
        "Interest Expense Non Operating": 0.0,
        "Operating Income": 329565000.0,
        "Operating Expense": 126327000.0,
        "Selling General And Administration": 126327000.0,
        "Selling And Marketing Expense": 77884000.0,
        "General And Administrative Expense": 48443000.0,
        "Other Gand A": 48443000.0,
        "Gross Profit": 455892000.0,
        "Cost Of Revenue": 1129775000.0,
        "Total Revenue": 1585667000.0,
        "Operating Revenue": 1585667000.0
    },
    "2022-06-30": {
        "Tax Effect Of Unusual Items": 0.0,
        "Tax Rate For Calcs": 0.246042,
        "Normalized EBITDA": 337659000.0,
        "Total Unusual Items": 0.0,
        "Total Unusual Items Excluding Goodwill": 0.0,
        "Net Income From Continuing Operation Net Minority Interest": 250084000.0,
        "Reconciled Depreciation": 5964000.0,
        "Reconciled Cost Of Revenue": 969573000.0,
        "EBITDA": 337659000.0,
        "EBIT": 331695000.0,
        "Net Interest Income": 0.0,
        "Interest Expense": 0.0,
        "Normalized Income": 250084000.0,
        "Net Income From Continuing And Discontinued Operation": 250084000.0,
        "Total Expenses": 1086888000.0,
        "Diluted Average Shares": 36962000.0,
        "Basic Average Shares": 36647000.0,
        "Diluted EPS": 6.77,
        "Basic EPS": 6.82,
        "Diluted NI Availto Com Stockholders": 250084000.0,
        "Net Income Common Stockholders": 250084000.0,
        "Net Income": 250084000.0,
        "Net Income Including Noncontrolling Interests": 250084000.0,
        "Net Income Continuous Operations": 250084000.0,
        "Tax Provision": 81611000.0,
        "Pretax Income": 331695000.0,
        "Other Income Expense": -458000.0,
        "Other Non Operating Income Expenses": -458000.0,
        "Special Income Charges": 0.0,
        "Net Non Operating Interest Income Expense": 0.0,
        "Interest Expense Non Operating": 0.0,
        "Operating Income": 332153000.0,
        "Operating Expense": 117315000.0,
        "Selling General And Administration": 117315000.0,
        "Selling And Marketing Expense": 69383000.0,
        "General And Administrative Expense": 47932000.0,
        "Other Gand A": 47932000.0,
        "Gross Profit": 449468000.0,
        "Cost Of Revenue": 969573000.0,
        "Total Revenue": 1419041000.0,
        "Operating Revenue": 1419041000.0
    },
    "2022-03-31": {
        "Diluted EPS": 5.79,
        "Total Revenue": NaN,
        "Gross Profit": 393,
        "Operating Income": 286,
        "EBIT": 292,
        "Net Income": 217
    },
    "2021-12-31": {
        "Diluted EPS": 6.24,
        "Total Revenue": NaN,
        "Gross Profit": 438,
        "Operating Income": 310,
        "EBIT": 317,
        "Net Income": 237
    },
    "2021-09-30": {
        "Diluted EPS": 5.25,
        "Total Revenue": NaN,
        "Gross Profit": 378,
        "Operating Income": 261,
        "EBIT": 267,
        "Net Income": 201
    },
    "2021-06-30": {
        "Diluted EPS": 4.36,
        "Total Revenue": NaN,
        "Gross Profit": 351,
        "Operating Income": 233,
        "EBIT": 239,
        "Net Income": 167
    },
    "2021-03-31": {
        "Diluted EPS": 3.44,
        "Total Revenue": NaN,
        "Gross Profit": 272,
        "Operating Income": 165,
        "EBIT": 172,
        "Net Income": 132
    },
    "2020-12-31": {
        "Diluted EPS": 3.95,
        "Total Revenue": NaN,
        "Gross Profit": 323,
        "Operating Income": 192,
        "EBIT": 201,
        "Net Income": 153
    },
    "2020-09-30": {
        "Diluted EPS": 2.84,
        "Total Revenue": NaN,
        "Gross Profit": 249,
        "Operating Income": 134,
        "EBIT": 142,
        "Net Income": 109
    },
    "2020-06-30": {
        "Diluted EPS": 2.38,
        "Total Revenue": NaN,
        "Gross Profit": 224,
        "Operating Income": 116,
        "EBIT": 124,
        "Net Income": 91
    },
    "2020-03-31": {
        "Diluted EPS": 1.83,
        "Total Revenue": 905,
        "Gross Profit": 183,
        "Operating Income": 86,
        "EBIT": 93,
        "Net Income": 71
    },
    "2019-12-31": {
        "Diluted EPS": 2.67,
        "Total Revenue": NaN,
        "Gross Profit": 224,
        "Operating Income": 112,
        "EBIT": 121,
        "Net Income": 104
    },
    "2019-09-30": {
        "Diluted EPS": 1.79,
        "Total Revenue": 945,
        "Gross Profit": 190,
        "Operating Income": 91,
        "EBIT": 98,
        "Net Income": 70
    },
    "2019-06-30": {
        "Diluted EPS": 1.31,
        "Total Revenue": 869,
        "Gross Profit": 162,
        "Operating Income": 69,
        "EBIT": 75,
        "Net Income": 51
    },
    "2019-03-31": {
        "Diluted EPS": 0.65,
        "Total Revenue": 711,
        "Gross Profit": 120,
        "Operating Income": 35,
        "EBIT": 41,
        "Net Income": 25
    },
    "2018-12-31": {
        "Diluted EPS": 1.87,
        "Total Revenue": NaN,
        "Gross Profit": 193,
        "Operating Income": 94,
        "EBIT": 101,
        "Net Income": 75
    },
    "2018-09-30": {
        "Diluted EPS": 1.33,
        "Total Revenue": 888,
        "Gross Profit": 162,
        "Operating Income": 69,
        "EBIT": 76,
        "Net Income": 54
    },
    "2018-06-30": {
        "Diluted EPS": 1.31,
        "Total Revenue": 881,
        "Gross Profit": 163,
        "Operating Income": 69,
        "EBIT": 76,
        "Net Income": 54
    },
    "2018-03-31": {
        "Diluted EPS": 1.07,
        "Total Revenue": 746,
        "Gross Profit": 126,
        "Operating Income": 41,
        "EBIT": 47,
        "Net Income": 44
    },
    "2017-12-31": {
        "Diluted EPS": 0.85,
        "Total Revenue": 950,
        "Gross Profit": 175,
        "Operating Income": 82,
        "EBIT": 87,
        "Net Income": 36
    },
    "2017-09-30": {
        "Diluted EPS": 1.02,
        "Total Revenue": 809,
        "Gross Profit": 148,
        "Operating Income": 63,
        "EBIT": 67,
        "Net Income": 43
    },
    "2017-06-30": {
        "Diluted EPS": 0.98,
        "Total Revenue": 806,
        "Gross Profit": 145,
        "Operating Income": 62,
        "EBIT": 66,
        "Net Income": 42
    },
    "2017-03-31": {
        "Diluted EPS": 0.56,
        "Total Revenue": 676,
        "Gross Profit": 113,
        "Operating Income": 36,
        "EBIT": 40,
        "Net Income": 24
    },
    "2016-12-31": {
        "Diluted EPS": 1.22,
        "Total Revenue": 884,
        "Gross Profit": 161,
        "Operating Income": 71,
        "EBIT": 76,
        "Net Income": 52
    },
    "2016-09-30": {
        "Diluted EPS": 0.88,
        "Total Revenue": 756,
        "Gross Profit": 135,
        "Operating Income": 52,
        "EBIT": 56,
        "Net Income": 37
    },
    "2016-06-30": {
        "Diluted EPS": 0.95,
        "Total Revenue": 801,
        "Gross Profit": 142,
        "Operating Income": 59,
        "EBIT": 63,
        "Net Income": 40
    },
    "2016-03-31": {
        "Diluted EPS": 0.5,
        "Total Revenue": 600,
        "Gross Profit": 106,
        "Operating Income": 32,
        "EBIT": 35,
        "Net Income": 21
    },
    "2015-12-31": {
        "Diluted EPS": 1.26,
        "Total Revenue": 785,
        "Gross Profit": 155,
        "Operating Income": 78,
        "EBIT": 81,
        "Net Income": 53
    },
    "2015-09-30": {
        "Diluted EPS": 0.73,
        "Total Revenue": 673,
        "Gross Profit": 129,
        "Operating Income": 55,
        "EBIT": 59,
        "Net Income": 30
    },
    "2015-06-30": {
        "Diluted EPS": 0.7,
        "Total Revenue": 601,
        "Gross Profit": 117,
        "Operating Income": 46,
        "EBIT": 50,
        "Net Income": 29
    },
    "2015-03-31": {
        "Diluted EPS": 0.4,
        "Total Revenue": 521,
        "Gross Profit": 98,
        "Operating Income": 28,
        "EBIT": 31,
        "Net Income": 16
    },
    "2014-12-31": {
        "Diluted EPS": 1.2,
        "Total Revenue": 702,
        "Gross Profit": 143,
        "Operating Income": 67,
        "EBIT": 70,
        "Net Income": 49
    },
    "2014-09-30": {
        "Diluted EPS": 0.79,
        "Total Revenue": 560,
        "Gross Profit": 114,
        "Operating Income": 46,
        "EBIT": 49,
        "Net Income": 33
    },
    "2014-06-30": {
        "Diluted EPS": 0.85,
        "Total Revenue": 508,
        "Gross Profit": 112,
        "Operating Income": 53,
        "EBIT": 56,
        "Net Income": 35
    },
    "2014-03-31": {
        "Diluted EPS": 0.62,
        "Total Revenue": 410,
        "Gross Profit": 93,
        "Operating Income": 42,
        "EBIT": 45,
        "Net Income": 25
    },
    "2013-12-31": {
        "Diluted EPS": 1.2,
        "Total Revenue": 538,
        "Gross Profit": 126,
        "Operating Income": 67,
        "EBIT": 70,
        "Net Income": 46
    },
    "2013-09-30": {
        "Diluted EPS": 0.99,
        "Total Revenue": 494,
        "Gross Profit": 115,
        "Operating Income": 60,
        "EBIT": 62,
        "Net Income": 38
    },
    "2013-06-30": {
        "Diluted EPS": 0.74,
        "Total Revenue": 451,
        "Gross Profit": 96,
        "Operating Income": 46,
        "EBIT": 48,
        "Net Income": 28
    },
    "2013-03-31": {
        "Diluted EPS": 0.32,
        "Total Revenue": 337,
        "Gross Profit": 65,
        "Operating Income": 22,
        "EBIT": 24,
        "Net Income": 12
    },
    "2012-12-31": {
        "Diluted EPS": 2.72,
        "Total Revenue": 365,
        "Gross Profit": 69,
        "Operating Income": 28,
        "EBIT": 30,
        "Net Income": 95
    },
    "2012-09-30": {
        "Diluted EPS": 0.19,
        "Total Revenue": 343,
        "Gross Profit": 63,
        "Operating Income": 20,
        "EBIT": 23,
        "Net Income": 7
    },
    "2012-06-30": {
        "Diluted EPS": 0.24,
        "Total Revenue": 282,
        "Gross Profit": 52,
        "Operating Income": 14,
        "EBIT": 16,
        "Net Income": 8
    },
    "2012-03-31": {
        "Diluted EPS": -0.15,
        "Total Revenue": 204,
        "Gross Profit": 35,
        "Operating Income": 3,
        "EBIT": 5,
        "Net Income": -5
    },
    "2011-12-31": {
        "Diluted EPS": -0.36,
        "Total Revenue": 246,
        "Gross Profit": 33,
        "Operating Income": 1,
        "EBIT": 3,
        "Net Income": -12
    },
    "2011-09-30": {
        "Diluted EPS": -0.1,
        "Total Revenue": 218,
        "Gross Profit": 38,
        "Operating Income": 2,
        "EBIT": 3,
        "Net Income": -3
    },
    "2011-06-30": {
        "Diluted EPS": 0.02,
        "Total Revenue": 220,
        "Gross Profit": 40,
        "Operating Income": 6,
        "EBIT": 8,
        "Net Income": 1
    },
    "2011-03-31": {
        "Diluted EPS": -0.21,
        "Total Revenue": 178,
        "Gross Profit": 30,
        "Operating Income": 0,
        "EBIT": 2,
        "Net Income": -7
    },
    "2010-12-31": {
        "Diluted EPS": -0.03,
        "Total Revenue": 215,
        "Gross Profit": 34,
        "Operating Income": 3,
        "EBIT": 5,
        "Net Income": -1
    },
    "2010-09-30": {
        "Diluted EPS": 0.04,
        "Total Revenue": 234,
        "Gross Profit": 43,
        "Operating Income": 7,
        "EBIT": 9,
        "Net Income": 1
    },
    "2010-06-30": {
        "Diluted EPS": 0.13,
        "Total Revenue": 291,
        "Gross Profit": 53,
        "Operating Income": 15,
        "EBIT": 17,
        "Net Income": 4
    },
    "2010-03-31": {
        "Diluted EPS": 0.08,
        "Total Revenue": 202,
        "Gross Profit": 38,
        "Operating Income": 6,
        "EBIT": 8,
        "Net Income": 3
    },
    "2009-12-31": {
        "Diluted EPS": 1.41,
        "Total Revenue": 286,
        "Gross Profit": 3,
        "Operating Income": -38,
        "EBIT": -35,
        "Net Income": 43
    },
    "2009-09-30": {
        "Diluted EPS": -0.56,
        "Total Revenue": 232,
        "Gross Profit": 23,
        "Operating Income": -10,
        "EBIT": -8,
        "Net Income": -18
    },
    "2009-06-30": {
        "Diluted EPS": -2.37,
        "Total Revenue": 222,
        "Gross Profit": -39,
        "Operating Income": -71,
        "EBIT": -69,
        "Net Income": -74
    },
    "2009-03-31": {
        "Diluted EPS": -0.6,
        "Total Revenue": 231,
        "Gross Profit": 17,
        "Operating Income": -16,
        "EBIT": -13,
        "Net Income": -18
    },
    "2023-09-30": {
        "Tax Effect Of Unusual Items": -203168.0,
        "Tax Rate For Calcs": 0.224,
        "Normalized EBITDA": 293021000.0,
        "Total Unusual Items": -907000.0,
        "Total Unusual Items Excluding Goodwill": -907000.0,
        "Net Income From Continuing Operation Net Minority Interest": 221760000.0,
        "Reconciled Depreciation": 6380000.0,
        "Reconciled Cost Of Revenue": 1186148000.0,
        "EBITDA": 292114000.0,
        "EBIT": 285734000.0,
        "Net Interest Income": 0.0,
        "Interest Expense": 0.0,
        "Normalized Income": 222463832.0,
        "Net Income From Continuing And Discontinued Operation": 221760000.0,
        "Total Expenses": 1348361000.0,
        "Diluted Average Shares": 37078000.0,
        "Basic Average Shares": 36603000.0,
        "Diluted EPS": 5.98,
        "Basic EPS": 6.06,
        "Diluted NI Availto Com Stockholders": 221760000.0,
        "Net Income Common Stockholders": 221760000.0,
        "Net Income": 221760000.0,
        "Net Income Including Noncontrolling Interests": 221760000.0,
        "Net Income Continuous Operations": 221760000.0,
        "Tax Provision": 63974000.0,
        "Pretax Income": 285734000.0,
        "Other Income Expense": 12424000.0,
        "Other Non Operating Income Expenses": 13331000.0,
        "Special Income Charges": -907000.0,
        "Other Special Charges": 907000.0,
        "Net Non Operating Interest Income Expense": 0.0,
        "Interest Expense Non Operating": 0.0,
        "Operating Income": 273310000.0,
        "Operating Expense": 162213000.0,
        "Selling General And Administration": 162213000.0,
        "Selling And Marketing Expense": 99122000.0,
        "General And Administrative Expense": 63091000.0,
        "Other Gand A": 63091000.0,
        "Gross Profit": 435523000.0,
        "Cost Of Revenue": 1186148000.0,
        "Total Revenue": 1621671000.0,
        "Operating Revenue": 1621671000.0
    }
}