{
    "2023-06-30": {
        "Tax Effect Of Unusual Items": NaN,
        "Tax Rate For Calcs": NaN,
        "Normalized EBITDA": NaN,
        "Net Income From Continuing Operation Net Minority Interest": NaN,
        "Reconciled Depreciation": NaN,
        "Reconciled Cost Of Revenue": NaN,
        "EBITDA": NaN,
        "EBIT": NaN,
        "Net Interest Income": NaN,
        "Interest Expense": NaN,
        "Interest Income": NaN,
        "Normalized Income": NaN,
        "Net Income From Continuing And Discontinued Operation": NaN,
        "Total Expenses": NaN,
        "Total Operating Income As Reported": NaN,
        "Diluted Average Shares": NaN,
        "Basic Average Shares": NaN,
        "Diluted EPS": NaN,
        "Basic EPS": NaN,
        "Diluted NI Availto Com Stockholders": NaN,
        "Net Income Common Stockholders": NaN,
        "Net Income": NaN,
        "Minority Interests": NaN,
        "Net Income Including Noncontrolling Interests": NaN,
        "Net Income Continuous Operations": NaN,
        "Tax Provision": NaN,
        "Pretax Income": NaN,
        "Earnings From Equity Interest": 0.0,
        "Net Non Operating Interest Income Expense": NaN,
        "Interest Expense Non Operating": NaN,
        "Interest Income Non Operating": NaN,
        "Operating Income": NaN,
        "Operating Expense": NaN,
        "Other Operating Expenses": NaN,
        "Research And Development": NaN,
        "Selling General And Administration": NaN,
        "Selling And Marketing Expense": NaN,
        "General And Administrative Expense": NaN,
        "Other Gand A": NaN,
        "Gross Profit": NaN,
        "Cost Of Revenue": NaN,
        "Total Revenue": NaN,
        "Operating Revenue": NaN
    },
    "2023-03-31": {
        "Tax Effect Of Unusual Items": NaN,
        "Tax Rate For Calcs": NaN,
        "Normalized EBITDA": NaN,
        "Net Income From Continuing Operation Net Minority Interest": NaN,
        "Reconciled Depreciation": NaN,
        "Reconciled Cost Of Revenue": NaN,
        "EBITDA": NaN,
        "EBIT": NaN,
        "Net Interest Income": NaN,
        "Interest Expense": NaN,
        "Interest Income": NaN,
        "Normalized Income": NaN,
        "Net Income From Continuing And Discontinued Operation": NaN,
        "Total Expenses": NaN,
        "Total Operating Income As Reported": NaN,
        "Diluted Average Shares": NaN,
        "Basic Average Shares": NaN,
        "Diluted EPS": NaN,
        "Basic EPS": NaN,
        "Diluted NI Availto Com Stockholders": NaN,
        "Net Income Common Stockholders": NaN,
        "Net Income": NaN,
        "Minority Interests": NaN,
        "Net Income Including Noncontrolling Interests": NaN,
        "Net Income Continuous Operations": NaN,
        "Tax Provision": NaN,
        "Pretax Income": NaN,
        "Earnings From Equity Interest": 0.0,
        "Net Non Operating Interest Income Expense": NaN,
        "Interest Expense Non Operating": NaN,
        "Interest Income Non Operating": NaN,
        "Operating Income": NaN,
        "Operating Expense": NaN,
        "Other Operating Expenses": NaN,
        "Research And Development": NaN,
        "Selling General And Administration": NaN,
        "Selling And Marketing Expense": NaN,
        "General And Administrative Expense": NaN,
        "Other Gand A": NaN,
        "Gross Profit": NaN,
        "Cost Of Revenue": NaN,
        "Total Revenue": NaN,
        "Operating Revenue": NaN
    },
    "2022-12-31": {
        "Tax Effect Of Unusual Items": NaN,
        "Tax Rate For Calcs": NaN,
        "Normalized EBITDA": NaN,
        "Net Income From Continuing Operation Net Minority Interest": NaN,
        "Reconciled Depreciation": NaN,
        "Reconciled Cost Of Revenue": NaN,
        "EBITDA": NaN,
        "EBIT": NaN,
        "Net Interest Income": NaN,
        "Interest Expense": NaN,
        "Interest Income": NaN,
        "Normalized Income": NaN,
        "Net Income From Continuing And Discontinued Operation": NaN,
        "Total Expenses": NaN,
        "Total Operating Income As Reported": NaN,
        "Diluted Average Shares": NaN,
        "Basic Average Shares": NaN,
        "Diluted EPS": NaN,
        "Basic EPS": NaN,
        "Diluted NI Availto Com Stockholders": NaN,
        "Net Income Common Stockholders": NaN,
        "Net Income": NaN,
        "Minority Interests": NaN,
        "Net Income Including Noncontrolling Interests": NaN,
        "Net Income Continuous Operations": NaN,
        "Tax Provision": NaN,
        "Pretax Income": NaN,
        "Earnings From Equity Interest": 0.0,
        "Net Non Operating Interest Income Expense": NaN,
        "Interest Expense Non Operating": NaN,
        "Interest Income Non Operating": NaN,
        "Operating Income": NaN,
        "Operating Expense": NaN,
        "Other Operating Expenses": NaN,
        "Research And Development": NaN,
        "Selling General And Administration": NaN,
        "Selling And Marketing Expense": NaN,
        "General And Administrative Expense": NaN,
        "Other Gand A": NaN,
        "Gross Profit": NaN,
        "Cost Of Revenue": NaN,
        "Total Revenue": NaN,
        "Operating Revenue": NaN
    },
    "2022-09-30": {
        "Tax Effect Of Unusual Items": NaN,
        "Tax Rate For Calcs": NaN,
        "Normalized EBITDA": NaN,
        "Net Income From Continuing Operation Net Minority Interest": NaN,
        "Reconciled Depreciation": NaN,
        "Reconciled Cost Of Revenue": NaN,
        "EBITDA": NaN,
        "EBIT": NaN,
        "Net Interest Income": NaN,
        "Interest Expense": NaN,
        "Interest Income": NaN,
        "Normalized Income": NaN,
        "Net Income From Continuing And Discontinued Operation": NaN,
        "Total Expenses": NaN,
        "Total Operating Income As Reported": NaN,
        "Diluted Average Shares": NaN,
        "Basic Average Shares": NaN,
        "Diluted EPS": NaN,
        "Basic EPS": NaN,
        "Diluted NI Availto Com Stockholders": NaN,
        "Net Income Common Stockholders": NaN,
        "Net Income": NaN,
        "Minority Interests": NaN,
        "Net Income Including Noncontrolling Interests": NaN,
        "Net Income Continuous Operations": NaN,
        "Tax Provision": NaN,
        "Pretax Income": NaN,
        "Earnings From Equity Interest": 0.0,
        "Net Non Operating Interest Income Expense": NaN,
        "Interest Expense Non Operating": NaN,
        "Interest Income Non Operating": NaN,
        "Operating Income": NaN,
        "Operating Expense": NaN,
        "Other Operating Expenses": NaN,
        "Research And Development": NaN,
        "Selling General And Administration": NaN,
        "Selling And Marketing Expense": NaN,
        "General And Administrative Expense": NaN,
        "Other Gand A": NaN,
        "Gross Profit": NaN,
        "Cost Of Revenue": NaN,
        "Total Revenue": NaN,
        "Operating Revenue": NaN
    },
    "2022-06-30": {
        "Tax Effect Of Unusual Items": 0.0,
        "Tax Rate For Calcs": 0.4,
        "Normalized EBITDA": 8190000.0,
        "Net Income From Continuing Operation Net Minority Interest": 903000.0,
        "Reconciled Depreciation": 5374000.0,
        "Reconciled Cost Of Revenue": 26040000.0,
        "EBITDA": 8190000.0,
        "EBIT": 2816000.0,
        "Net Interest Income": 2581000.0,
        "Interest Expense": 1320000.0,
        "Interest Income": 3901000.0,
        "Normalized Income": 903000.0,
        "Net Income From Continuing And Discontinued Operation": 903000.0,
        "Total Expenses": 59155000.0,
        "Total Operating Income As Reported": -1084000.0,
        "Diluted Average Shares": 59095000.0,
        "Basic Average Shares": 59064000.0,
        "Diluted EPS": 0.02,
        "Basic EPS": 0.02,
        "Diluted NI Availto Com Stockholders": 903000.0,
        "Net Income Common Stockholders": 903000.0,
        "Net Income": 903000.0,
        "Minority Interests": 7000.0,
        "Net Income Including Noncontrolling Interests": 896000.0,
        "Net Income Continuous Operations": 896000.0,
        "Tax Provision": 600000.0,
        "Pretax Income": 1496000.0,
        "Earnings From Equity Interest": 0.0,
        "Net Non Operating Interest Income Expense": 2581000.0,
        "Interest Expense Non Operating": 1320000.0,
        "Interest Income Non Operating": 3901000.0,
        "Operating Income": -1085000.0,
        "Operating Expense": 33115000.0,
        "Other Operating Expenses": -498000.0,
        "Research And Development": 8955000.0,
        "Selling General And Administration": 24658000.0,
        "Selling And Marketing Expense": 14954000.0,
        "General And Administrative Expense": 9704000.0,
        "Other Gand A": 9704000.0,
        "Gross Profit": 32030000.0,
        "Cost Of Revenue": 26040000.0,
        "Total Revenue": 58070000.0,
        "Operating Revenue": 58070000.0
    },
    "2022-03-31": {
        "Diluted EPS": 0.0,
        "Total Revenue": 59,
        "Gross Profit": 32,
        "Operating Income": 0,
        "EBIT": 6,
        "Net Income": 0
    },
    "2021-12-31": {
        "Diluted EPS": 0.11,
        "Total Revenue": 69,
        "Gross Profit": 41,
        "Operating Income": 6,
        "EBIT": 12,
        "Net Income": 6
    },
    "2021-09-30": {
        "Diluted EPS": 0.17,
        "Total Revenue": 60,
        "Gross Profit": 36,
        "Operating Income": 5,
        "EBIT": 11,
        "Net Income": 10
    },
    "2021-06-30": {
        "Diluted EPS": 0.07,
        "Total Revenue": 60,
        "Gross Profit": 34,
        "Operating Income": 3,
        "EBIT": 9,
        "Net Income": 4
    },
    "2021-03-31": {
        "Diluted EPS": -0.08,
        "Total Revenue": 53,
        "Gross Profit": 29,
        "Operating Income": 0,
        "EBIT": 6,
        "Net Income": -4
    },
    "2020-12-31": {
        "Diluted EPS": -0.04,
        "Total Revenue": 54,
        "Gross Profit": 31,
        "Operating Income": -2,
        "EBIT": 3,
        "Net Income": -3
    },
    "2020-09-30": {
        "Diluted EPS": -0.01,
        "Total Revenue": 48,
        "Gross Profit": 27,
        "Operating Income": 0,
        "EBIT": 7,
        "Net Income": 0
    },
    "2020-06-30": {
        "Diluted EPS": -0.04,
        "Total Revenue": 43,
        "Gross Profit": 22,
        "Operating Income": -2,
        "EBIT": 3,
        "Net Income": -2
    },
    "2020-03-31": {
        "Diluted EPS": -0.06,
        "Total Revenue": 51,
        "Gross Profit": 27,
        "Operating Income": -1,
        "EBIT": 4,
        "Net Income": -3
    },
    "2019-12-31": {
        "Diluted EPS": 0.03,
        "Total Revenue": 57,
        "Gross Profit": 32,
        "Operating Income": 3,
        "EBIT": 9,
        "Net Income": 2
    },
    "2019-09-30": {
        "Diluted EPS": 0.02,
        "Total Revenue": 55,
        "Gross Profit": 32,
        "Operating Income": 3,
        "EBIT": 9,
        "Net Income": 1
    },
    "2019-06-30": {
        "Diluted EPS": -0.01,
        "Total Revenue": 55,
        "Gross Profit": 30,
        "Operating Income": 0,
        "EBIT": 5,
        "Net Income": 0
    },
    "2019-03-31": {
        "Diluted EPS": -0.01,
        "Total Revenue": 53,
        "Gross Profit": 29,
        "Operating Income": 2,
        "EBIT": 7,
        "Net Income": 0
    },
    "2018-12-31": {
        "Diluted EPS": 0.01,
        "Total Revenue": 56,
        "Gross Profit": 31,
        "Operating Income": 1,
        "EBIT": 7,
        "Net Income": 1
    },
    "2018-09-30": {
        "Diluted EPS": 0.05,
        "Total Revenue": 54,
        "Gross Profit": 31,
        "Operating Income": 3,
        "EBIT": 8,
        "Net Income": 3
    },
    "2018-06-30": {
        "Diluted EPS": 0.01,
        "Total Revenue": 54,
        "Gross Profit": 30,
        "Operating Income": 1,
        "EBIT": 6,
        "Net Income": 0
    },
    "2018-03-31": {
        "Diluted EPS": 0.0,
        "Total Revenue": 54,
        "Gross Profit": 30,
        "Operating Income": 1,
        "EBIT": 6,
        "Net Income": 0
    },
    "2017-12-31": {
        "Diluted EPS": 0.05,
        "Total Revenue": 51,
        "Gross Profit": 27,
        "Operating Income": 2,
        "EBIT": 6,
        "Net Income": 2
    },
    "2017-09-30": {
        "Diluted EPS": -0.04,
        "Total Revenue": 38,
        "Gross Profit": 21,
        "Operating Income": 0,
        "EBIT": 4,
        "Net Income": -2
    },
    "2017-06-30": {
        "Diluted EPS": -0.02,
        "Total Revenue": 38,
        "Gross Profit": 22,
        "Operating Income": 0,
        "EBIT": 3,
        "Net Income": -1
    },
    "2017-03-31": {
        "Diluted EPS": -0.02,
        "Total Revenue": 34,
        "Gross Profit": 20,
        "Operating Income": 0,
        "EBIT": 3,
        "Net Income": -1
    },
    "2016-12-31": {
        "Diluted EPS": 0.03,
        "Total Revenue": 33,
        "Gross Profit": 20,
        "Operating Income": 2,
        "EBIT": 5,
        "Net Income": 1
    },
    "2016-09-30": {
        "Diluted EPS": 0.0,
        "Total Revenue": 32,
        "Gross Profit": 19,
        "Operating Income": 0,
        "EBIT": 3,
        "Net Income": 0
    },
    "2016-06-30": {
        "Diluted EPS": -0.01,
        "Total Revenue": 31,
        "Gross Profit": 18,
        "Operating Income": -1,
        "EBIT": 1,
        "Net Income": 0
    },
    "2016-03-31": {
        "Diluted EPS": -0.08,
        "Total Revenue": 30,
        "Gross Profit": 18,
        "Operating Income": -1,
        "EBIT": 1,
        "Net Income": -4
    },
    "2015-12-31": {
        "Diluted EPS": 0.05,
        "Total Revenue": 31,
        "Gross Profit": 18,
        "Operating Income": 1,
        "EBIT": 3,
        "Net Income": 2
    },
    "2015-09-30": {
        "Diluted EPS": -0.03,
        "Total Revenue": 29,
        "Gross Profit": 16,
        "Operating Income": -1,
        "EBIT": 1,
        "Net Income": -1
    },
    "2015-06-30": {
        "Diluted EPS": -0.07,
        "Total Revenue": 28,
        "Gross Profit": 16,
        "Operating Income": -2,
        "EBIT": 0,
        "Net Income": -3
    },
    "2015-03-31": {
        "Diluted EPS": -0.02,
        "Total Revenue": 25,
        "Gross Profit": 14,
        "Operating Income": -4,
        "EBIT": -2,
        "Net Income": -1
    },
    "2014-12-31": {
        "Diluted EPS": -0.01,
        "Total Revenue": 29,
        "Gross Profit": 29,
        "Operating Income": 29,
        "EBIT": 29,
        "Net Income": -1
    },
    "2014-09-30": {
        "Diluted EPS": 0.07,
        "Total Revenue": 25,
        "Gross Profit": 15,
        "Operating Income": 0,
        "EBIT": 1,
        "Net Income": 3
    },
    "2014-06-30": {
        "Diluted EPS": -0.01,
        "Total Revenue": 26,
        "Gross Profit": 16,
        "Operating Income": 0,
        "EBIT": 0,
        "Net Income": 0
    },
    "2014-03-31": {
        "Diluted EPS": -0.01,
        "Total Revenue": 26,
        "Gross Profit": 26,
        "Operating Income": 26,
        "EBIT": 26,
        "Net Income": 0
    },
    "2013-12-31": {
        "Diluted EPS": 0.04,
        "Total Revenue": 27,
        "Gross Profit": 27,
        "Operating Income": 27,
        "EBIT": 27,
        "Net Income": 2
    },
    "2013-09-30": {
        "Diluted EPS": 0.05,
        "Total Revenue": 22,
        "Gross Profit": 22,
        "Operating Income": 22,
        "EBIT": 22,
        "Net Income": 2
    },
    "2013-06-30": {
        "Diluted EPS": 0.03,
        "Total Revenue": 22,
        "Gross Profit": 22,
        "Operating Income": 22,
        "EBIT": 22,
        "Net Income": 1
    },
    "2023-09-30": {
        "Tax Effect Of Unusual Items": 0.0,
        "Tax Rate For Calcs": 0.25,
        "Normalized EBITDA": 10713000.0,
        "Net Income From Continuing Operation Net Minority Interest": 4017000.0,
        "Reconciled Depreciation": 5510000.0,
        "Reconciled Cost Of Revenue": 26435000.0,
        "EBITDA": 10713000.0,
        "EBIT": 5203000.0,
        "Net Interest Income": 1319000.0,
        "Interest Expense": 1554000.0,
        "Interest Income": 2873000.0,
        "Normalized Income": 4017000.0,
        "Net Income From Continuing And Discontinued Operation": 4017000.0,
        "Total Expenses": 57801000.0,
        "Total Operating Income As Reported": 2330000.0,
        "Diluted Average Shares": 59068000.0,
        "Basic Average Shares": 59067000.0,
        "Diluted EPS": 0.07,
        "Basic EPS": 0.07,
        "Diluted NI Availto Com Stockholders": 4017000.0,
        "Net Income Common Stockholders": 4017000.0,
        "Net Income": 4017000.0,
        "Minority Interests": 5000.0,
        "Net Income Including Noncontrolling Interests": 4013000.0,
        "Net Income Continuous Operations": 4012000.0,
        "Tax Provision": -363000.0,
        "Pretax Income": 3649000.0,
        "Earnings From Equity Interest": 0.0,
        "Net Non Operating Interest Income Expense": 1319000.0,
        "Interest Expense Non Operating": 1554000.0,
        "Interest Income Non Operating": 2873000.0,
        "Operating Income": 2330000.0,
        "Operating Expense": 31366000.0,
        "Other Operating Expenses": -710000.0,
        "Research And Development": 9476000.0,
        "Selling General And Administration": 22600000.0,
        "Selling And Marketing Expense": 13960000.0,
        "General And Administrative Expense": 8640000.0,
        "Other Gand A": 8640000.0,
        "Gross Profit": 33696000.0,
        "Cost Of Revenue": 26435000.0,
        "Total Revenue": 60130000.0,
        "Operating Revenue": 60130000.0
    },
    "2023-12-31": {
        "Tax Effect Of Unusual Items": 0.0,
        "Tax Rate For Calcs": 0.25,
        "Normalized EBITDA": 2165000.0,
        "Net Income From Continuing Operation Net Minority Interest": -529000.0,
        "Reconciled Depreciation": 5361000.0,
        "Reconciled Cost Of Revenue": 27747000.0,
        "EBITDA": 2165000.0,
        "EBIT": -3196000.0,
        "Net Interest Income": 973000.0,
        "Interest Expense": -1848000.0,
        "Interest Income": -537000.0,
        "Normalized Income": -529000.0,
        "Net Income From Continuing And Discontinued Operation": -529000.0,
        "Total Expenses": 56990000.0,
        "Total Operating Income As Reported": -1113000.0,
        "Diluted Average Shares": 59067000.0,
        "Basic Average Shares": 59067000.0,
        "Diluted EPS": -0.01,
        "Basic EPS": -0.01,
        "Diluted NI Availto Com Stockholders": -529000.0,
        "Net Income Common Stockholders": -529000.0,
        "Net Income": -529000.0,
        "Minority Interests": 10000.0,
        "Net Income Including Noncontrolling Interests": -539000.0,
        "Net Income Continuous Operations": -540000.0,
        "Tax Provision": -808000.0,
        "Pretax Income": -1348000.0,
        "Earnings From Equity Interest": NaN,
        "Net Non Operating Interest Income Expense": 973000.0,
        "Interest Expense Non Operating": -1848000.0,
        "Interest Income Non Operating": -537000.0,
        "Operating Income": 8305000.0,
        "Operating Expense": 29243000.0,
        "Other Operating Expenses": -9232000.0,
        "Research And Development": 10116000.0,
        "Selling General And Administration": 20613000.0,
        "Selling And Marketing Expense": -31981000.0,
        "General And Administrative Expense": 52594000.0,
        "Other Gand A": -20002000.0,
        "Gross Profit": 37548000.0,
        "Cost Of Revenue": 27747000.0,
        "Total Revenue": 65296000.0,
        "Operating Revenue": 65296000.0
    },
    "2024-03-31": {
        "Tax Effect Of Unusual Items": 0.0,
        "Tax Rate For Calcs": 0.124512,
        "Normalized EBITDA": 10331000.0,
        "Net Income From Continuing Operation Net Minority Interest": 3591000.0,
        "Reconciled Depreciation": 5437000.0,
        "Reconciled Cost Of Revenue": 27702000.0,
        "EBITDA": 10331000.0,
        "EBIT": 4894000.0,
        "Net Interest Income": 1510000.0,
        "Interest Expense": 798000.0,
        "Interest Income": 2308000.0,
        "Normalized Income": 3591000.0,
        "Net Income From Continuing And Discontinued Operation": 3591000.0,
        "Total Expenses": 61051000.0,
        "Total Operating Income As Reported": 2585000.0,
        "Diluted Average Shares": 59088000.0,
        "Basic Average Shares": 59067000.0,
        "Diluted EPS": 0.06,
        "Basic EPS": 0.06,
        "Diluted NI Availto Com Stockholders": 3591000.0,
        "Net Income Common Stockholders": 3591000.0,
        "Net Income": 3591000.0,
        "Minority Interests": 6000.0,
        "Net Income Including Noncontrolling Interests": 3585000.0,
        "Net Income Continuous Operations": 3586000.0,
        "Tax Provision": 510000.0,
        "Pretax Income": 4096000.0,
        "Earnings From Equity Interest": NaN,
        "Net Non Operating Interest Income Expense": 1510000.0,
        "Interest Expense Non Operating": 798000.0,
        "Interest Income Non Operating": 2308000.0,
        "Operating Income": 2586000.0,
        "Operating Expense": 33349000.0,
        "Other Operating Expenses": -789000.0,
        "Research And Development": 10231000.0,
        "Selling General And Administration": 23907000.0,
        "Selling And Marketing Expense": 14598000.0,
        "General And Administrative Expense": 9309000.0,
        "Other Gand A": 9309000.0,
        "Gross Profit": 35935000.0,
        "Cost Of Revenue": 27702000.0,
        "Total Revenue": 63637000.0,
        "Operating Revenue": 63637000.0
    },
    "2024-06-30": {
        "Tax Effect Of Unusual Items": 0.0,
        "Tax Rate For Calcs": 0.198261,
        "Normalized EBITDA": 12024000.0,
        "Net Income From Continuing Operation Net Minority Interest": 4156000.0,
        "Reconciled Depreciation": 5306000.0,
        "Reconciled Cost Of Revenue": 31654000.0,
        "EBITDA": 12024000.0,
        "EBIT": 6718000.0,
        "Net Interest Income": 1106000.0,
        "Interest Expense": 1543000.0,
        "Interest Income": 2649000.0,
        "Normalized Income": 4156000.0,
        "Net Income From Continuing And Discontinued Operation": 4156000.0,
        "Total Expenses": 69577000.0,
        "Total Operating Income As Reported": 4069000.0,
        "Diluted Average Shares": 59067000.0,
        "Basic Average Shares": 59067000.0,
        "Diluted EPS": 0.07,
        "Basic EPS": 0.07,
        "Diluted NI Availto Com Stockholders": 4156000.0,
        "Net Income Common Stockholders": 4156000.0,
        "Net Income": 4156000.0,
        "Minority Interests": 7000.0,
        "Net Income Including Noncontrolling Interests": 4149000.0,
        "Net Income Continuous Operations": 4149000.0,
        "Tax Provision": 1026000.0,
        "Pretax Income": 5175000.0,
        "Earnings From Equity Interest": NaN,
        "Net Non Operating Interest Income Expense": 1106000.0,
        "Interest Expense Non Operating": 1543000.0,
        "Interest Income Non Operating": 2649000.0,
        "Operating Income": 4069000.0,
        "Operating Expense": 37923000.0,
        "Other Operating Expenses": -1290000.0,
        "Research And Development": 11872000.0,
        "Selling General And Administration": 27341000.0,
        "Selling And Marketing Expense": 16738000.0,
        "General And Administrative Expense": 10603000.0,
        "Other Gand A": 10603000.0,
        "Gross Profit": 41992000.0,
        "Cost Of Revenue": 31654000.0,
        "Total Revenue": 73647000.0,
        "Operating Revenue": 73647000.0
    },
    "2024-09-30": {
        "Tax Effect Of Unusual Items": 0.0,
        "Tax Rate For Calcs": 0.043451,
        "Normalized EBITDA": 10484000.0,
        "Net Income From Continuing Operation Net Minority Interest": 3045000.0,
        "Reconciled Depreciation": 5465000.0,
        "Reconciled Cost Of Revenue": 29355000.0,
        "EBITDA": 10484000.0,
        "EBIT": 5019000.0,
        "Net Interest Income": -1137000.0,
        "Interest Expense": 1843000.0,
        "Interest Income": 706000.0,
        "Normalized Income": 3045000.0,
        "Net Income From Continuing And Discontinued Operation": 3045000.0,
        "Total Expenses": 64339000.0,
        "Total Operating Income As Reported": 4313000.0,
        "Diluted Average Shares": 59067000.0,
        "Basic Average Shares": 59067000.0,
        "Diluted EPS": 0.05,
        "Basic EPS": 0.05,
        "Diluted NI Availto Com Stockholders": 3045000.0,
        "Net Income Common Stockholders": 3045000.0,
        "Net Income": 3045000.0,
        "Minority Interests": 7000.0,
        "Net Income Including Noncontrolling Interests": 3038000.0,
        "Net Income Continuous Operations": 3038000.0,
        "Tax Provision": 138000.0,
        "Pretax Income": 3176000.0,
        "Earnings From Equity Interest": NaN,
        "Net Non Operating Interest Income Expense": -1137000.0,
        "Interest Expense Non Operating": 1843000.0,
        "Interest Income Non Operating": 706000.0,
        "Operating Income": 4313000.0,
        "Operating Expense": 34984000.0,
        "Other Operating Expenses": -872000.0,
        "Research And Development": 10979000.0,
        "Selling General And Administration": 24877000.0,
        "Selling And Marketing Expense": 14896000.0,
        "General And Administrative Expense": 9981000.0,
        "Other Gand A": 9981000.0,
        "Gross Profit": 39297000.0,
        "Cost Of Revenue": 29355000.0,
        "Total Revenue": 68652000.0,
        "Operating Revenue": 68652000.0
    }
}