{
    "2023-03-31": {
        "Tax Effect Of Unusual Items": -8848.0,
        "Tax Rate For Calcs": 0.028,
        "Normalized EBITDA": -12465000.0,
        "Total Unusual Items": -316000.0,
        "Total Unusual Items Excluding Goodwill": -316000.0,
        "Net Income From Continuing Operation Net Minority Interest": -12686000.0,
        "Reconciled Depreciation": 3322000.0,
        "Reconciled Cost Of Revenue": 182476000.0,
        "EBIT": -12781000.0,
        "Net Interest Income": -174000.0,
        "Interest Expense": 268000.0,
        "Interest Income": 94000.0,
        "Normalized Income": -12378848.0,
        "Net Income From Continuing And Discontinued Operation": -12686000.0,
        "Total Expenses": 199338000.0,
        "Total Operating Income As Reported": -12759000.0,
        "Diluted Average Shares": 27038000.0,
        "Basic Average Shares": 27038000.0,
        "Diluted EPS": -0.47,
        "Basic EPS": -0.47,
        "Diluted NI Availto Com Stockholders": -12686000.0,
        "Net Income Common Stockholders": -12686000.0,
        "Net Income": -12686000.0,
        "Net Income Including Noncontrolling Interests": -12686000.0,
        "Net Income Continuous Operations": -12686000.0,
        "Tax Provision": -363000.0,
        "Pretax Income": -13049000.0,
        "Other Income Expense": -432000.0,
        "Other Non Operating Income Expenses": -116000.0,
        "Special Income Charges": -316000.0,
        "Impairment Of Capital Assets": 0.0,
        "Restructuring And Mergern Acquisition": 316000.0,
        "Net Non Operating Interest Income Expense": -174000.0,
        "Interest Expense Non Operating": 268000.0,
        "Interest Income Non Operating": 94000.0,
        "Operating Income": -12443000.0,
        "Operating Expense": 16862000.0,
        "Selling General And Administration": 16862000.0,
        "Gross Profit": 4419000.0,
        "Cost Of Revenue": 182476000.0,
        "Total Revenue": 186895000.0,
        "Operating Revenue": 186895000.0
    },
    "2022-12-31": {
        "Tax Effect Of Unusual Items": 0.0,
        "Tax Rate For Calcs": 0.0,
        "Normalized EBITDA": -18317000.0,
        "Total Unusual Items": -13594000.0,
        "Total Unusual Items Excluding Goodwill": -13594000.0,
        "Net Income From Continuing Operation Net Minority Interest": -32827000.0,
        "Reconciled Depreciation": 3535000.0,
        "Reconciled Cost Of Revenue": 195142000.0,
        "EBIT": -31911000.0,
        "Net Interest Income": -870000.0,
        "Interest Expense": 916000.0,
        "Interest Income": 46000.0,
        "Normalized Income": -19233000.0,
        "Net Income From Continuing And Discontinued Operation": -32827000.0,
        "Total Expenses": 212687000.0,
        "Total Operating Income As Reported": -32441000.0,
        "Diluted Average Shares": 26999000.0,
        "Basic Average Shares": 26999000.0,
        "Diluted EPS": -1.22,
        "Basic EPS": -1.22,
        "Diluted NI Availto Com Stockholders": -32827000.0,
        "Net Income Common Stockholders": -32827000.0,
        "Net Income": -32827000.0,
        "Net Income Including Noncontrolling Interests": -32827000.0,
        "Net Income Continuous Operations": -32827000.0,
        "Tax Provision": 0.0,
        "Pretax Income": -32827000.0,
        "Other Income Expense": -13110000.0,
        "Other Non Operating Income Expenses": 484000.0,
        "Special Income Charges": -13594000.0,
        "Impairment Of Capital Assets": 12316000.0,
        "Restructuring And Mergern Acquisition": 1278000.0,
        "Net Non Operating Interest Income Expense": -870000.0,
        "Interest Expense Non Operating": 916000.0,
        "Interest Income Non Operating": 46000.0,
        "Operating Income": -18847000.0,
        "Operating Expense": 17545000.0,
        "Selling General And Administration": 17545000.0,
        "Gross Profit": -1302000.0,
        "Cost Of Revenue": 195142000.0,
        "Total Revenue": 193840000.0,
        "Operating Revenue": 193840000.0
    },
    "2022-09-30": {
        "Tax Effect Of Unusual Items": 0.0,
        "Tax Rate For Calcs": 0.0,
        "Normalized EBITDA": -4853000.0,
        "Total Unusual Items": -1287000.0,
        "Total Unusual Items Excluding Goodwill": -1287000.0,
        "Net Income From Continuing Operation Net Minority Interest": -6512000.0,
        "Reconciled Depreciation": 3642000.0,
        "Reconciled Cost Of Revenue": 195423000.0,
        "EBIT": -6140000.0,
        "Net Interest Income": -348000.0,
        "Interest Expense": 372000.0,
        "Interest Income": 24000.0,
        "Normalized Income": -5225000.0,
        "Net Income From Continuing And Discontinued Operation": -6512000.0,
        "Total Expenses": 212234000.0,
        "Total Operating Income As Reported": -5090000.0,
        "Diluted Average Shares": 26862000.0,
        "Basic Average Shares": 26862000.0,
        "Diluted EPS": -0.24,
        "Basic EPS": -0.24,
        "Diluted NI Availto Com Stockholders": -6512000.0,
        "Net Income Common Stockholders": -6512000.0,
        "Net Income": -6512000.0,
        "Net Income Including Noncontrolling Interests": -6512000.0,
        "Net Income Continuous Operations": -6512000.0,
        "Tax Provision": 0.0,
        "Pretax Income": -6512000.0,
        "Other Income Expense": -2361000.0,
        "Other Non Operating Income Expenses": -1074000.0,
        "Special Income Charges": -1287000.0,
        "Impairment Of Capital Assets": NaN,
        "Restructuring And Mergern Acquisition": 1287000.0,
        "Net Non Operating Interest Income Expense": -348000.0,
        "Interest Expense Non Operating": 372000.0,
        "Interest Income Non Operating": 24000.0,
        "Operating Income": -3803000.0,
        "Operating Expense": 16811000.0,
        "Selling General And Administration": 16811000.0,
        "Gross Profit": 13008000.0,
        "Cost Of Revenue": 195423000.0,
        "Total Revenue": 208431000.0,
        "Operating Revenue": 208431000.0
    },
    "2022-06-30": {
        "Tax Effect Of Unusual Items": -3696.0,
        "Tax Rate For Calcs": 0.004,
        "Normalized EBITDA": 14679000.0,
        "Total Unusual Items": -924000.0,
        "Total Unusual Items Excluding Goodwill": -924000.0,
        "Net Income From Continuing Operation Net Minority Interest": 13456000.0,
        "Reconciled Depreciation": 3697000.0,
        "Reconciled Cost Of Revenue": 199861000.0,
        "EBIT": 13755000.0,
        "Net Interest Income": -225000.0,
        "Interest Expense": 246000.0,
        "Interest Income": 21000.0,
        "Normalized Income": 14376304.0,
        "Net Income From Continuing And Discontinued Operation": 13456000.0,
        "Total Expenses": 217959000.0,
        "Total Operating Income As Reported": -18164000.0,
        "Diluted Average Shares": 26790000.0,
        "Basic Average Shares": 26790000.0,
        "Diluted EPS": 0.5,
        "Basic EPS": 0.5,
        "Diluted NI Availto Com Stockholders": 13456000.0,
        "Net Income Common Stockholders": 13456000.0,
        "Net Income": 13456000.0,
        "Net Income Including Noncontrolling Interests": 13456000.0,
        "Net Income Continuous Operations": 13456000.0,
        "Tax Provision": 53000.0,
        "Pretax Income": 13509000.0,
        "Other Income Expense": 30974000.0,
        "Other Non Operating Income Expenses": 31898000.0,
        "Special Income Charges": -924000.0,
        "Impairment Of Capital Assets": 0.0,
        "Restructuring And Mergern Acquisition": 924000.0,
        "Net Non Operating Interest Income Expense": -225000.0,
        "Interest Expense Non Operating": 246000.0,
        "Interest Income Non Operating": 21000.0,
        "Operating Income": -17240000.0,
        "Operating Expense": 18098000.0,
        "Selling General And Administration": 18098000.0,
        "Gross Profit": 858000.0,
        "Cost Of Revenue": 199861000.0,
        "Total Revenue": 200719000.0,
        "Operating Revenue": 200719000.0
    },
    "2022-03-31": {
        "Diluted EPS": -1.3,
        "Total Revenue": 177,
        "Gross Profit": -2,
        "Operating Income": -36,
        "EBIT": -14,
        "Net Income": -35
    },
    "2021-12-31": {
        "Diluted EPS": -0.93,
        "Total Revenue": 162,
        "Gross Profit": 3,
        "Operating Income": -13,
        "EBIT": -10,
        "Net Income": -25
    },
    "2021-09-30": {
        "Diluted EPS": -0.66,
        "Total Revenue": 168,
        "Gross Profit": -4,
        "Operating Income": -21,
        "EBIT": -15,
        "Net Income": -18
    },
    "2021-06-30": {
        "Diluted EPS": -0.4,
        "Total Revenue": 175,
        "Gross Profit": 2,
        "Operating Income": -16,
        "EBIT": -12,
        "Net Income": -11
    },
    "2021-03-31": {
        "Diluted EPS": -0.49,
        "Total Revenue": 148,
        "Gross Profit": 2,
        "Operating Income": -17,
        "EBIT": -13,
        "Net Income": -13
    },
    "2020-12-31": {
        "Diluted EPS": -0.17,
        "Total Revenue": 167,
        "Gross Profit": 15,
        "Operating Income": -6,
        "EBIT": -2,
        "Net Income": -5
    },
    "2020-09-30": {
        "Diluted EPS": -0.12,
        "Total Revenue": 183,
        "Gross Profit": 14,
        "Operating Income": -3,
        "EBIT": 1,
        "Net Income": -3
    },
    "2020-06-30": {
        "Diluted EPS": -0.21,
        "Total Revenue": 196,
        "Gross Profit": 19,
        "Operating Income": -8,
        "EBIT": -3,
        "Net Income": -6
    },
    "2020-03-31": {
        "Diluted EPS": -0.21,
        "Total Revenue": 248,
        "Gross Profit": 20,
        "Operating Income": -6,
        "EBIT": -1,
        "Net Income": -5
    },
    "2019-12-31": {
        "Diluted EPS": -1.04,
        "Total Revenue": 319,
        "Gross Profit": 30,
        "Operating Income": -32,
        "EBIT": 12,
        "Net Income": -28
    },
    "2019-09-30": {
        "Diluted EPS": 0.22,
        "Total Revenue": 338,
        "Gross Profit": 32,
        "Operating Income": 9,
        "EBIT": 14,
        "Net Income": 6
    },
    "2019-06-30": {
        "Diluted EPS": 0.46,
        "Total Revenue": 399,
        "Gross Profit": 44,
        "Operating Income": 17,
        "EBIT": 22,
        "Net Income": 13
    },
    "2019-03-31": {
        "Diluted EPS": 0.33,
        "Total Revenue": 359,
        "Gross Profit": 37,
        "Operating Income": 13,
        "EBIT": 17,
        "Net Income": 9
    },
    "2018-12-31": {
        "Diluted EPS": 0.14,
        "Total Revenue": 341,
        "Gross Profit": 28,
        "Operating Income": 6,
        "EBIT": 10,
        "Net Income": 4
    },
    "2018-09-30": {
        "Diluted EPS": 0.08,
        "Total Revenue": 319,
        "Gross Profit": 23,
        "Operating Income": 2,
        "EBIT": 7,
        "Net Income": 2
    },
    "2018-06-30": {
        "Diluted EPS": -0.55,
        "Total Revenue": 293,
        "Gross Profit": 21,
        "Operating Income": -17,
        "EBIT": 6,
        "Net Income": -15
    },
    "2018-03-31": {
        "Diluted EPS": -0.19,
        "Total Revenue": 246,
        "Gross Profit": 15,
        "Operating Income": -6,
        "EBIT": -1,
        "Net Income": -5
    },
    "2017-12-31": {
        "Diluted EPS": 0.17,
        "Total Revenue": 283,
        "Gross Profit": 27,
        "Operating Income": 5,
        "EBIT": 10,
        "Net Income": 5
    },
    "2017-09-30": {
        "Diluted EPS": 0.14,
        "Total Revenue": 270,
        "Gross Profit": 29,
        "Operating Income": 7,
        "EBIT": 13,
        "Net Income": 4
    },
    "2017-06-30": {
        "Diluted EPS": -0.04,
        "Total Revenue": 292,
        "Gross Profit": 23,
        "Operating Income": 4,
        "EBIT": 9,
        "Net Income": -1
    },
    "2017-03-31": {
        "Diluted EPS": -0.52,
        "Total Revenue": 251,
        "Gross Profit": -3,
        "Operating Income": -21,
        "EBIT": -15,
        "Net Income": -14
    },
    "2016-12-31": {
        "Diluted EPS": 0.2,
        "Total Revenue": 313,
        "Gross Profit": 28,
        "Operating Income": 8,
        "EBIT": 13,
        "Net Income": 5
    },
    "2016-09-30": {
        "Diluted EPS": 0.35,
        "Total Revenue": 342,
        "Gross Profit": 32,
        "Operating Income": 14,
        "EBIT": 19,
        "Net Income": 9
    },
    "2016-06-30": {
        "Diluted EPS": 0.34,
        "Total Revenue": 360,
        "Gross Profit": 34,
        "Operating Income": 14,
        "EBIT": 20,
        "Net Income": 9
    },
    "2016-03-31": {
        "Diluted EPS": 0.16,
        "Total Revenue": 309,
        "Gross Profit": 27,
        "Operating Income": 6,
        "EBIT": 12,
        "Net Income": 4
    },
    "2015-12-31": {
        "Diluted EPS": 0.2,
        "Total Revenue": 324,
        "Gross Profit": 30,
        "Operating Income": 5,
        "EBIT": 10,
        "Net Income": 5
    },
    "2015-09-30": {
        "Diluted EPS": 0.37,
        "Total Revenue": 319,
        "Gross Profit": 35,
        "Operating Income": 15,
        "EBIT": 21,
        "Net Income": 10
    },
    "2015-06-30": {
        "Diluted EPS": 0.4,
        "Total Revenue": 364,
        "Gross Profit": 40,
        "Operating Income": 18,
        "EBIT": 25,
        "Net Income": 11
    },
    "2015-03-31": {
        "Diluted EPS": -0.11,
        "Total Revenue": 314,
        "Gross Profit": 3,
        "Operating Income": -14,
        "EBIT": -9,
        "Net Income": -3
    },
    "2014-12-31": {
        "Diluted EPS": 0.12,
        "Total Revenue": 343,
        "Gross Profit": 16,
        "Operating Income": -4,
        "EBIT": 2,
        "Net Income": 3
    },
    "2014-09-30": {
        "Diluted EPS": 0.22,
        "Total Revenue": 322,
        "Gross Profit": 28,
        "Operating Income": 9,
        "EBIT": 14,
        "Net Income": 6
    },
    "2014-06-30": {
        "Diluted EPS": 0.28,
        "Total Revenue": 344,
        "Gross Profit": 37,
        "Operating Income": 14,
        "EBIT": 20,
        "Net Income": 8
    },
    "2014-03-31": {
        "Diluted EPS": 0.42,
        "Total Revenue": 382,
        "Gross Profit": 40,
        "Operating Income": 19,
        "EBIT": 24,
        "Net Income": 11
    },
    "2013-12-31": {
        "Diluted EPS": 0.38,
        "Total Revenue": 311,
        "Gross Profit": 34,
        "Operating Income": 15,
        "EBIT": 19,
        "Net Income": 10
    },
    "2013-09-30": {
        "Diluted EPS": 0.25,
        "Total Revenue": 226,
        "Gross Profit": 25,
        "Operating Income": 11,
        "EBIT": 14,
        "Net Income": 7
    },
    "2013-06-30": {
        "Diluted EPS": 0.27,
        "Total Revenue": 236,
        "Gross Profit": 27,
        "Operating Income": 12,
        "EBIT": 15,
        "Net Income": 7
    },
    "2013-03-31": {
        "Diluted EPS": 0.25,
        "Total Revenue": 226,
        "Gross Profit": 23,
        "Operating Income": 8,
        "EBIT": 12,
        "Net Income": 7
    },
    "2012-12-31": {
        "Diluted EPS": 0.21,
        "Total Revenue": 221,
        "Gross Profit": 22,
        "Operating Income": 9,
        "EBIT": 12,
        "Net Income": 5
    },
    "2012-09-30": {
        "Diluted EPS": 0.18,
        "Total Revenue": 210,
        "Gross Profit": 22,
        "Operating Income": 8,
        "EBIT": 11,
        "Net Income": 5
    },
    "2012-06-30": {
        "Diluted EPS": 0.06,
        "Total Revenue": 185,
        "Gross Profit": 19,
        "Operating Income": 6,
        "EBIT": 9,
        "Net Income": 2
    },
    "2012-03-31": {
        "Diluted EPS": 0.19,
        "Total Revenue": 184,
        "Gross Profit": 20,
        "Operating Income": 7,
        "EBIT": 10,
        "Net Income": 5
    },
    "2011-12-31": {
        "Diluted EPS": 0.27,
        "Total Revenue": 201,
        "Gross Profit": 23,
        "Operating Income": 11,
        "EBIT": 14,
        "Net Income": 7
    },
    "2011-09-30": {
        "Diluted EPS": 0.13,
        "Total Revenue": 169,
        "Gross Profit": 18,
        "Operating Income": 7,
        "EBIT": 9,
        "Net Income": 4
    },
    "2011-06-30": {
        "Diluted EPS": 0.21,
        "Total Revenue": 164,
        "Gross Profit": 21,
        "Operating Income": 10,
        "EBIT": 12,
        "Net Income": 6
    },
    "2011-03-31": {
        "Diluted EPS": 0.18,
        "Total Revenue": 136,
        "Gross Profit": 19,
        "Operating Income": 8,
        "EBIT": 10,
        "Net Income": 5
    },
    "2010-12-31": {
        "Diluted EPS": 0.2,
        "Total Revenue": 175,
        "Gross Profit": 20,
        "Operating Income": 9,
        "EBIT": 11,
        "Net Income": 5
    },
    "2010-09-30": {
        "Diluted EPS": 0.12,
        "Total Revenue": 152,
        "Gross Profit": 16,
        "Operating Income": 5,
        "EBIT": 8,
        "Net Income": 3
    },
    "2010-06-30": {
        "Diluted EPS": -0.16,
        "Total Revenue": 141,
        "Gross Profit": 4,
        "Operating Income": -7,
        "EBIT": -4,
        "Net Income": -4
    },
    "2010-03-31": {
        "Diluted EPS": 0.0,
        "Total Revenue": 122,
        "Gross Profit": 13,
        "Operating Income": 0,
        "EBIT": 3,
        "Net Income": 0
    },
    "2009-12-31": {
        "Diluted EPS": 0.17,
        "Total Revenue": 150,
        "Gross Profit": 18,
        "Operating Income": 7,
        "EBIT": 10,
        "Net Income": 5
    },
    "2009-09-30": {
        "Diluted EPS": 0.17,
        "Total Revenue": 138,
        "Gross Profit": 17,
        "Operating Income": 7,
        "EBIT": 10,
        "Net Income": 5
    },
    "2009-05-31": {
        "Diluted EPS": 0.0,
        "Total Revenue": NaN,
        "Gross Profit": NaN,
        "Operating Income": NaN,
        "EBIT": NaN,
        "Net Income": NaN
    },
    "2009-03-31": {
        "Diluted EPS": 0.16,
        "Total Revenue": 146,
        "Gross Profit": 18,
        "Operating Income": 7,
        "EBIT": 10,
        "Net Income": 4
    },
    "2009-02-28": {
        "Diluted EPS": 0.16,
        "Total Revenue": 146,
        "Gross Profit": 18,
        "Operating Income": 7,
        "EBIT": 10,
        "Net Income": 4
    }
}