{
    "2023-03-31": {
        "Tax Effect Of Unusual Items": 310.8,
        "Tax Rate For Calcs": 0.0014,
        "Normalized EBITDA": -52625000.0,
        "Total Unusual Items": 222000.0,
        "Total Unusual Items Excluding Goodwill": 222000.0,
        "Net Income From Continuing Operation Net Minority Interest": -53842000.0,
        "Reconciled Depreciation": 4391000.0,
        "Reconciled Cost Of Revenue": 21582000.0,
        "EBITDA": -52403000.0,
        "EBIT": -56794000.0,
        "Net Interest Income": 1471000.0,
        "Interest Expense": NaN,
        "Interest Income": 1471000.0,
        "Normalized Income": -54063689.2,
        "Net Income From Continuing And Discontinued Operation": -53842000.0,
        "Total Expenses": 94788000.0,
        "Total Operating Income As Reported": -56794000.0,
        "Diluted Average Shares": 293074000.0,
        "Basic Average Shares": 293074000.0,
        "Diluted EPS": -0.18,
        "Basic EPS": -0.18,
        "Diluted NI Availto Com Stockholders": -53842000.0,
        "Net Income Common Stockholders": -53842000.0,
        "Net Income": -53842000.0,
        "Net Income Including Noncontrolling Interests": -53842000.0,
        "Net Income Continuous Operations": -53842000.0,
        "Tax Provision": -76000.0,
        "Pretax Income": -53918000.0,
        "Other Income Expense": 1405000.0,
        "Other Non Operating Income Expenses": 1183000.0,
        "Special Income Charges": 0.0,
        "Restructuring And Mergern Acquisition": 0.0,
        "Gain On Sale Of Security": 222000.0,
        "Net Non Operating Interest Income Expense": 1471000.0,
        "Interest Expense Non Operating": NaN,
        "Interest Income Non Operating": 1471000.0,
        "Operating Income": -56794000.0,
        "Operating Expense": 73206000.0,
        "Research And Development": 18273000.0,
        "Selling General And Administration": 54933000.0,
        "Gross Profit": 16412000.0,
        "Cost Of Revenue": 21582000.0,
        "Total Revenue": 37994000.0,
        "Operating Revenue": 37994000.0
    },
    "2022-12-31": {
        "Tax Effect Of Unusual Items": NaN,
        "Tax Rate For Calcs": NaN,
        "Normalized EBITDA": NaN,
        "Total Unusual Items": NaN,
        "Total Unusual Items Excluding Goodwill": NaN,
        "Net Income From Continuing Operation Net Minority Interest": NaN,
        "Reconciled Depreciation": NaN,
        "Reconciled Cost Of Revenue": NaN,
        "EBITDA": NaN,
        "EBIT": NaN,
        "Net Interest Income": NaN,
        "Interest Expense": 0.0,
        "Interest Income": NaN,
        "Normalized Income": NaN,
        "Net Income From Continuing And Discontinued Operation": NaN,
        "Total Expenses": NaN,
        "Total Operating Income As Reported": NaN,
        "Diluted Average Shares": NaN,
        "Basic Average Shares": NaN,
        "Diluted EPS": NaN,
        "Basic EPS": NaN,
        "Diluted NI Availto Com Stockholders": NaN,
        "Net Income Common Stockholders": NaN,
        "Net Income": NaN,
        "Net Income Including Noncontrolling Interests": NaN,
        "Net Income Continuous Operations": NaN,
        "Tax Provision": NaN,
        "Pretax Income": NaN,
        "Other Income Expense": NaN,
        "Other Non Operating Income Expenses": NaN,
        "Special Income Charges": 0.0,
        "Restructuring And Mergern Acquisition": 0.0,
        "Gain On Sale Of Security": NaN,
        "Net Non Operating Interest Income Expense": NaN,
        "Interest Expense Non Operating": 0.0,
        "Interest Income Non Operating": NaN,
        "Operating Income": NaN,
        "Operating Expense": NaN,
        "Research And Development": NaN,
        "Selling General And Administration": NaN,
        "Gross Profit": NaN,
        "Cost Of Revenue": NaN,
        "Total Revenue": NaN,
        "Operating Revenue": NaN
    },
    "2022-09-30": {
        "Tax Effect Of Unusual Items": NaN,
        "Tax Rate For Calcs": NaN,
        "Normalized EBITDA": NaN,
        "Total Unusual Items": NaN,
        "Total Unusual Items Excluding Goodwill": NaN,
        "Net Income From Continuing Operation Net Minority Interest": NaN,
        "Reconciled Depreciation": NaN,
        "Reconciled Cost Of Revenue": NaN,
        "EBITDA": NaN,
        "EBIT": NaN,
        "Net Interest Income": NaN,
        "Interest Expense": 0.0,
        "Interest Income": NaN,
        "Normalized Income": NaN,
        "Net Income From Continuing And Discontinued Operation": NaN,
        "Total Expenses": NaN,
        "Total Operating Income As Reported": NaN,
        "Diluted Average Shares": NaN,
        "Basic Average Shares": NaN,
        "Diluted EPS": NaN,
        "Basic EPS": NaN,
        "Diluted NI Availto Com Stockholders": NaN,
        "Net Income Common Stockholders": NaN,
        "Net Income": NaN,
        "Net Income Including Noncontrolling Interests": NaN,
        "Net Income Continuous Operations": NaN,
        "Tax Provision": NaN,
        "Pretax Income": NaN,
        "Other Income Expense": NaN,
        "Other Non Operating Income Expenses": NaN,
        "Special Income Charges": NaN,
        "Restructuring And Mergern Acquisition": NaN,
        "Gain On Sale Of Security": NaN,
        "Net Non Operating Interest Income Expense": NaN,
        "Interest Expense Non Operating": 0.0,
        "Interest Income Non Operating": NaN,
        "Operating Income": NaN,
        "Operating Expense": NaN,
        "Research And Development": NaN,
        "Selling General And Administration": NaN,
        "Gross Profit": NaN,
        "Cost Of Revenue": NaN,
        "Total Revenue": NaN,
        "Operating Revenue": NaN
    },
    "2022-06-30": {
        "Tax Effect Of Unusual Items": 1885600.0,
        "Tax Rate For Calcs": 0.4,
        "Normalized EBITDA": -65959000.0,
        "Total Unusual Items": 4714000.0,
        "Total Unusual Items Excluding Goodwill": 4714000.0,
        "Net Income From Continuing Operation Net Minority Interest": -64634000.0,
        "Reconciled Depreciation": 3100000.0,
        "Reconciled Cost Of Revenue": 16768000.0,
        "EBITDA": -61245000.0,
        "EBIT": -64345000.0,
        "Net Interest Income": 1484000.0,
        "Interest Expense": 0.0,
        "Interest Income": 1484000.0,
        "Normalized Income": -67462400.0,
        "Net Income From Continuing And Discontinued Operation": -64634000.0,
        "Total Expenses": 97671000.0,
        "Total Operating Income As Reported": -69190000.0,
        "Diluted Average Shares": 283405000.0,
        "Basic Average Shares": 283405000.0,
        "Diluted EPS": -0.23,
        "Basic EPS": -0.23,
        "Diluted NI Availto Com Stockholders": -64634000.0,
        "Net Income Common Stockholders": -64634000.0,
        "Net Income": -64634000.0,
        "Net Income Including Noncontrolling Interests": -64634000.0,
        "Net Income Continuous Operations": -64634000.0,
        "Tax Provision": 289000.0,
        "Pretax Income": -64345000.0,
        "Other Income Expense": 3361000.0,
        "Other Non Operating Income Expenses": -1353000.0,
        "Special Income Charges": 0.0,
        "Restructuring And Mergern Acquisition": 0.0,
        "Gain On Sale Of Security": 4714000.0,
        "Net Non Operating Interest Income Expense": 1484000.0,
        "Interest Expense Non Operating": 0.0,
        "Interest Income Non Operating": 1484000.0,
        "Operating Income": -69190000.0,
        "Operating Expense": 80903000.0,
        "Research And Development": 21518000.0,
        "Selling General And Administration": 59385000.0,
        "Gross Profit": 11713000.0,
        "Cost Of Revenue": 16768000.0,
        "Total Revenue": 28481000.0,
        "Operating Revenue": 28481000.0
    },
    "2022-03-31": {
        "Diluted EPS": 0.23,
        "Total Revenue": 29,
        "Gross Profit": 12,
        "Operating Income": -85,
        "EBIT": -82,
        "Net Income": 72
    },
    "2021-12-31": {
        "Diluted EPS": -1.5,
        "Total Revenue": 27,
        "Gross Profit": 11,
        "Operating Income": -95,
        "EBIT": -93,
        "Net Income": -161
    },
    "2021-09-30": {
        "Diluted EPS": -0.86,
        "Total Revenue": 28,
        "Gross Profit": 14,
        "Operating Income": -44,
        "EBIT": -42,
        "Net Income": -168
    },
    "2021-06-30": {
        "Diluted EPS": -0.15,
        "Total Revenue": 30,
        "Gross Profit": 18,
        "Operating Income": -6,
        "EBIT": -4,
        "Net Income": -6
    },
    "2021-03-31": {
        "Diluted EPS": -0.07,
        "Total Revenue": 27,
        "Gross Profit": 17,
        "Operating Income": -2,
        "EBIT": -1,
        "Net Income": -3
    },
    "2020-12-31": {
        "Diluted EPS": 0.0,
        "Total Revenue": NaN,
        "Gross Profit": NaN,
        "Operating Income": NaN,
        "EBIT": NaN,
        "Net Income": NaN
    },
    "2020-09-30": {
        "Diluted EPS": 0.0,
        "Total Revenue": 25,
        "Gross Profit": 15,
        "Operating Income": 1,
        "EBIT": 1,
        "Net Income": NaN
    },
    "2023-06-30": {
        "Tax Effect Of Unusual Items": -35910.0,
        "Tax Rate For Calcs": 0.21,
        "Normalized EBITDA": -54024000.0,
        "Total Unusual Items": -171000.0,
        "Total Unusual Items Excluding Goodwill": -171000.0,
        "Net Income From Continuing Operation Net Minority Interest": -56536000.0,
        "Reconciled Depreciation": 4711000.0,
        "Reconciled Cost Of Revenue": 23604000.0,
        "EBITDA": -54195000.0,
        "EBIT": -58906000.0,
        "Net Interest Income": 1481000.0,
        "Interest Expense": NaN,
        "Interest Income": 1481000.0,
        "Normalized Income": -56400910.0,
        "Net Income From Continuing And Discontinued Operation": -56536000.0,
        "Total Expenses": 98473000.0,
        "Total Operating Income As Reported": -58906000.0,
        "Diluted Average Shares": 298096000.0,
        "Basic Average Shares": 298096000.0,
        "Diluted EPS": -0.19,
        "Basic EPS": -0.19,
        "Diluted NI Availto Com Stockholders": -56536000.0,
        "Net Income Common Stockholders": -56536000.0,
        "Net Income": -56536000.0,
        "Net Income Including Noncontrolling Interests": -56536000.0,
        "Net Income Continuous Operations": -56536000.0,
        "Tax Provision": 163000.0,
        "Pretax Income": -56373000.0,
        "Other Income Expense": 1052000.0,
        "Other Non Operating Income Expenses": 1223000.0,
        "Special Income Charges": 0.0,
        "Restructuring And Mergern Acquisition": 0.0,
        "Gain On Sale Of Security": -171000.0,
        "Net Non Operating Interest Income Expense": 1481000.0,
        "Interest Expense Non Operating": NaN,
        "Interest Income Non Operating": 1481000.0,
        "Operating Income": -58906000.0,
        "Operating Expense": 74869000.0,
        "Research And Development": 18861000.0,
        "Selling General And Administration": 56008000.0,
        "Gross Profit": 15963000.0,
        "Cost Of Revenue": 23604000.0,
        "Total Revenue": 39567000.0,
        "Operating Revenue": 39567000.0
    },
    "2023-09-30": {
        "Tax Effect Of Unusual Items": 107730.0,
        "Tax Rate For Calcs": 0.21,
        "Normalized EBITDA": -44884000.0,
        "Total Unusual Items": 513000.0,
        "Total Unusual Items Excluding Goodwill": 513000.0,
        "Net Income From Continuing Operation Net Minority Interest": -44754000.0,
        "Reconciled Depreciation": 5028000.0,
        "Reconciled Cost Of Revenue": 20745000.0,
        "EBITDA": -44371000.0,
        "EBIT": -49399000.0,
        "Net Interest Income": 1573000.0,
        "Interest Expense": NaN,
        "Interest Income": 1573000.0,
        "Normalized Income": -45159270.0,
        "Net Income From Continuing And Discontinued Operation": -44754000.0,
        "Total Expenses": 90041000.0,
        "Total Operating Income As Reported": -49399000.0,
        "Diluted Average Shares": 303432000.0,
        "Basic Average Shares": 303432000.0,
        "Diluted EPS": -0.15,
        "Basic EPS": -0.15,
        "Diluted NI Availto Com Stockholders": -44754000.0,
        "Net Income Common Stockholders": -44754000.0,
        "Net Income": -44754000.0,
        "Net Income Including Noncontrolling Interests": -44754000.0,
        "Net Income Continuous Operations": -44754000.0,
        "Tax Provision": 110000.0,
        "Pretax Income": -44644000.0,
        "Other Income Expense": 3182000.0,
        "Other Non Operating Income Expenses": 2669000.0,
        "Special Income Charges": 0.0,
        "Restructuring And Mergern Acquisition": 0.0,
        "Gain On Sale Of Security": 513000.0,
        "Net Non Operating Interest Income Expense": 1573000.0,
        "Interest Expense Non Operating": NaN,
        "Interest Income Non Operating": 1573000.0,
        "Operating Income": -49399000.0,
        "Operating Expense": 69296000.0,
        "Research And Development": 15577000.0,
        "Selling General And Administration": 53719000.0,
        "Gross Profit": 19897000.0,
        "Cost Of Revenue": 20745000.0,
        "Total Revenue": 40642000.0,
        "Operating Revenue": 40642000.0
    },
    "2023-12-31": {
        "Tax Effect Of Unusual Items": -15.082579,
        "Tax Rate For Calcs": 0.000296,
        "Normalized EBITDA": -28436000.0,
        "Total Unusual Items": -51000.0,
        "Total Unusual Items Excluding Goodwill": -51000.0,
        "Net Income From Continuing Operation Net Minority Interest": -43945000.0,
        "Reconciled Depreciation": 5307000.0,
        "Reconciled Cost Of Revenue": 21327000.0,
        "EBITDA": -28487000.0,
        "EBIT": -33794000.0,
        "Net Interest Income": 1881000.0,
        "Interest Expense": NaN,
        "Interest Income": 1881000.0,
        "Normalized Income": -43894015.082579,
        "Net Income From Continuing And Discontinued Operation": -43945000.0,
        "Total Expenses": 88685000.0,
        "Total Operating Income As Reported": -49140000.0,
        "Diluted Average Shares": 308030000.0,
        "Basic Average Shares": 308030000.0,
        "Diluted EPS": -0.14,
        "Basic EPS": -0.14,
        "Diluted NI Availto Com Stockholders": -43945000.0,
        "Net Income Common Stockholders": -43945000.0,
        "Net Income": -43945000.0,
        "Net Income Including Noncontrolling Interests": -43945000.0,
        "Net Income Continuous Operations": -43945000.0,
        "Tax Provision": -13000.0,
        "Pretax Income": -43958000.0,
        "Other Income Expense": 3301000.0,
        "Other Non Operating Income Expenses": 3352000.0,
        "Special Income Charges": 0.0,
        "Restructuring And Mergern Acquisition": 0.0,
        "Gain On Sale Of Security": -51000.0,
        "Net Non Operating Interest Income Expense": 1881000.0,
        "Interest Expense Non Operating": NaN,
        "Interest Income Non Operating": 1881000.0,
        "Operating Income": -49140000.0,
        "Operating Expense": 67358000.0,
        "Research And Development": 14594000.0,
        "Selling General And Administration": 52764000.0,
        "Gross Profit": 18218000.0,
        "Cost Of Revenue": 21327000.0,
        "Total Revenue": 39545000.0,
        "Operating Revenue": 39545000.0
    },
    "2024-03-31": {
        "Tax Effect Of Unusual Items": -48000.0,
        "Tax Rate For Calcs": 0.4,
        "Normalized EBITDA": -35088000.0,
        "Total Unusual Items": -120000.0,
        "Total Unusual Items Excluding Goodwill": -120000.0,
        "Net Income From Continuing Operation Net Minority Interest": -36128000.0,
        "Reconciled Depreciation": 5576000.0,
        "Reconciled Cost Of Revenue": 20280000.0,
        "EBITDA": -35208000.0,
        "EBIT": -40784000.0,
        "Net Interest Income": 2264000.0,
        "Interest Expense": NaN,
        "Interest Income": 2264000.0,
        "Normalized Income": -36056000.0,
        "Net Income From Continuing And Discontinued Operation": -36128000.0,
        "Total Expenses": 80656000.0,
        "Total Operating Income As Reported": -40784000.0,
        "Diluted Average Shares": 313008000.0,
        "Basic Average Shares": 313008000.0,
        "Diluted EPS": -0.12,
        "Basic EPS": -0.12,
        "Diluted NI Availto Com Stockholders": -36128000.0,
        "Net Income Common Stockholders": -36128000.0,
        "Net Income": -36128000.0,
        "Net Income Including Noncontrolling Interests": -36128000.0,
        "Net Income Continuous Operations": -36128000.0,
        "Tax Provision": 41000.0,
        "Pretax Income": -36087000.0,
        "Other Income Expense": 2433000.0,
        "Other Non Operating Income Expenses": 2553000.0,
        "Special Income Charges": NaN,
        "Restructuring And Mergern Acquisition": NaN,
        "Gain On Sale Of Security": -120000.0,
        "Net Non Operating Interest Income Expense": 2264000.0,
        "Interest Expense Non Operating": NaN,
        "Interest Income Non Operating": 2264000.0,
        "Operating Income": -40784000.0,
        "Operating Expense": 60376000.0,
        "Research And Development": 14900000.0,
        "Selling General And Administration": 45476000.0,
        "Gross Profit": 19592000.0,
        "Cost Of Revenue": 20280000.0,
        "Total Revenue": 39872000.0,
        "Operating Revenue": 39872000.0
    }
}