{
    "2023-03-31": {
        "Tax Effect Of Unusual Items": 0.0,
        "Tax Rate For Calcs": 0.202899,
        "Normalized EBITDA": 43700000.0,
        "Total Unusual Items": 0.0,
        "Total Unusual Items Excluding Goodwill": 0.0,
        "Net Income From Continuing Operation Net Minority Interest": 16500000.0,
        "Reconciled Depreciation": 14900000.0,
        "Reconciled Cost Of Revenue": 388100000.0,
        "EBITDA": 43700000.0,
        "EBIT": 28800000.0,
        "Net Interest Income": -8400000.0,
        "Interest Expense": 8100000.0,
        "Normalized Income": 16500000.0,
        "Net Income From Continuing And Discontinued Operation": 16500000.0,
        "Total Expenses": 478100000.0,
        "Total Operating Income As Reported": 30200000.0,
        "Diluted Average Shares": 35748021.0,
        "Basic Average Shares": 35121473.0,
        "Diluted EPS": 0.46,
        "Basic EPS": 0.47,
        "Diluted NI Availto Com Stockholders": 16500000.0,
        "Net Income Common Stockholders": 16500000.0,
        "Net Income": 16500000.0,
        "Net Income Including Noncontrolling Interests": 16500000.0,
        "Net Income Continuous Operations": 16500000.0,
        "Tax Provision": 4200000.0,
        "Pretax Income": 20700000.0,
        "Other Income Expense": -1100000.0,
        "Other Non Operating Income Expenses": -1100000.0,
        "Special Income Charges": 0.0,
        "Write Off": NaN,
        "Restructuring And Mergern Acquisition": 0.0,
        "Net Non Operating Interest Income Expense": -8400000.0,
        "Total Other Finance Cost": 300000.0,
        "Interest Expense Non Operating": 8100000.0,
        "Operating Income": 30200000.0,
        "Operating Expense": 76100000.0,
        "Depreciation Amortization Depletion Income Statement": 1000000.0,
        "Depreciation And Amortization In Income Statement": 1000000.0,
        "Amortization": 1000000.0,
        "Amortization Of Intangibles Income Statement": 1000000.0,
        "Selling General And Administration": 75100000.0,
        "Gross Profit": 106300000.0,
        "Cost Of Revenue": 402000000.0,
        "Total Revenue": 508300000.0,
        "Operating Revenue": 508300000.0
    },
    "2022-12-31": {
        "Tax Effect Of Unusual Items": NaN,
        "Tax Rate For Calcs": NaN,
        "Normalized EBITDA": NaN,
        "Total Unusual Items": NaN,
        "Total Unusual Items Excluding Goodwill": NaN,
        "Net Income From Continuing Operation Net Minority Interest": NaN,
        "Reconciled Depreciation": NaN,
        "Reconciled Cost Of Revenue": NaN,
        "EBITDA": NaN,
        "EBIT": NaN,
        "Net Interest Income": NaN,
        "Interest Expense": NaN,
        "Normalized Income": NaN,
        "Net Income From Continuing And Discontinued Operation": NaN,
        "Total Expenses": NaN,
        "Total Operating Income As Reported": NaN,
        "Diluted Average Shares": NaN,
        "Basic Average Shares": NaN,
        "Diluted EPS": NaN,
        "Basic EPS": NaN,
        "Diluted NI Availto Com Stockholders": NaN,
        "Net Income Common Stockholders": NaN,
        "Net Income": NaN,
        "Net Income Including Noncontrolling Interests": NaN,
        "Net Income Continuous Operations": NaN,
        "Tax Provision": NaN,
        "Pretax Income": NaN,
        "Other Income Expense": NaN,
        "Other Non Operating Income Expenses": NaN,
        "Special Income Charges": NaN,
        "Write Off": 171900000.0,
        "Restructuring And Mergern Acquisition": NaN,
        "Net Non Operating Interest Income Expense": NaN,
        "Total Other Finance Cost": NaN,
        "Interest Expense Non Operating": NaN,
        "Operating Income": NaN,
        "Operating Expense": NaN,
        "Depreciation Amortization Depletion Income Statement": NaN,
        "Depreciation And Amortization In Income Statement": NaN,
        "Amortization": NaN,
        "Amortization Of Intangibles Income Statement": NaN,
        "Selling General And Administration": NaN,
        "Gross Profit": NaN,
        "Cost Of Revenue": NaN,
        "Total Revenue": NaN,
        "Operating Revenue": NaN
    },
    "2022-09-30": {
        "Tax Effect Of Unusual Items": NaN,
        "Tax Rate For Calcs": NaN,
        "Normalized EBITDA": NaN,
        "Total Unusual Items": NaN,
        "Total Unusual Items Excluding Goodwill": NaN,
        "Net Income From Continuing Operation Net Minority Interest": NaN,
        "Reconciled Depreciation": NaN,
        "Reconciled Cost Of Revenue": NaN,
        "EBITDA": NaN,
        "EBIT": NaN,
        "Net Interest Income": NaN,
        "Interest Expense": NaN,
        "Normalized Income": NaN,
        "Net Income From Continuing And Discontinued Operation": NaN,
        "Total Expenses": NaN,
        "Total Operating Income As Reported": NaN,
        "Diluted Average Shares": NaN,
        "Basic Average Shares": NaN,
        "Diluted EPS": NaN,
        "Basic EPS": NaN,
        "Diluted NI Availto Com Stockholders": NaN,
        "Net Income Common Stockholders": NaN,
        "Net Income": NaN,
        "Net Income Including Noncontrolling Interests": NaN,
        "Net Income Continuous Operations": NaN,
        "Tax Provision": NaN,
        "Pretax Income": NaN,
        "Other Income Expense": NaN,
        "Other Non Operating Income Expenses": NaN,
        "Special Income Charges": NaN,
        "Write Off": 0.0,
        "Impairment Of Capital Assets": 0.0,
        "Restructuring And Mergern Acquisition": NaN,
        "Net Non Operating Interest Income Expense": NaN,
        "Total Other Finance Cost": NaN,
        "Interest Expense Non Operating": NaN,
        "Operating Income": NaN,
        "Operating Expense": NaN,
        "Depreciation Amortization Depletion Income Statement": NaN,
        "Depreciation And Amortization In Income Statement": NaN,
        "Amortization": NaN,
        "Amortization Of Intangibles Income Statement": NaN,
        "Selling General And Administration": NaN,
        "Gross Profit": NaN,
        "Cost Of Revenue": NaN,
        "Total Revenue": NaN,
        "Operating Revenue": NaN
    },
    "2022-06-30": {
        "Tax Effect Of Unusual Items": -120000.0,
        "Tax Rate For Calcs": 0.4,
        "Normalized EBITDA": 32600000.0,
        "Total Unusual Items": -300000.0,
        "Total Unusual Items Excluding Goodwill": -300000.0,
        "Net Income From Continuing Operation Net Minority Interest": 15100000.0,
        "Reconciled Depreciation": 16400000.0,
        "Reconciled Cost Of Revenue": 392900000.0,
        "EBITDA": 32300000.0,
        "EBIT": 15900000.0,
        "Net Interest Income": -8200000.0,
        "Interest Expense": 7900000.0,
        "Normalized Income": 15280000.0,
        "Net Income From Continuing And Discontinued Operation": 15100000.0,
        "Total Expenses": 478600000.0,
        "Total Operating Income As Reported": 18300000.0,
        "Diluted Average Shares": 35550942.0,
        "Basic Average Shares": 35283969.0,
        "Diluted EPS": 0.42,
        "Basic EPS": 0.43,
        "Diluted NI Availto Com Stockholders": 15100000.0,
        "Net Income Common Stockholders": 15100000.0,
        "Net Income": 15100000.0,
        "Net Income Including Noncontrolling Interests": 15100000.0,
        "Net Income Continuous Operations": 15100000.0,
        "Tax Provision": -7100000.0,
        "Pretax Income": 8000000.0,
        "Other Income Expense": -2400000.0,
        "Other Non Operating Income Expenses": -2100000.0,
        "Special Income Charges": -300000.0,
        "Write Off": NaN,
        "Impairment Of Capital Assets": NaN,
        "Restructuring And Mergern Acquisition": 300000.0,
        "Net Non Operating Interest Income Expense": -8200000.0,
        "Total Other Finance Cost": 300000.0,
        "Interest Expense Non Operating": 7900000.0,
        "Operating Income": 18600000.0,
        "Operating Expense": 70100000.0,
        "Depreciation Amortization Depletion Income Statement": 800000.0,
        "Depreciation And Amortization In Income Statement": 800000.0,
        "Amortization": 800000.0,
        "Amortization Of Intangibles Income Statement": 800000.0,
        "Selling General And Administration": 69300000.0,
        "Gross Profit": 88700000.0,
        "Cost Of Revenue": 408500000.0,
        "Total Revenue": 497200000.0,
        "Operating Revenue": 497200000.0
    },
    "2022-03-31": {
        "Diluted EPS": 0.09,
        "Total Revenue": 459,
        "Gross Profit": 85,
        "Operating Income": 18,
        "EBIT": 35,
        "Net Income": 3
    },
    "2021-12-31": {
        "Diluted EPS": -0.09,
        "Total Revenue": 498,
        "Gross Profit": 79,
        "Operating Income": 2,
        "EBIT": 19,
        "Net Income": -4
    },
    "2021-09-30": {
        "Diluted EPS": -0.01,
        "Total Revenue": 405,
        "Gross Profit": 69,
        "Operating Income": 7,
        "EBIT": 18,
        "Net Income": 0
    },
    "2021-06-30": {
        "Diluted EPS": 0.5,
        "Total Revenue": 464,
        "Gross Profit": 90,
        "Operating Income": 27,
        "EBIT": 37,
        "Net Income": 18
    },
    "2021-03-31": {
        "Diluted EPS": -0.09,
        "Total Revenue": 354,
        "Gross Profit": 68,
        "Operating Income": 11,
        "EBIT": 21,
        "Net Income": -3
    },
    "2020-12-31": {
        "Diluted EPS": 0.05,
        "Total Revenue": 430,
        "Gross Profit": 78,
        "Operating Income": 23,
        "EBIT": 33,
        "Net Income": 2
    },
    "2020-09-30": {
        "Diluted EPS": -0.01,
        "Total Revenue": 356,
        "Gross Profit": 65,
        "Operating Income": 12,
        "EBIT": 21,
        "Net Income": 0
    },
    "2020-06-30": {
        "Diluted EPS": -0.37,
        "Total Revenue": 328,
        "Gross Profit": 48,
        "Operating Income": -2,
        "EBIT": 8,
        "Net Income": -13
    },
    "2020-03-31": {
        "Diluted EPS": -0.22,
        "Total Revenue": 329,
        "Gross Profit": 63,
        "Operating Income": 6,
        "EBIT": 15,
        "Net Income": -8
    },
    "2019-12-31": {
        "Diluted EPS": 0.26,
        "Total Revenue": 463,
        "Gross Profit": 80,
        "Operating Income": 18,
        "EBIT": 27,
        "Net Income": 9
    },
    "2019-09-30": {
        "Diluted EPS": 0.51,
        "Total Revenue": 448,
        "Gross Profit": 88,
        "Operating Income": 33,
        "EBIT": 42,
        "Net Income": 18
    },
    "2019-06-30": {
        "Diluted EPS": 1.29,
        "Total Revenue": 505,
        "Gross Profit": 95,
        "Operating Income": 42,
        "EBIT": 51,
        "Net Income": 46
    },
    "2019-03-31": {
        "Diluted EPS": -0.75,
        "Total Revenue": 418,
        "Gross Profit": 80,
        "Operating Income": 16,
        "EBIT": 26,
        "Net Income": -27
    },
    "2018-12-31": {
        "Diluted EPS": -2.2,
        "Total Revenue": 515,
        "Gross Profit": 89,
        "Operating Income": -62,
        "EBIT": -53,
        "Net Income": -78
    },
    "2018-09-30": {
        "Diluted EPS": 0.32,
        "Total Revenue": 450,
        "Gross Profit": 80,
        "Operating Income": 17,
        "EBIT": 26,
        "Net Income": 12
    },
    "2018-06-30": {
        "Diluted EPS": 0.27,
        "Total Revenue": 495,
        "Gross Profit": 91,
        "Operating Income": 24,
        "EBIT": 34,
        "Net Income": 10
    },
    "2018-03-31": {
        "Diluted EPS": -0.28,
        "Total Revenue": 386,
        "Gross Profit": 68,
        "Operating Income": 2,
        "EBIT": 11,
        "Net Income": -10
    },
    "2017-12-31": {
        "Diluted EPS": 1.01,
        "Total Revenue": 482,
        "Gross Profit": 81,
        "Operating Income": 9,
        "EBIT": 18,
        "Net Income": 35
    },
    "2017-09-30": {
        "Diluted EPS": 0.27,
        "Total Revenue": 399,
        "Gross Profit": 73,
        "Operating Income": 10,
        "EBIT": 20,
        "Net Income": 10
    },
    "2017-06-30": {
        "Diluted EPS": 0.01,
        "Total Revenue": 395,
        "Gross Profit": 76,
        "Operating Income": 12,
        "EBIT": 22,
        "Net Income": 1
    },
    "2017-03-31": {
        "Diluted EPS": -1.03,
        "Total Revenue": 306,
        "Gross Profit": 52,
        "Operating Income": -22,
        "EBIT": -10,
        "Net Income": -36
    },
    "2016-12-31": {
        "Diluted EPS": -0.95,
        "Total Revenue": 378,
        "Gross Profit": 46,
        "Operating Income": -14,
        "EBIT": -2,
        "Net Income": -33
    },
    "2016-09-30": {
        "Diluted EPS": -4.08,
        "Total Revenue": 350,
        "Gross Profit": 41,
        "Operating Income": -134,
        "EBIT": -122,
        "Net Income": -141
    },
    "2016-06-30": {
        "Diluted EPS": -0.16,
        "Total Revenue": 458,
        "Gross Profit": 87,
        "Operating Income": 4,
        "EBIT": 17,
        "Net Income": -6
    },
    "2016-03-31": {
        "Diluted EPS": -5.72,
        "Total Revenue": 427,
        "Gross Profit": 80,
        "Operating Income": 1,
        "EBIT": 15,
        "Net Income": -196
    },
    "2015-12-31": {
        "Diluted EPS": 1.32,
        "Total Revenue": 543,
        "Gross Profit": 92,
        "Operating Income": -10,
        "EBIT": 6,
        "Net Income": 46
    },
    "2015-09-30": {
        "Diluted EPS": 0.16,
        "Total Revenue": 438,
        "Gross Profit": 70,
        "Operating Income": -8,
        "EBIT": 6,
        "Net Income": 5
    },
    "2015-06-30": {
        "Diluted EPS": 0.68,
        "Total Revenue": 478,
        "Gross Profit": 95,
        "Operating Income": 14,
        "EBIT": 28,
        "Net Income": 23
    },
    "2015-03-31": {
        "Diluted EPS": -0.24,
        "Total Revenue": 407,
        "Gross Profit": 75,
        "Operating Income": -8,
        "EBIT": 5,
        "Net Income": -8
    },
    "2014-12-31": {
        "Diluted EPS": 1.08,
        "Total Revenue": -544,
        "Gross Profit": -273,
        "Operating Income": -123,
        "EBIT": -149,
        "Net Income": 33
    },
    "2014-09-30": {
        "Diluted EPS": 2.12,
        "Total Revenue": 986,
        "Gross Profit": 244,
        "Operating Income": 81,
        "EBIT": 109,
        "Net Income": 73
    },
    "2014-06-30": {
        "Diluted EPS": 1.36,
        "Total Revenue": NaN,
        "Gross Profit": 271,
        "Operating Income": 95,
        "EBIT": 124,
        "Net Income": 47
    },
    "2014-03-31": {
        "Diluted EPS": -0.28,
        "Total Revenue": 850,
        "Gross Profit": 226,
        "Operating Income": 54,
        "EBIT": 78,
        "Net Income": -9
    },
    "2013-12-31": {
        "Diluted EPS": 0.6,
        "Total Revenue": NaN,
        "Gross Profit": 262,
        "Operating Income": 99,
        "EBIT": 124,
        "Net Income": 21
    },
    "2013-09-30": {
        "Diluted EPS": 1.56,
        "Total Revenue": NaN,
        "Gross Profit": 262,
        "Operating Income": 103,
        "EBIT": 129,
        "Net Income": 53
    },
    "2013-06-30": {
        "Diluted EPS": 1.72,
        "Total Revenue": NaN,
        "Gross Profit": 276,
        "Operating Income": 107,
        "EBIT": 135,
        "Net Income": 58
    },
    "2013-03-31": {
        "Diluted EPS": 0.32,
        "Total Revenue": 895,
        "Gross Profit": 222,
        "Operating Income": 56,
        "EBIT": 87,
        "Net Income": 10
    },
    "2012-12-31": {
        "Diluted EPS": 1.01,
        "Total Revenue": NaN,
        "Gross Profit": 255,
        "Operating Income": 89,
        "EBIT": 117,
        "Net Income": 35
    },
    "2012-09-30": {
        "Diluted EPS": 0.68,
        "Total Revenue": 948,
        "Gross Profit": 234,
        "Operating Income": 70,
        "EBIT": 98,
        "Net Income": 22
    },
    "2012-06-30": {
        "Diluted EPS": 1.36,
        "Total Revenue": 997,
        "Gross Profit": 251,
        "Operating Income": 92,
        "EBIT": 120,
        "Net Income": 45
    },
    "2012-03-31": {
        "Diluted EPS": -0.01,
        "Total Revenue": 852,
        "Gross Profit": 203,
        "Operating Income": 46,
        "EBIT": 76,
        "Net Income": 0
    },
    "2011-12-31": {
        "Diluted EPS": 0.44,
        "Total Revenue": 972,
        "Gross Profit": 204,
        "Operating Income": 63,
        "EBIT": 91,
        "Net Income": 15
    },
    "2011-09-30": {
        "Diluted EPS": 0.72,
        "Total Revenue": 935,
        "Gross Profit": 223,
        "Operating Income": 69,
        "EBIT": 102,
        "Net Income": 24
    },
    "2011-06-30": {
        "Diluted EPS": 0.08,
        "Total Revenue": 950,
        "Gross Profit": 225,
        "Operating Income": 68,
        "EBIT": 99,
        "Net Income": 3
    },
    "2011-03-31": {
        "Diluted EPS": -1.6,
        "Total Revenue": 732,
        "Gross Profit": 181,
        "Operating Income": 30,
        "EBIT": 65,
        "Net Income": -52
    },
    "2010-12-31": {
        "Diluted EPS": -2.04,
        "Total Revenue": 801,
        "Gross Profit": 187,
        "Operating Income": 50,
        "EBIT": 81,
        "Net Income": -67
    },
    "2010-09-30": {
        "Diluted EPS": 0.04,
        "Total Revenue": 807,
        "Gross Profit": 200,
        "Operating Income": 54,
        "EBIT": 90,
        "Net Income": 1
    },
    "2010-06-30": {
        "Diluted EPS": 0.44,
        "Total Revenue": 819,
        "Gross Profit": 206,
        "Operating Income": 71,
        "EBIT": 110,
        "Net Income": 14
    },
    "2010-03-31": {
        "Diluted EPS": -0.72,
        "Total Revenue": 684,
        "Gross Profit": 166,
        "Operating Income": 32,
        "EBIT": 72,
        "Net Income": -23
    },
    "2009-12-31": {
        "Diluted EPS": 0.36,
        "Total Revenue": 676,
        "Gross Profit": 154,
        "Operating Income": 60,
        "EBIT": 96,
        "Net Income": 12
    },
    "2009-09-30": {
        "Diluted EPS": -0.4,
        "Total Revenue": 882,
        "Gross Profit": 202,
        "Operating Income": 48,
        "EBIT": 86,
        "Net Income": -13
    },
    "2009-06-30": {
        "Diluted EPS": -0.36,
        "Total Revenue": NaN,
        "Gross Profit": 237,
        "Operating Income": 52,
        "EBIT": 96,
        "Net Income": -12
    },
    "2009-03-31": {
        "Diluted EPS": -20.16,
        "Total Revenue": NaN,
        "Gross Profit": 205,
        "Operating Income": -643,
        "EBIT": -607,
        "Net Income": -656
    },
    "2023-06-30": {
        "Tax Effect Of Unusual Items": -63000.0,
        "Tax Rate For Calcs": 0.21,
        "Normalized EBITDA": 39200000.0,
        "Total Unusual Items": -300000.0,
        "Total Unusual Items Excluding Goodwill": -300000.0,
        "Net Income From Continuing Operation Net Minority Interest": 20200000.0,
        "Reconciled Depreciation": 14900000.0,
        "Reconciled Cost Of Revenue": 465600000.0,
        "EBITDA": 38900000.0,
        "EBIT": 24000000.0,
        "Net Interest Income": -9400000.0,
        "Interest Expense": 9000000.0,
        "Normalized Income": 20437000.0,
        "Net Income From Continuing And Discontinued Operation": 20200000.0,
        "Total Expenses": 568100000.0,
        "Total Operating Income As Reported": 34400000.0,
        "Diluted Average Shares": 35650143.0,
        "Basic Average Shares": 35084580.0,
        "Diluted EPS": 0.57,
        "Basic EPS": 0.58,
        "Diluted NI Availto Com Stockholders": 20200000.0,
        "Net Income Common Stockholders": 20200000.0,
        "Net Income": 20200000.0,
        "Net Income Including Noncontrolling Interests": 20200000.0,
        "Net Income Continuous Operations": 20200000.0,
        "Tax Provision": -5200000.0,
        "Pretax Income": 15000000.0,
        "Other Income Expense": -10300000.0,
        "Other Non Operating Income Expenses": -10000000.0,
        "Special Income Charges": -300000.0,
        "Restructuring And Mergern Acquisition": 300000.0,
        "Net Non Operating Interest Income Expense": -9400000.0,
        "Total Other Finance Cost": 400000.0,
        "Interest Expense Non Operating": 9000000.0,
        "Operating Income": 34700000.0,
        "Operating Expense": 88300000.0,
        "Depreciation Amortization Depletion Income Statement": 700000.0,
        "Depreciation And Amortization In Income Statement": 700000.0,
        "Amortization": 700000.0,
        "Amortization Of Intangibles Income Statement": 700000.0,
        "Selling General And Administration": 87600000.0,
        "Gross Profit": 123000000.0,
        "Cost Of Revenue": 479800000.0,
        "Total Revenue": 602800000.0,
        "Operating Revenue": 602800000.0
    },
    "2023-09-30": {
        "Tax Effect Of Unusual Items": 0.0,
        "Tax Rate For Calcs": 0.0,
        "Normalized EBITDA": 33900000.0,
        "Total Unusual Items": -700000.0,
        "Total Unusual Items Excluding Goodwill": -700000.0,
        "Net Income From Continuing Operation Net Minority Interest": 10400000.0,
        "Reconciled Depreciation": 14400000.0,
        "Reconciled Cost Of Revenue": 410400000.0,
        "EBITDA": 33200000.0,
        "EBIT": 18800000.0,
        "Net Interest Income": -8700000.0,
        "Interest Expense": 8400000.0,
        "Normalized Income": 11100000.0,
        "Net Income From Continuing And Discontinued Operation": 10400000.0,
        "Total Expenses": 502200000.0,
        "Total Operating Income As Reported": 18000000.0,
        "Diluted Average Shares": 35787704.0,
        "Basic Average Shares": 35080037.0,
        "Diluted EPS": 0.29,
        "Basic EPS": 0.3,
        "Diluted NI Availto Com Stockholders": 10400000.0,
        "Net Income Common Stockholders": 10400000.0,
        "Net Income": 10400000.0,
        "Net Income Including Noncontrolling Interests": 10400000.0,
        "Net Income Continuous Operations": 10400000.0,
        "Tax Provision": 0.0,
        "Pretax Income": 10400000.0,
        "Other Income Expense": 400000.0,
        "Other Non Operating Income Expenses": 1100000.0,
        "Special Income Charges": -700000.0,
        "Restructuring And Mergern Acquisition": 700000.0,
        "Net Non Operating Interest Income Expense": -8700000.0,
        "Total Other Finance Cost": 300000.0,
        "Interest Expense Non Operating": 8400000.0,
        "Operating Income": 18700000.0,
        "Operating Expense": 78100000.0,
        "Depreciation Amortization Depletion Income Statement": 700000.0,
        "Depreciation And Amortization In Income Statement": 700000.0,
        "Amortization": 700000.0,
        "Amortization Of Intangibles Income Statement": 700000.0,
        "Selling General And Administration": 77400000.0,
        "Gross Profit": 96800000.0,
        "Cost Of Revenue": 424100000.0,
        "Total Revenue": 520900000.0,
        "Operating Revenue": 520900000.0
    },
    "2023-12-31": {
        "Tax Effect Of Unusual Items": -1323000.0,
        "Tax Rate For Calcs": 0.21,
        "Normalized EBITDA": 28400000.0,
        "Total Unusual Items": -6300000.0,
        "Total Unusual Items Excluding Goodwill": -6300000.0,
        "Net Income From Continuing Operation Net Minority Interest": -7900000.0,
        "Reconciled Depreciation": 15600000.0,
        "Reconciled Cost Of Revenue": 481900000.0,
        "EBITDA": 22100000.0,
        "EBIT": 6500000.0,
        "Net Interest Income": -8700000.0,
        "Interest Expense": 8400000.0,
        "Normalized Income": -2923000.0,
        "Net Income From Continuing And Discontinued Operation": -7900000.0,
        "Total Expenses": 591700000.0,
        "Total Operating Income As Reported": 9800000.0,
        "Diluted Average Shares": 35090259.0,
        "Basic Average Shares": 35090259.0,
        "Diluted EPS": -0.23,
        "Basic EPS": -0.23,
        "Diluted NI Availto Com Stockholders": -7900000.0,
        "Net Income Common Stockholders": -7900000.0,
        "Net Income": -7900000.0,
        "Net Income Including Noncontrolling Interests": -7900000.0,
        "Net Income Continuous Operations": -7900000.0,
        "Tax Provision": 6000000.0,
        "Pretax Income": -1900000.0,
        "Other Income Expense": 2700000.0,
        "Other Non Operating Income Expenses": 9000000.0,
        "Special Income Charges": -9600000.0,
        "Restructuring And Mergern Acquisition": 300000.0,
        "Net Non Operating Interest Income Expense": -8700000.0,
        "Total Other Finance Cost": 300000.0,
        "Interest Expense Non Operating": 8400000.0,
        "Operating Income": 4100000.0,
        "Operating Expense": 95000000.0,
        "Depreciation Amortization Depletion Income Statement": 800000.0,
        "Depreciation And Amortization In Income Statement": 800000.0,
        "Amortization": 800000.0,
        "Amortization Of Intangibles Income Statement": 800000.0,
        "Selling General And Administration": 94200000.0,
        "Gross Profit": 99100000.0,
        "Cost Of Revenue": 496700000.0,
        "Total Revenue": 595800000.0,
        "Operating Revenue": 595800000.0
    },
    "2024-03-31": {
        "Tax Effect Of Unusual Items": -178125.0,
        "Tax Rate For Calcs": 0.296875,
        "Normalized EBITDA": 31600000.0,
        "Total Unusual Items": -600000.0,
        "Total Unusual Items Excluding Goodwill": -600000.0,
        "Net Income From Continuing Operation Net Minority Interest": 4500000.0,
        "Reconciled Depreciation": 15400000.0,
        "Reconciled Cost Of Revenue": 387900000.0,
        "EBITDA": 31000000.0,
        "EBIT": 15600000.0,
        "Net Interest Income": -9500000.0,
        "Interest Expense": 9200000.0,
        "Normalized Income": 4921875.0,
        "Net Income From Continuing And Discontinued Operation": 4500000.0,
        "Total Expenses": 479300000.0,
        "Total Operating Income As Reported": 15200000.0,
        "Diluted Average Shares": 36060640.0,
        "Basic Average Shares": 35265449.0,
        "Diluted EPS": 0.12,
        "Basic EPS": 0.13,
        "Diluted NI Availto Com Stockholders": 4500000.0,
        "Net Income Common Stockholders": 4500000.0,
        "Net Income": 4500000.0,
        "Net Income Including Noncontrolling Interests": 4500000.0,
        "Net Income Continuous Operations": 4500000.0,
        "Tax Provision": 1900000.0,
        "Pretax Income": 6400000.0,
        "Other Income Expense": 100000.0,
        "Other Non Operating Income Expenses": 700000.0,
        "Special Income Charges": -600000.0,
        "Restructuring And Mergern Acquisition": 600000.0,
        "Net Non Operating Interest Income Expense": -9500000.0,
        "Total Other Finance Cost": 300000.0,
        "Interest Expense Non Operating": 9200000.0,
        "Operating Income": 15800000.0,
        "Operating Expense": 76700000.0,
        "Depreciation Amortization Depletion Income Statement": 700000.0,
        "Depreciation And Amortization In Income Statement": 700000.0,
        "Amortization": 700000.0,
        "Amortization Of Intangibles Income Statement": 700000.0,
        "Selling General And Administration": 76000000.0,
        "Gross Profit": 92500000.0,
        "Cost Of Revenue": 402600000.0,
        "Total Revenue": 495100000.0,
        "Operating Revenue": 495100000.0
    },
    "2024-06-30": {
        "Tax Effect Of Unusual Items": -483000.0,
        "Tax Rate For Calcs": 0.21,
        "Normalized EBITDA": 30500000.0,
        "Total Unusual Items": -2300000.0,
        "Total Unusual Items Excluding Goodwill": -2300000.0,
        "Net Income From Continuing Operation Net Minority Interest": 1600000.0,
        "Reconciled Depreciation": 15400000.0,
        "Reconciled Cost Of Revenue": 447800000.0,
        "EBITDA": 28200000.0,
        "EBIT": 12800000.0,
        "Net Interest Income": -10000000.0,
        "Interest Expense": 9600000.0,
        "Normalized Income": 3417000.0,
        "Net Income From Continuing And Discontinued Operation": 1600000.0,
        "Total Expenses": 546900000.0,
        "Total Operating Income As Reported": 12900000.0,
        "Diluted Average Shares": 35738322.0,
        "Basic Average Shares": 35368492.0,
        "Diluted EPS": 0.04,
        "Basic EPS": 0.05,
        "Diluted NI Availto Com Stockholders": 1600000.0,
        "Net Income Common Stockholders": 1600000.0,
        "Net Income": 1600000.0,
        "Net Income Including Noncontrolling Interests": 1600000.0,
        "Net Income Continuous Operations": 1600000.0,
        "Tax Provision": 1600000.0,
        "Pretax Income": 3200000.0,
        "Other Income Expense": -2000000.0,
        "Other Non Operating Income Expenses": 300000.0,
        "Special Income Charges": -2300000.0,
        "Restructuring And Mergern Acquisition": 2300000.0,
        "Net Non Operating Interest Income Expense": -10000000.0,
        "Total Other Finance Cost": 400000.0,
        "Interest Expense Non Operating": 9600000.0,
        "Operating Income": 15200000.0,
        "Operating Expense": 84500000.0,
        "Depreciation Amortization Depletion Income Statement": 800000.0,
        "Depreciation And Amortization In Income Statement": 800000.0,
        "Amortization": 800000.0,
        "Amortization Of Intangibles Income Statement": 800000.0,
        "Selling General And Administration": 83700000.0,
        "Gross Profit": 99700000.0,
        "Cost Of Revenue": 462400000.0,
        "Total Revenue": 562100000.0,
        "Operating Revenue": 562100000.0
    }
}