{
    "2023-03-31": {
        "Tax Effect Of Unusual Items": 0.0,
        "Tax Rate For Calcs": 0.357072,
        "Normalized EBITDA": 76604000.0,
        "Total Unusual Items": NaN,
        "Total Unusual Items Excluding Goodwill": NaN,
        "Net Income From Continuing Operation Net Minority Interest": -80540000.0,
        "Reconciled Depreciation": 149191000.0,
        "Reconciled Cost Of Revenue": 2359494000.0,
        "EBIT": -72587000.0,
        "Net Interest Income": -52693000.0,
        "Interest Expense": 52693000.0,
        "Normalized Income": -80540000.0,
        "Net Income From Continuing And Discontinued Operation": -80540000.0,
        "Total Expenses": 2672599000.0,
        "Diluted Average Shares": 76984000.0,
        "Basic Average Shares": 76984000.0,
        "Diluted EPS": -1.05,
        "Basic EPS": -1.05,
        "Diluted NI Availto Com Stockholders": -80540000.0,
        "Average Dilution Earnings": NaN,
        "Net Income Common Stockholders": -80540000.0,
        "Net Income": -80540000.0,
        "Minority Interests": 6000.0,
        "Net Income Including Noncontrolling Interests": -80546000.0,
        "Net Income Continuous Operations": -80546000.0,
        "Tax Provision": -44734000.0,
        "Pretax Income": -125280000.0,
        "Other Income Expense": 15353000.0,
        "Other Non Operating Income Expenses": 6201000.0,
        "Special Income Charges": NaN,
        "Other Special Charges": NaN,
        "Earnings From Equity Interest": 9152000.0,
        "Net Non Operating Interest Income Expense": -52693000.0,
        "Interest Expense Non Operating": 52693000.0,
        "Operating Income": -87940000.0,
        "Operating Expense": 313105000.0,
        "Depreciation Amortization Depletion Income Statement": 149191000.0,
        "Depreciation And Amortization In Income Statement": 149191000.0,
        "Amortization": 41944000.0,
        "Amortization Of Intangibles Income Statement": 41944000.0,
        "Depreciation Income Statement": 107247000.0,
        "Selling General And Administration": 163914000.0,
        "General And Administrative Expense": 163914000.0,
        "Other Gand A": 163914000.0,
        "Gross Profit": 225165000.0,
        "Cost Of Revenue": 2359494000.0,
        "Total Revenue": 2584659000.0,
        "Operating Revenue": 2584659000.0
    },
    "2022-12-31": {
        "Tax Effect Of Unusual Items": 0.0,
        "Tax Rate For Calcs": 0.4,
        "Normalized EBITDA": 224970000.0,
        "Total Unusual Items": NaN,
        "Total Unusual Items Excluding Goodwill": NaN,
        "Net Income From Continuing Operation Net Minority Interest": 3224000.0,
        "Reconciled Depreciation": 162419000.0,
        "Reconciled Cost Of Revenue": 2637071000.0,
        "EBIT": 62551000.0,
        "Net Interest Income": -49942000.0,
        "Interest Expense": 49942000.0,
        "Normalized Income": 3224000.0,
        "Net Income From Continuing And Discontinued Operation": 3224000.0,
        "Total Expenses": 2954684000.0,
        "Diluted Average Shares": 77770000.0,
        "Basic Average Shares": 76492000.0,
        "Diluted EPS": 0.04,
        "Basic EPS": 0.04,
        "Diluted NI Availto Com Stockholders": 3224000.0,
        "Average Dilution Earnings": NaN,
        "Net Income Common Stockholders": 3224000.0,
        "Net Income": 3224000.0,
        "Minority Interests": -146000.0,
        "Net Income Including Noncontrolling Interests": 3370000.0,
        "Net Income Continuous Operations": 3370000.0,
        "Tax Provision": 9239000.0,
        "Pretax Income": 12609000.0,
        "Other Income Expense": 8874000.0,
        "Other Non Operating Income Expenses": -539000.0,
        "Special Income Charges": NaN,
        "Other Special Charges": NaN,
        "Earnings From Equity Interest": 9413000.0,
        "Net Non Operating Interest Income Expense": -49942000.0,
        "Interest Expense Non Operating": 49942000.0,
        "Operating Income": 53677000.0,
        "Operating Expense": 317613000.0,
        "Depreciation Amortization Depletion Income Statement": 162419000.0,
        "Depreciation And Amortization In Income Statement": 162419000.0,
        "Amortization": 54666000.0,
        "Amortization Of Intangibles Income Statement": 54666000.0,
        "Depreciation Income Statement": 107753000.0,
        "Selling General And Administration": 155194000.0,
        "General And Administrative Expense": 155194000.0,
        "Other Gand A": 155194000.0,
        "Gross Profit": 371290000.0,
        "Cost Of Revenue": 2637071000.0,
        "Total Revenue": 3008361000.0,
        "Operating Revenue": 3008361000.0
    },
    "2022-09-30": {
        "Tax Effect Of Unusual Items": 0.0,
        "Tax Rate For Calcs": 0.184,
        "Normalized EBITDA": 206467000.0,
        "Total Unusual Items": NaN,
        "Total Unusual Items Excluding Goodwill": NaN,
        "Net Income From Continuing Operation Net Minority Interest": 48896000.0,
        "Reconciled Depreciation": 119271000.0,
        "Reconciled Cost Of Revenue": 2187834000.0,
        "EBIT": 87196000.0,
        "Net Interest Income": -26885000.0,
        "Interest Expense": 26885000.0,
        "Normalized Income": 48896000.0,
        "Net Income From Continuing And Discontinued Operation": 48896000.0,
        "Total Expenses": 2432173000.0,
        "Diluted Average Shares": 75073000.0,
        "Basic Average Shares": 73936000.0,
        "Diluted EPS": 0.65,
        "Basic EPS": 0.66,
        "Diluted NI Availto Com Stockholders": 48753000.0,
        "Average Dilution Earnings": -143000.0,
        "Net Income Common Stockholders": 48896000.0,
        "Net Income": 48896000.0,
        "Minority Interests": -326000.0,
        "Net Income Including Noncontrolling Interests": 49222000.0,
        "Net Income Continuous Operations": 49222000.0,
        "Tax Provision": 11089000.0,
        "Pretax Income": 60311000.0,
        "Other Income Expense": 5885000.0,
        "Other Non Operating Income Expenses": -174000.0,
        "Special Income Charges": NaN,
        "Other Special Charges": NaN,
        "Earnings From Equity Interest": 6059000.0,
        "Net Non Operating Interest Income Expense": -26885000.0,
        "Interest Expense Non Operating": 26885000.0,
        "Operating Income": 81311000.0,
        "Operating Expense": 244338000.0,
        "Depreciation Amortization Depletion Income Statement": 119270000.0,
        "Depreciation And Amortization In Income Statement": 119270000.0,
        "Amortization": 27979000.0,
        "Amortization Of Intangibles Income Statement": 27979000.0,
        "Depreciation Income Statement": 91291000.0,
        "Selling General And Administration": 125068000.0,
        "General And Administrative Expense": 125068000.0,
        "Other Gand A": 125068000.0,
        "Gross Profit": 325649000.0,
        "Cost Of Revenue": 2187835000.0,
        "Total Revenue": 2513484000.0,
        "Operating Revenue": 2513484000.0
    },
    "2022-06-30": {
        "Tax Effect Of Unusual Items": 0.0,
        "Tax Rate For Calcs": 0.109,
        "Normalized EBITDA": 152309000.0,
        "Total Unusual Items": 5825000.0,
        "Total Unusual Items Excluding Goodwill": 5825000.0,
        "Net Income From Continuing Operation Net Minority Interest": 16212000.0,
        "Reconciled Depreciation": 114675000.0,
        "Reconciled Cost Of Revenue": 2028110000.0,
        "EBIT": 37634000.0,
        "Net Interest Income": -19387000.0,
        "Interest Expense": 19387000.0,
        "Normalized Income": 16212000.0,
        "Net Income From Continuing And Discontinued Operation": 16212000.0,
        "Total Expenses": 2276570000.0,
        "Diluted Average Shares": 75537000.0,
        "Basic Average Shares": 74445000.0,
        "Diluted EPS": 0.2,
        "Basic EPS": 0.22,
        "Diluted NI Availto Com Stockholders": 15187000.0,
        "Average Dilution Earnings": -1025000.0,
        "Net Income Common Stockholders": 16212000.0,
        "Net Income": 16212000.0,
        "Minority Interests": -43000.0,
        "Net Income Including Noncontrolling Interests": 16255000.0,
        "Net Income Continuous Operations": 16255000.0,
        "Tax Provision": 1992000.0,
        "Pretax Income": 18247000.0,
        "Other Income Expense": 12412000.0,
        "Other Non Operating Income Expenses": 5825000.0,
        "Special Income Charges": 5825000.0,
        "Other Special Charges": -5825000.0,
        "Earnings From Equity Interest": 6587000.0,
        "Net Non Operating Interest Income Expense": -19387000.0,
        "Interest Expense Non Operating": 19387000.0,
        "Operating Income": 25222000.0,
        "Operating Expense": 248459000.0,
        "Depreciation Amortization Depletion Income Statement": 114674000.0,
        "Depreciation And Amortization In Income Statement": 114674000.0,
        "Amortization": 27673000.0,
        "Amortization Of Intangibles Income Statement": 27673000.0,
        "Depreciation Income Statement": 87001000.0,
        "Selling General And Administration": 133785000.0,
        "General And Administrative Expense": 133785000.0,
        "Other Gand A": 133785000.0,
        "Gross Profit": 273681000.0,
        "Cost Of Revenue": 2028111000.0,
        "Total Revenue": 2301792000.0,
        "Operating Revenue": 2301792000.0
    },
    "2023-06-30": {
        "Tax Effect Of Unusual Items": 0.0,
        "Tax Rate For Calcs": 0.149025,
        "Normalized EBITDA": 224184000.0,
        "Total Unusual Items": NaN,
        "Total Unusual Items Excluding Goodwill": NaN,
        "Net Income From Continuing Operation Net Minority Interest": 15542000.0,
        "Reconciled Depreciation": 145081000.0,
        "Reconciled Cost Of Revenue": 2484780000.0,
        "EBIT": 79103000.0,
        "Net Interest Income": -59415000.0,
        "Interest Expense": 59415000.0,
        "Normalized Income": 15542000.0,
        "Net Income From Continuing And Discontinued Operation": 15542000.0,
        "Total Expenses": 2806016000.0,
        "Diluted Average Shares": 78372000.0,
        "Basic Average Shares": 77635000.0,
        "Diluted EPS": 0.2,
        "Basic EPS": 0.2,
        "Diluted NI Availto Com Stockholders": 15542000.0,
        "Average Dilution Earnings": 0.0,
        "Net Income Common Stockholders": 15542000.0,
        "Net Income": 15542000.0,
        "Minority Interests": -1212000.0,
        "Net Income Including Noncontrolling Interests": 16754000.0,
        "Net Income Continuous Operations": 16754000.0,
        "Tax Provision": 2934000.0,
        "Pretax Income": 19688000.0,
        "Other Income Expense": 11004000.0,
        "Other Non Operating Income Expenses": 3508000.0,
        "Special Income Charges": NaN,
        "Other Special Charges": NaN,
        "Earnings From Equity Interest": 7496000.0,
        "Net Non Operating Interest Income Expense": -59415000.0,
        "Interest Expense Non Operating": 59415000.0,
        "Operating Income": 68099000.0,
        "Operating Expense": 321236000.0,
        "Depreciation Amortization Depletion Income Statement": 145081000.0,
        "Depreciation And Amortization In Income Statement": 145081000.0,
        "Amortization": 42043000.0,
        "Amortization Of Intangibles Income Statement": 42043000.0,
        "Depreciation Income Statement": 103038000.0,
        "Selling General And Administration": 176155000.0,
        "General And Administrative Expense": 176155000.0,
        "Other Gand A": 176155000.0,
        "Gross Profit": 389335000.0,
        "Cost Of Revenue": 2484780000.0,
        "Total Revenue": 2874115000.0,
        "Operating Revenue": 2874115000.0
    },
    "2022-03-31": {
        "Diluted EPS": -0.47,
        "Total Revenue": NaN,
        "Gross Profit": 221,
        "Operating Income": -35,
        "EBIT": 76,
        "Net Income": -35
    },
    "2021-12-31": {
        "Diluted EPS": 1.04,
        "Total Revenue": NaN,
        "Gross Profit": 250,
        "Operating Income": 76,
        "EBIT": 182,
        "Net Income": 77
    },
    "2021-09-30": {
        "Diluted EPS": 1.5,
        "Total Revenue": NaN,
        "Gross Profit": 347,
        "Operating Income": 141,
        "EBIT": 260,
        "Net Income": 111
    },
    "2021-06-30": {
        "Diluted EPS": 1.02,
        "Total Revenue": NaN,
        "Gross Profit": 287,
        "Operating Income": 98,
        "EBIT": 206,
        "Net Income": 75
    },
    "2021-03-31": {
        "Diluted EPS": 0.89,
        "Total Revenue": NaN,
        "Gross Profit": 262,
        "Operating Income": 100,
        "EBIT": 191,
        "Net Income": 66
    },
    "2020-12-31": {
        "Diluted EPS": 1.53,
        "Total Revenue": NaN,
        "Gross Profit": 315,
        "Operating Income": 168,
        "EBIT": 255,
        "Net Income": 113
    },
    "2020-09-30": {
        "Diluted EPS": 1.59,
        "Total Revenue": NaN,
        "Gross Profit": 318,
        "Operating Income": 162,
        "EBIT": 245,
        "Net Income": 116
    },
    "2020-06-30": {
        "Diluted EPS": 0.78,
        "Total Revenue": NaN,
        "Gross Profit": 227,
        "Operating Income": 75,
        "EBIT": 143,
        "Net Income": 57
    },
    "2020-03-31": {
        "Diluted EPS": 0.48,
        "Total Revenue": NaN,
        "Gross Profit": 190,
        "Operating Income": 44,
        "EBIT": 105,
        "Net Income": 36
    },
    "2019-12-31": {
        "Diluted EPS": 1.33,
        "Total Revenue": NaN,
        "Gross Profit": 275,
        "Operating Income": 145,
        "EBIT": 206,
        "Net Income": 101
    },
    "2019-09-30": {
        "Diluted EPS": 1.69,
        "Total Revenue": NaN,
        "Gross Profit": 326,
        "Operating Income": 194,
        "EBIT": 249,
        "Net Income": 129
    },
    "2019-06-30": {
        "Diluted EPS": 1.58,
        "Total Revenue": NaN,
        "Gross Profit": 306,
        "Operating Income": 175,
        "EBIT": 235,
        "Net Income": 120
    },
    "2019-03-31": {
        "Diluted EPS": 0.57,
        "Total Revenue": NaN,
        "Gross Profit": 206,
        "Operating Income": 75,
        "EBIT": 134,
        "Net Income": 43
    },
    "2018-12-31": {
        "Diluted EPS": 0.41,
        "Total Revenue": NaN,
        "Gross Profit": 264,
        "Operating Income": 84,
        "EBIT": 188,
        "Net Income": 32
    },
    "2018-09-30": {
        "Diluted EPS": 1.52,
        "Total Revenue": NaN,
        "Gross Profit": 296,
        "Operating Income": 161,
        "EBIT": 215,
        "Net Income": 121
    },
    "2018-06-30": {
        "Diluted EPS": 1.01,
        "Total Revenue": NaN,
        "Gross Profit": 251,
        "Operating Income": 132,
        "EBIT": 184,
        "Net Income": 80
    },
    "2018-03-31": {
        "Diluted EPS": 0.32,
        "Total Revenue": NaN,
        "Gross Profit": 160,
        "Operating Income": 46,
        "EBIT": 96,
        "Net Income": 27
    },
    "2017-12-31": {
        "Diluted EPS": 1.96,
        "Total Revenue": NaN,
        "Gross Profit": 181,
        "Operating Income": 58,
        "EBIT": 108,
        "Net Income": 161
    },
    "2017-09-30": {
        "Diluted EPS": 0.77,
        "Total Revenue": NaN,
        "Gross Profit": 230,
        "Operating Income": 113,
        "EBIT": 163,
        "Net Income": 64
    },
    "2017-06-30": {
        "Diluted EPS": 0.99,
        "Total Revenue": NaN,
        "Gross Profit": 264,
        "Operating Income": 148,
        "EBIT": 193,
        "Net Income": 82
    },
    "2017-03-31": {
        "Diluted EPS": 0.5,
        "Total Revenue": NaN,
        "Gross Profit": 187,
        "Operating Income": 79,
        "EBIT": 122,
        "Net Income": 41
    },
    "2016-12-31": {
        "Diluted EPS": 0.65,
        "Total Revenue": NaN,
        "Gross Profit": 221,
        "Operating Income": 112,
        "EBIT": 155,
        "Net Income": 54
    },
    "2016-09-30": {
        "Diluted EPS": 0.69,
        "Total Revenue": NaN,
        "Gross Profit": 217,
        "Operating Income": 107,
        "EBIT": 150,
        "Net Income": 56
    },
    "2016-06-30": {
        "Diluted EPS": 0.3,
        "Total Revenue": NaN,
        "Gross Profit": 164,
        "Operating Income": 56,
        "EBIT": 96,
        "Net Income": 24
    },
    "2016-03-31": {
        "Diluted EPS": -0.03,
        "Total Revenue": 974,
        "Gross Profit": 90,
        "Operating Income": -9,
        "EBIT": 30,
        "Net Income": -3
    },
    "2015-12-31": {
        "Diluted EPS": -0.94,
        "Total Revenue": NaN,
        "Gross Profit": 111,
        "Operating Income": -68,
        "EBIT": 52,
        "Net Income": -77
    },
    "2015-09-30": {
        "Diluted EPS": 0.09,
        "Total Revenue": NaN,
        "Gross Profit": 138,
        "Operating Income": 32,
        "EBIT": 75,
        "Net Income": 8
    },
    "2015-06-30": {
        "Diluted EPS": -0.05,
        "Total Revenue": NaN,
        "Gross Profit": 121,
        "Operating Income": 8,
        "EBIT": 51,
        "Net Income": -4
    },
    "2015-03-31": {
        "Diluted EPS": -0.08,
        "Total Revenue": NaN,
        "Gross Profit": 117,
        "Operating Income": 0,
        "EBIT": 43,
        "Net Income": -6
    },
    "2014-12-31": {
        "Diluted EPS": 0.25,
        "Total Revenue": NaN,
        "Gross Profit": 168,
        "Operating Income": 55,
        "EBIT": 97,
        "Net Income": 21
    },
    "2014-09-30": {
        "Diluted EPS": 0.57,
        "Total Revenue": NaN,
        "Gross Profit": 193,
        "Operating Income": 91,
        "EBIT": 133,
        "Net Income": 49
    },
    "2014-06-30": {
        "Diluted EPS": 0.39,
        "Total Revenue": NaN,
        "Gross Profit": 157,
        "Operating Income": 66,
        "EBIT": 102,
        "Net Income": 34
    },
    "2014-03-31": {
        "Diluted EPS": 0.14,
        "Total Revenue": 958,
        "Gross Profit": 116,
        "Operating Income": 30,
        "EBIT": 63,
        "Net Income": 12
    },
    "2013-12-31": {
        "Diluted EPS": 0.49,
        "Total Revenue": NaN,
        "Gross Profit": 172,
        "Operating Income": 79,
        "EBIT": 116,
        "Net Income": 42
    },
    "2013-09-30": {
        "Diluted EPS": 0.54,
        "Total Revenue": NaN,
        "Gross Profit": 188,
        "Operating Income": 92,
        "EBIT": 129,
        "Net Income": 46
    },
    "2013-06-30": {
        "Diluted EPS": 0.41,
        "Total Revenue": 978,
        "Gross Profit": 155,
        "Operating Income": 69,
        "EBIT": 103,
        "Net Income": 35
    },
    "2013-03-31": {
        "Diluted EPS": 0.22,
        "Total Revenue": 919,
        "Gross Profit": 127,
        "Operating Income": 47,
        "EBIT": 78,
        "Net Income": 18
    },
    "2012-12-31": {
        "Diluted EPS": 0.43,
        "Total Revenue": 932,
        "Gross Profit": 138,
        "Operating Income": 72,
        "EBIT": 98,
        "Net Income": 36
    },
    "2012-09-30": {
        "Diluted EPS": 0.34,
        "Total Revenue": NaN,
        "Gross Profit": 143,
        "Operating Income": 78,
        "EBIT": 101,
        "Net Income": 27
    },
    "2012-06-30": {
        "Diluted EPS": 0.37,
        "Total Revenue": 989,
        "Gross Profit": 120,
        "Operating Income": 60,
        "EBIT": 82,
        "Net Income": 30
    },
    "2012-03-31": {
        "Diluted EPS": 0.17,
        "Total Revenue": 738,
        "Gross Profit": 86,
        "Operating Income": 28,
        "EBIT": 49,
        "Net Income": 14
    },
    "2011-12-31": {
        "Diluted EPS": 0.1,
        "Total Revenue": 680,
        "Gross Profit": 67,
        "Operating Income": 17,
        "EBIT": 38,
        "Net Income": 9
    },
    "2011-09-30": {
        "Diluted EPS": 0.36,
        "Total Revenue": 816,
        "Gross Profit": 113,
        "Operating Income": 58,
        "EBIT": 78,
        "Net Income": 32
    },
    "2011-06-30": {
        "Diluted EPS": 0.51,
        "Total Revenue": 717,
        "Gross Profit": 101,
        "Operating Income": 47,
        "EBIT": 66,
        "Net Income": 44
    },
    "2011-03-31": {
        "Diluted EPS": 0.26,
        "Total Revenue": 618,
        "Gross Profit": 90,
        "Operating Income": 42,
        "EBIT": 57,
        "Net Income": 21
    },
    "2010-12-31": {
        "Diluted EPS": 0.42,
        "Total Revenue": 566,
        "Gross Profit": 71,
        "Operating Income": 35,
        "EBIT": 49,
        "Net Income": 39
    },
    "2010-09-30": {
        "Diluted EPS": 0.35,
        "Total Revenue": 632,
        "Gross Profit": 103,
        "Operating Income": 58,
        "EBIT": 71,
        "Net Income": 30
    },
    "2010-06-30": {
        "Diluted EPS": 0.18,
        "Total Revenue": 495,
        "Gross Profit": 78,
        "Operating Income": 33,
        "EBIT": 48,
        "Net Income": 15
    },
    "2010-03-31": {
        "Diluted EPS": 0.1,
        "Total Revenue": 450,
        "Gross Profit": 61,
        "Operating Income": 20,
        "EBIT": 35,
        "Net Income": 7
    },
    "2009-12-31": {
        "Diluted EPS": 0.22,
        "Total Revenue": 496,
        "Gross Profit": 74,
        "Operating Income": 32,
        "EBIT": 49,
        "Net Income": 18
    },
    "2009-09-30": {
        "Diluted EPS": 0.27,
        "Total Revenue": 397,
        "Gross Profit": 62,
        "Operating Income": 28,
        "EBIT": 38,
        "Net Income": 22
    },
    "2009-06-30": {
        "Diluted EPS": 0.25,
        "Total Revenue": 388,
        "Gross Profit": 60,
        "Operating Income": 24,
        "EBIT": 35,
        "Net Income": 19
    },
    "2009-03-31": {
        "Diluted EPS": 0.16,
        "Total Revenue": 342,
        "Gross Profit": 51,
        "Operating Income": 17,
        "EBIT": 28,
        "Net Income": 12
    }
}