{
    "2023-09-30": {
        "Tax Effect Of Unusual Items": 0.0,
        "Tax Rate For Calcs": 0.125,
        "Normalized EBITDA": -45534000.0,
        "Net Income From Continuing Operation Net Minority Interest": -51279000.0,
        "Reconciled Depreciation": 779000.0,
        "EBITDA": -45534000.0,
        "EBIT": -46313000.0,
        "Normalized Income": -51279000.0,
        "Net Income From Continuing And Discontinued Operation": -51279000.0,
        "Total Expenses": 46313000.0,
        "Total Operating Income As Reported": -46313000.0,
        "Diluted Average Shares": 16688128.0,
        "Basic Average Shares": 16688128.0,
        "Diluted EPS": -3.072783,
        "Basic EPS": -3.072783,
        "Diluted NI Availto Com Stockholders": -51279000.0,
        "Net Income Common Stockholders": -51279000.0,
        "Net Income": -51279000.0,
        "Net Income Including Noncontrolling Interests": -51279000.0,
        "Net Income Continuous Operations": -51279000.0,
        "Tax Provision": 4966000.0,
        "Pretax Income": -46313000.0,
        "Other Income Expense": NaN,
        "Other Non Operating Income Expenses": NaN,
        "Operating Income": -46313000.0,
        "Operating Expense": 46313000.0,
        "Research And Development": 40354000.0,
        "Selling General And Administration": 5959000.0,
        "General And Administrative Expense": 5959000.0,
        "Other Gand A": 5959000.0,
        "Total Revenue": 0.0,
        "Operating Revenue": 0.0
    },
    "2022-12-31": {
        "Tax Effect Of Unusual Items": 0.0,
        "Tax Rate For Calcs": 0.125,
        "Normalized EBITDA": -57088000.0,
        "Net Income From Continuing Operation Net Minority Interest": -58805000.0,
        "Reconciled Depreciation": 497000.0,
        "EBITDA": -57088000.0,
        "EBIT": -57585000.0,
        "Normalized Income": -58805000.0,
        "Net Income From Continuing And Discontinued Operation": -58805000.0,
        "Total Expenses": 57585000.0,
        "Total Operating Income As Reported": -57585000.0,
        "Diluted Average Shares": NaN,
        "Basic Average Shares": NaN,
        "Diluted EPS": NaN,
        "Basic EPS": NaN,
        "Diluted NI Availto Com Stockholders": -58805000.0,
        "Net Income Common Stockholders": -58805000.0,
        "Net Income": -58805000.0,
        "Net Income Including Noncontrolling Interests": -58805000.0,
        "Net Income Continuous Operations": -58805000.0,
        "Tax Provision": 1220000.0,
        "Pretax Income": -57585000.0,
        "Operating Income": -57585000.0,
        "Operating Expense": 57585000.0,
        "Research And Development": 45271000.0,
        "Selling General And Administration": 12314000.0,
        "General And Administrative Expense": 12314000.0,
        "Other Gand A": 12314000.0,
        "Total Revenue": 0.0,
        "Operating Revenue": 0.0
    },
    "2022-09-30": {
        "Tax Effect Of Unusual Items": NaN,
        "Tax Rate For Calcs": NaN,
        "Normalized EBITDA": NaN,
        "Net Income From Continuing Operation Net Minority Interest": NaN,
        "Reconciled Depreciation": NaN,
        "EBITDA": NaN,
        "EBIT": NaN,
        "Normalized Income": NaN,
        "Net Income From Continuing And Discontinued Operation": NaN,
        "Total Expenses": NaN,
        "Total Operating Income As Reported": NaN,
        "Diluted Average Shares": 16688128.0,
        "Basic Average Shares": 16688128.0,
        "Diluted EPS": -3.034732,
        "Basic EPS": -3.034732,
        "Diluted NI Availto Com Stockholders": NaN,
        "Net Income Common Stockholders": NaN,
        "Net Income": NaN,
        "Net Income Including Noncontrolling Interests": NaN,
        "Net Income Continuous Operations": NaN,
        "Tax Provision": NaN,
        "Pretax Income": NaN,
        "Other Income Expense": NaN,
        "Other Non Operating Income Expenses": NaN,
        "Operating Income": NaN,
        "Operating Expense": NaN,
        "Research And Development": NaN,
        "Selling General And Administration": NaN,
        "General And Administrative Expense": NaN,
        "Other Gand A": NaN,
        "Total Revenue": NaN,
        "Operating Revenue": NaN
    },
    "2023-12-31": {
        "Tax Effect Of Unusual Items": 0.0,
        "Tax Rate For Calcs": 0.125,
        "Normalized EBITDA": -57899000.0,
        "Net Income From Continuing Operation Net Minority Interest": -59536000.0,
        "Reconciled Depreciation": 613000.0,
        "EBITDA": -57899000.0,
        "EBIT": -58512000.0,
        "Normalized Income": -59536000.0,
        "Net Income From Continuing And Discontinued Operation": -59536000.0,
        "Total Expenses": 58512000.0,
        "Total Operating Income As Reported": -58512000.0,
        "Diluted Average Shares": NaN,
        "Basic Average Shares": NaN,
        "Diluted EPS": NaN,
        "Basic EPS": NaN,
        "Diluted NI Availto Com Stockholders": -59536000.0,
        "Net Income Common Stockholders": -59536000.0,
        "Net Income": -59536000.0,
        "Net Income Including Noncontrolling Interests": -59536000.0,
        "Net Income Continuous Operations": -59536000.0,
        "Tax Provision": 1975000.0,
        "Pretax Income": -57561000.0,
        "Other Income Expense": NaN,
        "Other Non Operating Income Expenses": NaN,
        "Operating Income": -58512000.0,
        "Operating Expense": 58512000.0,
        "Research And Development": 42242000.0,
        "Selling General And Administration": 16270000.0,
        "General And Administrative Expense": 16270000.0,
        "Other Gand A": 16270000.0,
        "Total Revenue": 0.0,
        "Operating Revenue": 0.0
    },
    "2024-03-31": {
        "Tax Effect Of Unusual Items": 0.0,
        "Tax Rate For Calcs": 0.0,
        "Normalized EBITDA": -33187000.0,
        "Net Income From Continuing Operation Net Minority Interest": -30917000.0,
        "Reconciled Depreciation": 846000.0,
        "EBITDA": -33187000.0,
        "EBIT": -34033000.0,
        "Normalized Income": -30917000.0,
        "Net Income From Continuing And Discontinued Operation": -30917000.0,
        "Total Expenses": 34033000.0,
        "Total Operating Income As Reported": -34033000.0,
        "Diluted Average Shares": 16793657.0,
        "Basic Average Shares": 16793657.0,
        "Diluted EPS": -1.84,
        "Basic EPS": -1.84,
        "Diluted NI Availto Com Stockholders": -30917000.0,
        "Net Income Common Stockholders": -30917000.0,
        "Net Income": -30917000.0,
        "Net Income Including Noncontrolling Interests": -30917000.0,
        "Net Income Continuous Operations": -30917000.0,
        "Tax Provision": 0.0,
        "Pretax Income": -30917000.0,
        "Other Income Expense": 3116000.0,
        "Other Non Operating Income Expenses": 3116000.0,
        "Operating Income": -34033000.0,
        "Operating Expense": 34033000.0,
        "Research And Development": 26868000.0,
        "Selling General And Administration": 7165000.0,
        "General And Administrative Expense": 7165000.0,
        "Other Gand A": 7165000.0,
        "Total Revenue": 0.0,
        "Operating Revenue": 0.0
    },
    "2023-06-30": {
        "Tax Effect Of Unusual Items": 0.0,
        "Tax Rate For Calcs": 0.125,
        "Normalized EBITDA": -46612000.0,
        "Net Income From Continuing Operation Net Minority Interest": -50164000.0,
        "Reconciled Depreciation": 645000.0,
        "EBITDA": -46612000.0,
        "EBIT": -47257000.0,
        "Normalized Income": -50164000.0,
        "Net Income From Continuing And Discontinued Operation": -50164000.0,
        "Total Expenses": 47257000.0,
        "Total Operating Income As Reported": -47257000.0,
        "Diluted Average Shares": 16688128.0,
        "Basic Average Shares": 16688128.0,
        "Diluted EPS": -3.005969,
        "Basic EPS": -3.005969,
        "Diluted NI Availto Com Stockholders": -50164000.0,
        "Net Income Common Stockholders": -50164000.0,
        "Net Income": -50164000.0,
        "Net Income Including Noncontrolling Interests": -50164000.0,
        "Net Income Continuous Operations": -50164000.0,
        "Tax Provision": 2907000.0,
        "Pretax Income": -47257000.0,
        "Other Income Expense": NaN,
        "Other Non Operating Income Expenses": NaN,
        "Operating Income": -47257000.0,
        "Operating Expense": 47257000.0,
        "Research And Development": 42526000.0,
        "Selling General And Administration": 4731000.0,
        "General And Administrative Expense": 4731000.0,
        "Other Gand A": 4731000.0,
        "Total Revenue": 0.0,
        "Operating Revenue": 0.0
    },
    "2023-03-31": {
        "Tax Effect Of Unusual Items": NaN,
        "Tax Rate For Calcs": NaN,
        "Normalized EBITDA": NaN,
        "Net Income From Continuing Operation Net Minority Interest": NaN,
        "Reconciled Depreciation": NaN,
        "EBITDA": NaN,
        "EBIT": NaN,
        "Normalized Income": NaN,
        "Net Income From Continuing And Discontinued Operation": NaN,
        "Total Expenses": NaN,
        "Total Operating Income As Reported": NaN,
        "Diluted Average Shares": 16688128.0,
        "Basic Average Shares": 16688128.0,
        "Diluted EPS": -2.784435,
        "Basic EPS": -2.784435,
        "Diluted NI Availto Com Stockholders": NaN,
        "Net Income Common Stockholders": NaN,
        "Net Income": NaN,
        "Net Income Including Noncontrolling Interests": NaN,
        "Net Income Continuous Operations": NaN,
        "Tax Provision": NaN,
        "Pretax Income": NaN,
        "Other Income Expense": NaN,
        "Other Non Operating Income Expenses": NaN,
        "Operating Income": NaN,
        "Operating Expense": NaN,
        "Research And Development": NaN,
        "Selling General And Administration": NaN,
        "General And Administrative Expense": NaN,
        "Other Gand A": NaN,
        "Total Revenue": NaN,
        "Operating Revenue": NaN
    },
    "2024-06-30": {
        "Tax Effect Of Unusual Items": 0.0,
        "Tax Rate For Calcs": 0.0,
        "Normalized EBITDA": -33378000.0,
        "Net Income From Continuing Operation Net Minority Interest": -31564000.0,
        "Reconciled Depreciation": 899000.0,
        "EBITDA": -33378000.0,
        "EBIT": -34277000.0,
        "Normalized Income": -31564000.0,
        "Net Income From Continuing And Discontinued Operation": -31564000.0,
        "Total Expenses": 34277000.0,
        "Total Operating Income As Reported": -34277000.0,
        "Diluted Average Shares": 16924842.0,
        "Basic Average Shares": 16924842.0,
        "Diluted EPS": -1.86,
        "Basic EPS": -1.86,
        "Diluted NI Availto Com Stockholders": -31564000.0,
        "Net Income Common Stockholders": -31564000.0,
        "Net Income": -31564000.0,
        "Net Income Including Noncontrolling Interests": -31564000.0,
        "Net Income Continuous Operations": -31564000.0,
        "Tax Provision": 0.0,
        "Pretax Income": -31564000.0,
        "Other Income Expense": 2713000.0,
        "Other Non Operating Income Expenses": 2713000.0,
        "Operating Income": -34277000.0,
        "Operating Expense": 34277000.0,
        "Research And Development": 27544000.0,
        "Selling General And Administration": 6733000.0,
        "General And Administrative Expense": 6733000.0,
        "Other Gand A": 6733000.0,
        "Total Revenue": 0.0,
        "Operating Revenue": 0.0
    }
}