{
    "2023-03-31": {
        "Tax Effect Of Unusual Items": NaN,
        "Tax Rate For Calcs": NaN,
        "Normalized EBITDA": NaN,
        "Total Unusual Items": NaN,
        "Total Unusual Items Excluding Goodwill": NaN,
        "Net Income From Continuing Operation Net Minority Interest": NaN,
        "Reconciled Depreciation": NaN,
        "Reconciled Cost Of Revenue": NaN,
        "EBITDA": NaN,
        "EBIT": NaN,
        "Net Interest Income": NaN,
        "Interest Expense": NaN,
        "Interest Income": NaN,
        "Normalized Income": NaN,
        "Net Income From Continuing And Discontinued Operation": NaN,
        "Total Expenses": NaN,
        "Total Operating Income As Reported": NaN,
        "Diluted Average Shares": 47428000.0,
        "Basic Average Shares": 47428000.0,
        "Diluted EPS": -0.91,
        "Basic EPS": -0.91,
        "Diluted NI Availto Com Stockholders": NaN,
        "Net Income Common Stockholders": NaN,
        "Net Income": NaN,
        "Minority Interests": NaN,
        "Net Income Including Noncontrolling Interests": NaN,
        "Net Income Continuous Operations": NaN,
        "Tax Provision": NaN,
        "Pretax Income": NaN,
        "Other Income Expense": NaN,
        "Other Non Operating Income Expenses": NaN,
        "Earnings From Equity Interest": NaN,
        "Gain On Sale Of Security": NaN,
        "Net Non Operating Interest Income Expense": NaN,
        "Total Other Finance Cost": -8464000.0,
        "Interest Expense Non Operating": NaN,
        "Interest Income Non Operating": NaN,
        "Operating Income": NaN,
        "Operating Expense": NaN,
        "Other Operating Expenses": NaN,
        "Depreciation Amortization Depletion Income Statement": NaN,
        "Depreciation And Amortization In Income Statement": NaN,
        "Depreciation Income Statement": NaN,
        "Selling General And Administration": NaN,
        "General And Administrative Expense": NaN,
        "Other Gand A": NaN,
        "Gross Profit": NaN,
        "Cost Of Revenue": NaN,
        "Total Revenue": NaN,
        "Operating Revenue": NaN
    },
    "2022-12-31": {
        "Tax Effect Of Unusual Items": NaN,
        "Tax Rate For Calcs": NaN,
        "Normalized EBITDA": NaN,
        "Total Unusual Items": NaN,
        "Total Unusual Items Excluding Goodwill": NaN,
        "Net Income From Continuing Operation Net Minority Interest": NaN,
        "Reconciled Depreciation": NaN,
        "Reconciled Cost Of Revenue": NaN,
        "EBITDA": NaN,
        "EBIT": NaN,
        "Net Interest Income": NaN,
        "Interest Expense": 2693000.0,
        "Interest Income": NaN,
        "Normalized Income": NaN,
        "Net Income From Continuing And Discontinued Operation": NaN,
        "Total Expenses": NaN,
        "Total Operating Income As Reported": NaN,
        "Diluted Average Shares": NaN,
        "Basic Average Shares": NaN,
        "Diluted EPS": NaN,
        "Basic EPS": NaN,
        "Diluted NI Availto Com Stockholders": NaN,
        "Net Income Common Stockholders": NaN,
        "Net Income": NaN,
        "Minority Interests": NaN,
        "Net Income Including Noncontrolling Interests": NaN,
        "Net Income Continuous Operations": NaN,
        "Tax Provision": NaN,
        "Pretax Income": NaN,
        "Other Income Expense": NaN,
        "Other Non Operating Income Expenses": NaN,
        "Earnings From Equity Interest": NaN,
        "Gain On Sale Of Security": NaN,
        "Net Non Operating Interest Income Expense": NaN,
        "Total Other Finance Cost": NaN,
        "Interest Expense Non Operating": 2693000.0,
        "Interest Income Non Operating": NaN,
        "Operating Income": NaN,
        "Operating Expense": NaN,
        "Other Operating Expenses": NaN,
        "Depreciation Amortization Depletion Income Statement": NaN,
        "Depreciation And Amortization In Income Statement": NaN,
        "Depreciation Income Statement": NaN,
        "Selling General And Administration": NaN,
        "General And Administrative Expense": NaN,
        "Other Gand A": NaN,
        "Gross Profit": NaN,
        "Cost Of Revenue": NaN,
        "Total Revenue": NaN,
        "Operating Revenue": NaN
    },
    "2022-09-30": {
        "Tax Effect Of Unusual Items": NaN,
        "Tax Rate For Calcs": NaN,
        "Normalized EBITDA": NaN,
        "Total Unusual Items": NaN,
        "Total Unusual Items Excluding Goodwill": NaN,
        "Net Income From Continuing Operation Net Minority Interest": NaN,
        "Reconciled Depreciation": NaN,
        "Reconciled Cost Of Revenue": NaN,
        "EBITDA": NaN,
        "EBIT": NaN,
        "Net Interest Income": NaN,
        "Interest Expense": 1817000.0,
        "Interest Income": NaN,
        "Normalized Income": NaN,
        "Net Income From Continuing And Discontinued Operation": NaN,
        "Total Expenses": NaN,
        "Total Operating Income As Reported": NaN,
        "Diluted Average Shares": 47427000.0,
        "Basic Average Shares": 47427000.0,
        "Diluted EPS": -0.22,
        "Basic EPS": -0.22,
        "Diluted NI Availto Com Stockholders": NaN,
        "Net Income Common Stockholders": NaN,
        "Net Income": NaN,
        "Minority Interests": NaN,
        "Net Income Including Noncontrolling Interests": NaN,
        "Net Income Continuous Operations": NaN,
        "Tax Provision": NaN,
        "Pretax Income": NaN,
        "Other Income Expense": NaN,
        "Other Non Operating Income Expenses": NaN,
        "Earnings From Equity Interest": NaN,
        "Gain On Sale Of Security": NaN,
        "Net Non Operating Interest Income Expense": NaN,
        "Total Other Finance Cost": 1817000.0,
        "Interest Expense Non Operating": 1817000.0,
        "Interest Income Non Operating": NaN,
        "Operating Income": NaN,
        "Operating Expense": NaN,
        "Other Operating Expenses": NaN,
        "Depreciation Amortization Depletion Income Statement": NaN,
        "Depreciation And Amortization In Income Statement": NaN,
        "Depreciation Income Statement": NaN,
        "Selling General And Administration": NaN,
        "General And Administrative Expense": NaN,
        "Other Gand A": NaN,
        "Gross Profit": NaN,
        "Cost Of Revenue": NaN,
        "Total Revenue": NaN,
        "Operating Revenue": NaN
    },
    "2022-06-30": {
        "Tax Effect Of Unusual Items": 0.0,
        "Tax Rate For Calcs": 0.0,
        "Normalized EBITDA": -13118000.0,
        "Total Unusual Items": 6237000.0,
        "Total Unusual Items Excluding Goodwill": 6237000.0,
        "Net Income From Continuing Operation Net Minority Interest": -12452000.0,
        "Reconciled Depreciation": 3886000.0,
        "Reconciled Cost Of Revenue": 22664000.0,
        "EBITDA": -6881000.0,
        "EBIT": -10767000.0,
        "Net Interest Income": -1639000.0,
        "Interest Expense": 1639000.0,
        "Interest Income": NaN,
        "Normalized Income": -18689000.0,
        "Net Income From Continuing And Discontinued Operation": -12452000.0,
        "Total Expenses": 49727000.0,
        "Total Operating Income As Reported": -16569000.0,
        "Diluted Average Shares": 47427000.0,
        "Basic Average Shares": 47427000.0,
        "Diluted EPS": -0.26,
        "Basic EPS": -0.26,
        "Diluted NI Availto Com Stockholders": -12452000.0,
        "Net Income Common Stockholders": -12452000.0,
        "Net Income": -12452000.0,
        "Minority Interests": -46000.0,
        "Net Income Including Noncontrolling Interests": -12406000.0,
        "Net Income Continuous Operations": -12406000.0,
        "Tax Provision": 0.0,
        "Pretax Income": -12406000.0,
        "Other Income Expense": 8313000.0,
        "Other Non Operating Income Expenses": -435000.0,
        "Special Income Charges": 0.0,
        "Earnings From Equity Interest": 2511000.0,
        "Gain On Sale Of Security": 6237000.0,
        "Net Non Operating Interest Income Expense": -1639000.0,
        "Total Other Finance Cost": NaN,
        "Interest Expense Non Operating": 1639000.0,
        "Interest Income Non Operating": NaN,
        "Operating Income": -19080000.0,
        "Operating Expense": 23315000.0,
        "Other Operating Expenses": 20721000.0,
        "Depreciation Amortization Depletion Income Statement": 138000.0,
        "Depreciation And Amortization In Income Statement": 138000.0,
        "Depreciation Income Statement": 138000.0,
        "Selling General And Administration": 2456000.0,
        "General And Administrative Expense": 2456000.0,
        "Other Gand A": 2456000.0,
        "Gross Profit": 4235000.0,
        "Cost Of Revenue": 26412000.0,
        "Total Revenue": 30647000.0,
        "Operating Revenue": 30647000.0
    },
    "2022-03-31": {
        "Diluted EPS": -0.45,
        "Total Revenue": 26,
        "Gross Profit": -6,
        "Operating Income": -24,
        "EBIT": -22,
        "Net Income": -21
    },
    "2021-12-31": {
        "Diluted EPS": -0.44,
        "Total Revenue": 35,
        "Gross Profit": -6,
        "Operating Income": -23,
        "EBIT": -18,
        "Net Income": -21
    },
    "2021-09-30": {
        "Diluted EPS": -0.38,
        "Total Revenue": 37,
        "Gross Profit": 0,
        "Operating Income": -17,
        "EBIT": -12,
        "Net Income": -17
    },
    "2021-06-30": {
        "Diluted EPS": -0.13,
        "Total Revenue": 41,
        "Gross Profit": 4,
        "Operating Income": -9,
        "EBIT": -5,
        "Net Income": -6
    },
    "2021-03-31": {
        "Diluted EPS": -0.3,
        "Total Revenue": 24,
        "Gross Profit": -5,
        "Operating Income": -15,
        "EBIT": -11,
        "Net Income": -12
    },
    "2020-12-31": {
        "Diluted EPS": -0.58,
        "Total Revenue": 28,
        "Gross Profit": -14,
        "Operating Income": -23,
        "EBIT": -16,
        "Net Income": -24
    },
    "2020-09-30": {
        "Diluted EPS": -0.2,
        "Total Revenue": 27,
        "Gross Profit": -1,
        "Operating Income": -10,
        "EBIT": -3,
        "Net Income": -10
    },
    "2020-06-30": {
        "Diluted EPS": -0.5,
        "Total Revenue": 18,
        "Gross Profit": -9,
        "Operating Income": -21,
        "EBIT": -17,
        "Net Income": -20
    },
    "2020-03-31": {
        "Diluted EPS": -2.5,
        "Total Revenue": 31,
        "Gross Profit": -4,
        "Operating Income": -99,
        "EBIT": -95,
        "Net Income": -99
    },
    "2019-12-31": {
        "Diluted EPS": -0.7,
        "Total Revenue": 32,
        "Gross Profit": 1,
        "Operating Income": -24,
        "EBIT": -19,
        "Net Income": -25
    },
    "2019-09-30": {
        "Diluted EPS": -0.3,
        "Total Revenue": 33,
        "Gross Profit": 2,
        "Operating Income": -18,
        "EBIT": -6,
        "Net Income": -11
    },
    "2019-06-30": {
        "Diluted EPS": -0.4,
        "Total Revenue": 36,
        "Gross Profit": 5,
        "Operating Income": -11,
        "EBIT": -12,
        "Net Income": -13
    },
    "2019-03-31": {
        "Diluted EPS": -0.3,
        "Total Revenue": 16,
        "Gross Profit": 1,
        "Operating Income": -11,
        "EBIT": -10,
        "Net Income": -10
    },
    "2018-12-31": {
        "Diluted EPS": -0.5,
        "Total Revenue": 26,
        "Gross Profit": 2,
        "Operating Income": -18,
        "EBIT": -24,
        "Net Income": -21
    },
    "2018-09-30": {
        "Diluted EPS": -0.4,
        "Total Revenue": 27,
        "Gross Profit": 6,
        "Operating Income": -15,
        "EBIT": -11,
        "Net Income": -13
    },
    "2018-06-30": {
        "Diluted EPS": -0.2,
        "Total Revenue": 34,
        "Gross Profit": 9,
        "Operating Income": -9,
        "EBIT": -7,
        "Net Income": -5
    },
    "2018-03-31": {
        "Diluted EPS": -0.2,
        "Total Revenue": 41,
        "Gross Profit": 15,
        "Operating Income": -4,
        "EBIT": 0,
        "Net Income": -5
    },
    "2017-12-31": {
        "Diluted EPS": 0.2,
        "Total Revenue": 24,
        "Gross Profit": 1,
        "Operating Income": -9,
        "EBIT": -6,
        "Net Income": 2
    },
    "2017-09-30": {
        "Diluted EPS": -0.3,
        "Total Revenue": 13,
        "Gross Profit": 5,
        "Operating Income": -7,
        "EBIT": -6,
        "Net Income": -8
    },
    "2017-06-30": {
        "Diluted EPS": -0.1,
        "Total Revenue": 15,
        "Gross Profit": 7,
        "Operating Income": -3,
        "EBIT": -2,
        "Net Income": -2
    },
    "2017-03-31": {
        "Diluted EPS": -0.1,
        "Total Revenue": 15,
        "Gross Profit": 8,
        "Operating Income": -7,
        "EBIT": -7,
        "Net Income": -3
    },
    "2016-12-31": {
        "Diluted EPS": -0.1,
        "Total Revenue": 11,
        "Gross Profit": 4,
        "Operating Income": -5,
        "EBIT": -4,
        "Net Income": -4
    },
    "2016-09-30": {
        "Diluted EPS": 0.1,
        "Total Revenue": 13,
        "Gross Profit": 7,
        "Operating Income": 3,
        "EBIT": 4,
        "Net Income": 4
    },
    "2016-06-30": {
        "Diluted EPS": 0.3,
        "Total Revenue": 15,
        "Gross Profit": 9,
        "Operating Income": 7,
        "EBIT": 8,
        "Net Income": 8
    },
    "2016-03-31": {
        "Diluted EPS": 0.4,
        "Total Revenue": 21,
        "Gross Profit": 12,
        "Operating Income": 10,
        "EBIT": 11,
        "Net Income": 13
    },
    "2015-12-31": {
        "Diluted EPS": -0.5,
        "Total Revenue": 11,
        "Gross Profit": 6,
        "Operating Income": -27,
        "EBIT": -26,
        "Net Income": -15
    },
    "2015-09-30": {
        "Diluted EPS": 0.1,
        "Total Revenue": 23,
        "Gross Profit": 11,
        "Operating Income": 2,
        "EBIT": 2,
        "Net Income": 3
    },
    "2015-06-30": {
        "Diluted EPS": -0.5,
        "Total Revenue": 16,
        "Gross Profit": 9,
        "Operating Income": -30,
        "EBIT": -29,
        "Net Income": -14
    },
    "2015-03-31": {
        "Diluted EPS": 0.2,
        "Total Revenue": 23,
        "Gross Profit": 12,
        "Operating Income": 5,
        "EBIT": 6,
        "Net Income": 6
    },
    "2014-12-31": {
        "Diluted EPS": -7.2,
        "Total Revenue": 14,
        "Gross Profit": 3,
        "Operating Income": -266,
        "EBIT": -277,
        "Net Income": -213
    },
    "2014-09-30": {
        "Diluted EPS": -0.4,
        "Total Revenue": 9,
        "Gross Profit": -2,
        "Operating Income": -15,
        "EBIT": -14,
        "Net Income": -13
    },
    "2014-06-30": {
        "Diluted EPS": -3.5,
        "Total Revenue": 12,
        "Gross Profit": 1,
        "Operating Income": -129,
        "EBIT": -129,
        "Net Income": -104
    },
    "2014-03-31": {
        "Diluted EPS": 0.6,
        "Total Revenue": 11,
        "Gross Profit": 3,
        "Operating Income": -1,
        "EBIT": 7,
        "Net Income": 18
    },
    "2013-12-31": {
        "Diluted EPS": -0.4,
        "Total Revenue": 10,
        "Gross Profit": 2,
        "Operating Income": -34,
        "EBIT": -33,
        "Net Income": -11
    },
    "2013-09-30": {
        "Diluted EPS": 0.1,
        "Total Revenue": 12,
        "Gross Profit": 4,
        "Operating Income": -9,
        "EBIT": -8,
        "Net Income": 3
    },
    "2013-06-30": {
        "Diluted EPS": -4.3,
        "Total Revenue": 10,
        "Gross Profit": 2,
        "Operating Income": -140,
        "EBIT": -139,
        "Net Income": -129
    },
    "2013-03-31": {
        "Diluted EPS": -0.4,
        "Total Revenue": 13,
        "Gross Profit": 3,
        "Operating Income": -18,
        "EBIT": -17,
        "Net Income": -11
    },
    "2012-12-31": {
        "Diluted EPS": -1.0,
        "Total Revenue": -9,
        "Gross Profit": -13,
        "Operating Income": -35,
        "EBIT": -35,
        "Net Income": -26
    },
    "2012-09-30": {
        "Diluted EPS": -0.1,
        "Total Revenue": 12,
        "Gross Profit": 12,
        "Operating Income": -11,
        "EBIT": -10,
        "Net Income": -3
    },
    "2012-06-30": {
        "Diluted EPS": -0.8,
        "Total Revenue": 1,
        "Gross Profit": 1,
        "Operating Income": -25,
        "EBIT": -25,
        "Net Income": -20
    },
    "2012-03-31": {
        "Diluted EPS": -0.7,
        "Total Revenue": 3,
        "Gross Profit": 3,
        "Operating Income": -21,
        "EBIT": -21,
        "Net Income": -17
    },
    "2011-12-31": {
        "Diluted EPS": -0.9,
        "Total Revenue": NaN,
        "Gross Profit": NaN,
        "Operating Income": -16,
        "EBIT": -16,
        "Net Income": -16
    },
    "2011-09-30": {
        "Diluted EPS": -1.7,
        "Total Revenue": NaN,
        "Gross Profit": NaN,
        "Operating Income": -21,
        "EBIT": -21,
        "Net Income": -24
    },
    "2011-06-30": {
        "Diluted EPS": -0.9,
        "Total Revenue": NaN,
        "Gross Profit": NaN,
        "Operating Income": -13,
        "EBIT": -13,
        "Net Income": -13
    },
    "2011-03-31": {
        "Diluted EPS": -0.7,
        "Total Revenue": NaN,
        "Gross Profit": NaN,
        "Operating Income": -9,
        "EBIT": -9,
        "Net Income": -9
    },
    "2010-12-31": {
        "Diluted EPS": -0.3,
        "Total Revenue": NaN,
        "Gross Profit": NaN,
        "Operating Income": -8,
        "EBIT": -8,
        "Net Income": -7
    },
    "2010-09-30": {
        "Diluted EPS": -0.7,
        "Total Revenue": NaN,
        "Gross Profit": NaN,
        "Operating Income": -9,
        "EBIT": -9,
        "Net Income": -8
    },
    "2010-06-30": {
        "Diluted EPS": -0.9,
        "Total Revenue": NaN,
        "Gross Profit": NaN,
        "Operating Income": -12,
        "EBIT": -12,
        "Net Income": -11
    },
    "2010-03-31": {
        "Diluted EPS": -0.6,
        "Total Revenue": NaN,
        "Gross Profit": NaN,
        "Operating Income": -7,
        "EBIT": -7,
        "Net Income": -7
    },
    "2009-12-31": {
        "Diluted EPS": -0.4,
        "Total Revenue": NaN,
        "Gross Profit": NaN,
        "Operating Income": -6,
        "EBIT": -6,
        "Net Income": -4
    },
    "2009-09-30": {
        "Diluted EPS": -1.2,
        "Total Revenue": NaN,
        "Gross Profit": NaN,
        "Operating Income": -21,
        "EBIT": -21,
        "Net Income": -15
    },
    "2009-06-30": {
        "Diluted EPS": -0.4,
        "Total Revenue": NaN,
        "Gross Profit": NaN,
        "Operating Income": -4,
        "EBIT": -4,
        "Net Income": -4
    },
    "2009-03-31": {
        "Diluted EPS": -0.5,
        "Total Revenue": NaN,
        "Gross Profit": NaN,
        "Operating Income": -5,
        "EBIT": -4,
        "Net Income": -5
    },
    "2023-06-30": {
        "Tax Effect Of Unusual Items": -989724.431693,
        "Tax Rate For Calcs": 0.045222,
        "Normalized EBITDA": -11695000.0,
        "Total Unusual Items": -21886000.0,
        "Total Unusual Items Excluding Goodwill": -21886000.0,
        "Net Income From Continuing Operation Net Minority Interest": -21627000.0,
        "Reconciled Depreciation": 8517000.0,
        "Reconciled Cost Of Revenue": 29655000.0,
        "EBITDA": -33581000.0,
        "EBIT": -42098000.0,
        "Net Interest Income": 19577000.0,
        "Interest Expense": NaN,
        "Interest Income": 19577000.0,
        "Normalized Income": -730724.431693,
        "Net Income From Continuing And Discontinued Operation": -21627000.0,
        "Total Expenses": 76493000.0,
        "Total Operating Income As Reported": -43012000.0,
        "Diluted Average Shares": 47428000.0,
        "Basic Average Shares": 47428000.0,
        "Diluted EPS": -0.46,
        "Basic EPS": -0.46,
        "Diluted NI Availto Com Stockholders": -21627000.0,
        "Net Income Common Stockholders": -21627000.0,
        "Net Income": -21627000.0,
        "Minority Interests": 21634000.0,
        "Net Income Including Noncontrolling Interests": -43261000.0,
        "Net Income Continuous Operations": -43261000.0,
        "Tax Provision": -2049000.0,
        "Pretax Income": -45310000.0,
        "Other Income Expense": -22789000.0,
        "Other Non Operating Income Expenses": 11000.0,
        "Earnings From Equity Interest": -914000.0,
        "Gain On Sale Of Security": -21886000.0,
        "Net Non Operating Interest Income Expense": 19577000.0,
        "Total Other Finance Cost": -19577000.0,
        "Interest Expense Non Operating": NaN,
        "Interest Income Non Operating": 19577000.0,
        "Operating Income": -42098000.0,
        "Operating Expense": 38630000.0,
        "Other Operating Expenses": 36271000.0,
        "Depreciation Amortization Depletion Income Statement": 309000.0,
        "Depreciation And Amortization In Income Statement": 309000.0,
        "Depreciation Income Statement": 309000.0,
        "Selling General And Administration": 2050000.0,
        "General And Administrative Expense": 2050000.0,
        "Other Gand A": 2050000.0,
        "Gross Profit": -3468000.0,
        "Cost Of Revenue": 37863000.0,
        "Total Revenue": 34395000.0,
        "Operating Revenue": 34395000.0
    },
    "2023-09-30": {
        "Tax Effect Of Unusual Items": -94157.039522,
        "Tax Rate For Calcs": 0.008526,
        "Normalized EBITDA": -6619000.0,
        "Total Unusual Items": -11043000.0,
        "Total Unusual Items Excluding Goodwill": -11043000.0,
        "Net Income From Continuing Operation Net Minority Interest": -18451000.0,
        "Reconciled Depreciation": 8506000.0,
        "Reconciled Cost Of Revenue": 26468000.0,
        "EBITDA": -17662000.0,
        "EBIT": -26168000.0,
        "Net Interest Income": 10331000.0,
        "Interest Expense": NaN,
        "Interest Income": NaN,
        "Normalized Income": -7502157.039522,
        "Net Income From Continuing And Discontinued Operation": -18451000.0,
        "Total Expenses": 64572000.0,
        "Total Operating Income As Reported": -28840000.0,
        "Diluted Average Shares": 47471000.0,
        "Basic Average Shares": 47471000.0,
        "Diluted EPS": -0.39,
        "Basic EPS": -0.39,
        "Diluted NI Availto Com Stockholders": -18451000.0,
        "Net Income Common Stockholders": -18451000.0,
        "Net Income": -18451000.0,
        "Minority Interests": 9922000.0,
        "Net Income Including Noncontrolling Interests": -28373000.0,
        "Net Income Continuous Operations": -28373000.0,
        "Tax Provision": -244000.0,
        "Pretax Income": -28617000.0,
        "Other Income Expense": -12780000.0,
        "Other Non Operating Income Expenses": 935000.0,
        "Earnings From Equity Interest": -2672000.0,
        "Gain On Sale Of Security": -11043000.0,
        "Net Non Operating Interest Income Expense": 10331000.0,
        "Total Other Finance Cost": -10331000.0,
        "Interest Expense Non Operating": NaN,
        "Interest Income Non Operating": NaN,
        "Operating Income": -26168000.0,
        "Operating Expense": 29923000.0,
        "Other Operating Expenses": 25878000.0,
        "Depreciation Amortization Depletion Income Statement": 325000.0,
        "Depreciation And Amortization In Income Statement": 325000.0,
        "Depreciation Income Statement": 325000.0,
        "Selling General And Administration": 3720000.0,
        "General And Administrative Expense": 3720000.0,
        "Other Gand A": 3720000.0,
        "Gross Profit": 3755000.0,
        "Cost Of Revenue": 34649000.0,
        "Total Revenue": 38404000.0,
        "Operating Revenue": 38404000.0
    },
    "2023-12-31": {
        "Tax Effect Of Unusual Items": 46685850.676469,
        "Tax Rate For Calcs": 0.206218,
        "Normalized EBITDA": -216986000.0,
        "Total Unusual Items": 226391000.0,
        "Total Unusual Items Excluding Goodwill": 226391000.0,
        "Net Income From Continuing Operation Net Minority Interest": 138453000.0,
        "Reconciled Depreciation": 6073000.0,
        "Reconciled Cost Of Revenue": 39187000.0,
        "EBITDA": 9405000.0,
        "EBIT": 3332000.0,
        "Net Interest Income": -1454000.0,
        "Interest Expense": NaN,
        "Interest Income": NaN,
        "Normalized Income": -41252149.323531,
        "Net Income From Continuing And Discontinued Operation": 138453000.0,
        "Total Expenses": 55348000.0,
        "Total Operating Income As Reported": -47380000.0,
        "Diluted Average Shares": NaN,
        "Basic Average Shares": NaN,
        "Diluted EPS": NaN,
        "Basic EPS": NaN,
        "Diluted NI Availto Com Stockholders": 138453000.0,
        "Net Income Common Stockholders": 138453000.0,
        "Net Income": 138453000.0,
        "Minority Interests": -2768000.0,
        "Net Income Including Noncontrolling Interests": 141221000.0,
        "Net Income Continuous Operations": 141221000.0,
        "Tax Provision": 36688000.0,
        "Pretax Income": 177909000.0,
        "Other Income Expense": 176031000.0,
        "Other Non Operating Income Expenses": 352000.0,
        "Earnings From Equity Interest": -50712000.0,
        "Gain On Sale Of Security": 4234000.0,
        "Net Non Operating Interest Income Expense": -1454000.0,
        "Total Other Finance Cost": NaN,
        "Interest Expense Non Operating": NaN,
        "Interest Income Non Operating": NaN,
        "Operating Income": 3332000.0,
        "Operating Expense": 10310000.0,
        "Other Operating Expenses": 3850000.0,
        "Depreciation Amortization Depletion Income Statement": 222000.0,
        "Depreciation And Amortization In Income Statement": 222000.0,
        "Depreciation Income Statement": 222000.0,
        "Selling General And Administration": 6238000.0,
        "General And Administrative Expense": 6238000.0,
        "Other Gand A": 6238000.0,
        "Gross Profit": 13642000.0,
        "Cost Of Revenue": 45038000.0,
        "Total Revenue": 58680000.0,
        "Operating Revenue": 58680000.0
    },
    "2024-03-31": {
        "Tax Effect Of Unusual Items": -12372.580645,
        "Tax Rate For Calcs": 0.111465,
        "Normalized EBITDA": 2299000.0,
        "Total Unusual Items": -111000.0,
        "Total Unusual Items Excluding Goodwill": -111000.0,
        "Net Income From Continuing Operation Net Minority Interest": -20383000.0,
        "Reconciled Depreciation": 7436000.0,
        "Reconciled Cost Of Revenue": 27952000.0,
        "EBITDA": 2188000.0,
        "EBIT": -5248000.0,
        "Net Interest Income": -870000.0,
        "Interest Expense": NaN,
        "Interest Income": NaN,
        "Normalized Income": -20284372.580645,
        "Net Income From Continuing And Discontinued Operation": -20383000.0,
        "Total Expenses": 46476000.0,
        "Total Operating Income As Reported": -21982000.0,
        "Diluted Average Shares": 49440000.0,
        "Basic Average Shares": 49440000.0,
        "Diluted EPS": -0.41,
        "Basic EPS": -0.41,
        "Diluted NI Availto Com Stockholders": -20383000.0,
        "Net Income Common Stockholders": -20383000.0,
        "Net Income": -20383000.0,
        "Minority Interests": 0.0,
        "Net Income Including Noncontrolling Interests": -20383000.0,
        "Net Income Continuous Operations": -20383000.0,
        "Tax Provision": -2557000.0,
        "Pretax Income": -22940000.0,
        "Other Income Expense": -16822000.0,
        "Other Non Operating Income Expenses": 23000.0,
        "Earnings From Equity Interest": -16734000.0,
        "Gain On Sale Of Security": -111000.0,
        "Net Non Operating Interest Income Expense": -870000.0,
        "Total Other Finance Cost": 870000.0,
        "Interest Expense Non Operating": NaN,
        "Interest Income Non Operating": NaN,
        "Operating Income": -5248000.0,
        "Operating Expense": 11259000.0,
        "Other Operating Expenses": 7015000.0,
        "Depreciation Amortization Depletion Income Statement": 171000.0,
        "Depreciation And Amortization In Income Statement": 171000.0,
        "Depreciation Income Statement": 171000.0,
        "Selling General And Administration": 4073000.0,
        "General And Administrative Expense": 4073000.0,
        "Other Gand A": 4073000.0,
        "Gross Profit": 6011000.0,
        "Cost Of Revenue": 35217000.0,
        "Total Revenue": 41228000.0,
        "Operating Revenue": 41228000.0
    },
    "2024-06-30": {
        "Tax Effect Of Unusual Items": -3709.843211,
        "Tax Rate For Calcs": 0.154577,
        "Normalized EBITDA": 5844000.0,
        "Total Unusual Items": -24000.0,
        "Total Unusual Items Excluding Goodwill": -24000.0,
        "Net Income From Continuing Operation Net Minority Interest": -12995000.0,
        "Reconciled Depreciation": 7652000.0,
        "Reconciled Cost Of Revenue": 29224000.0,
        "EBITDA": 5820000.0,
        "EBIT": -1832000.0,
        "Net Interest Income": -1734000.0,
        "Interest Expense": NaN,
        "Interest Income": NaN,
        "Normalized Income": -12974709.843211,
        "Net Income From Continuing And Discontinued Operation": -12995000.0,
        "Total Expenses": 49308000.0,
        "Total Operating Income As Reported": -13947000.0,
        "Diluted Average Shares": 49718000.0,
        "Basic Average Shares": 49718000.0,
        "Diluted EPS": -0.26,
        "Basic EPS": -0.26,
        "Diluted NI Availto Com Stockholders": -12995000.0,
        "Net Income Common Stockholders": -12995000.0,
        "Net Income": -12995000.0,
        "Minority Interests": 0.0,
        "Net Income Including Noncontrolling Interests": -12995000.0,
        "Net Income Continuous Operations": -12995000.0,
        "Tax Provision": -2376000.0,
        "Pretax Income": -15371000.0,
        "Other Income Expense": -11805000.0,
        "Other Non Operating Income Expenses": 334000.0,
        "Earnings From Equity Interest": -12115000.0,
        "Gain On Sale Of Security": -24000.0,
        "Net Non Operating Interest Income Expense": -1734000.0,
        "Total Other Finance Cost": 1734000.0,
        "Interest Expense Non Operating": NaN,
        "Interest Income Non Operating": NaN,
        "Operating Income": -1832000.0,
        "Operating Expense": 12590000.0,
        "Other Operating Expenses": 7971000.0,
        "Depreciation Amortization Depletion Income Statement": 158000.0,
        "Depreciation And Amortization In Income Statement": 158000.0,
        "Depreciation Income Statement": 158000.0,
        "Selling General And Administration": 4461000.0,
        "General And Administrative Expense": 4461000.0,
        "Other Gand A": 4461000.0,
        "Gross Profit": 10758000.0,
        "Cost Of Revenue": 36718000.0,
        "Total Revenue": 47476000.0,
        "Operating Revenue": 47476000.0
    }
}