{
    "2023-06-30": {
        "Tax Effect Of Unusual Items": 0.0,
        "Tax Rate For Calcs": 0.196504,
        "Total Unusual Items": -986000.0,
        "Total Unusual Items Excluding Goodwill": -986000.0,
        "Net Income From Continuing Operation Net Minority Interest": 8112000.0,
        "Reconciled Depreciation": 1259000.0,
        "Net Interest Income": 29582000.0,
        "Interest Expense": 17449000.0,
        "Interest Income": 47031000.0,
        "Normalized Income": 8112000.0,
        "Net Income From Continuing And Discontinued Operation": 8112000.0,
        "Diluted Average Shares": 12915294.0,
        "Basic Average Shares": 12689669.0,
        "Diluted EPS": 0.63,
        "Basic EPS": 0.64,
        "Diluted NI Availto Com Stockholders": 8112000.0,
        "Net Income Common Stockholders": 8112000.0,
        "Net Income": 8112000.0,
        "Minority Interests": 114000.0,
        "Net Income Including Noncontrolling Interests": 7998000.0,
        "Net Income Discontinuous Operations": 0.0,
        "Net Income Continuous Operations": 7998000.0,
        "Tax Provision": 1956000.0,
        "Pretax Income": 9954000.0,
        "Special Income Charges": -986000.0,
        "Gain On Sale Of Business": -986000.0,
        "Restructuring And Mergern Acquisition": NaN,
        "Gain On Sale Of Security": -134000.0,
        "Depreciation Amortization Depletion Income Statement": 1451000.0,
        "Depreciation And Amortization In Income Statement": 1451000.0,
        "Depreciation Income Statement": 1451000.0,
        "Selling General And Administration": 15746000.0,
        "Selling And Marketing Expense": NaN,
        "General And Administrative Expense": 15746000.0,
        "Other Gand A": NaN,
        "Insurance And Claims": 1131000.0,
        "Salaries And Wages": 15746000.0,
        "Total Revenue": 34128000.0,
        "Operating Revenue": 34128000.0
    },
    "2023-03-31": {
        "Tax Effect Of Unusual Items": 0.0,
        "Tax Rate For Calcs": 0.160179,
        "Total Unusual Items": NaN,
        "Total Unusual Items Excluding Goodwill": NaN,
        "Net Income From Continuing Operation Net Minority Interest": 2560000.0,
        "Reconciled Depreciation": 1424000.0,
        "Net Interest Income": 32729000.0,
        "Interest Expense": 12034000.0,
        "Interest Income": 44763000.0,
        "Normalized Income": 2560000.0,
        "Net Income From Continuing And Discontinued Operation": 11342000.0,
        "Diluted Average Shares": 13016082.0,
        "Basic Average Shares": 12623361.0,
        "Diluted EPS": 0.87,
        "Basic EPS": 0.9,
        "Diluted NI Availto Com Stockholders": 11342000.0,
        "Net Income Common Stockholders": 11342000.0,
        "Net Income": 11342000.0,
        "Minority Interests": 122000.0,
        "Net Income Including Noncontrolling Interests": 11220000.0,
        "Net Income Discontinuous Operations": 8782000.0,
        "Net Income Continuous Operations": 2438000.0,
        "Tax Provision": 465000.0,
        "Pretax Income": 2903000.0,
        "Special Income Charges": NaN,
        "Gain On Sale Of Business": NaN,
        "Restructuring And Mergern Acquisition": NaN,
        "Gain On Sale Of Security": -1844000.0,
        "Depreciation Amortization Depletion Income Statement": 1457000.0,
        "Depreciation And Amortization In Income Statement": 1457000.0,
        "Depreciation Income Statement": 1457000.0,
        "Selling General And Administration": 16746000.0,
        "Selling And Marketing Expense": NaN,
        "General And Administrative Expense": 16746000.0,
        "Other Gand A": NaN,
        "Insurance And Claims": 904000.0,
        "Salaries And Wages": 16746000.0,
        "Total Revenue": 36989000.0,
        "Operating Revenue": 36989000.0
    },
    "2022-12-31": {
        "Tax Effect Of Unusual Items": 0.0,
        "Tax Rate For Calcs": 0.235936,
        "Total Unusual Items": NaN,
        "Total Unusual Items Excluding Goodwill": NaN,
        "Net Income From Continuing Operation Net Minority Interest": 6509000.0,
        "Reconciled Depreciation": 2081000.0,
        "Net Interest Income": 33449000.0,
        "Interest Expense": 7253000.0,
        "Interest Income": 40702000.0,
        "Normalized Income": 6509000.0,
        "Net Income From Continuing And Discontinued Operation": 6509000.0,
        "Diluted Average Shares": 12925214.0,
        "Basic Average Shares": 12607764.0,
        "Diluted EPS": 0.5,
        "Basic EPS": 0.52,
        "Diluted NI Availto Com Stockholders": 6509000.0,
        "Net Income Common Stockholders": 6509000.0,
        "Net Income": 6509000.0,
        "Minority Interests": 139000.0,
        "Net Income Including Noncontrolling Interests": 6370000.0,
        "Net Income Discontinuous Operations": NaN,
        "Net Income Continuous Operations": 6370000.0,
        "Tax Provision": 1967000.0,
        "Pretax Income": 8337000.0,
        "Special Income Charges": NaN,
        "Gain On Sale Of Business": NaN,
        "Restructuring And Mergern Acquisition": NaN,
        "Gain On Sale Of Security": -1397000.0,
        "Depreciation Amortization Depletion Income Statement": 1545000.0,
        "Depreciation And Amortization In Income Statement": 1545000.0,
        "Depreciation Income Statement": 1545000.0,
        "Selling General And Administration": 16902000.0,
        "Selling And Marketing Expense": NaN,
        "General And Administrative Expense": 16902000.0,
        "Other Gand A": 2731000.0,
        "Insurance And Claims": 833000.0,
        "Salaries And Wages": 16902000.0,
        "Total Revenue": 41152000.0,
        "Operating Revenue": 41152000.0
    },
    "2022-09-30": {
        "Tax Effect Of Unusual Items": 0.0,
        "Tax Rate For Calcs": 0.134485,
        "Total Unusual Items": NaN,
        "Total Unusual Items Excluding Goodwill": NaN,
        "Net Income From Continuing Operation Net Minority Interest": 2718000.0,
        "Reconciled Depreciation": 1461000.0,
        "Net Interest Income": 29846000.0,
        "Interest Expense": 4057000.0,
        "Interest Income": 33903000.0,
        "Normalized Income": 2718000.0,
        "Net Income From Continuing And Discontinued Operation": 2718000.0,
        "Diluted Average Shares": 12854951.0,
        "Basic Average Shares": 12238505.0,
        "Diluted EPS": 0.21,
        "Basic EPS": 0.22,
        "Diluted NI Availto Com Stockholders": 2718000.0,
        "Net Income Common Stockholders": 2718000.0,
        "Net Income": 2718000.0,
        "Minority Interests": 163000.0,
        "Net Income Including Noncontrolling Interests": 2555000.0,
        "Net Income Discontinuous Operations": NaN,
        "Net Income Continuous Operations": 2555000.0,
        "Tax Provision": 397000.0,
        "Pretax Income": 2952000.0,
        "Special Income Charges": NaN,
        "Gain On Sale Of Business": NaN,
        "Restructuring And Mergern Acquisition": NaN,
        "Gain On Sale Of Security": -217000.0,
        "Depreciation Amortization Depletion Income Statement": 1519000.0,
        "Depreciation And Amortization In Income Statement": 1519000.0,
        "Depreciation Income Statement": 1519000.0,
        "Selling General And Administration": 18316000.0,
        "Selling And Marketing Expense": 226000.0,
        "General And Administrative Expense": 18316000.0,
        "Other Gand A": 3073000.0,
        "Insurance And Claims": 627000.0,
        "Salaries And Wages": 18316000.0,
        "Total Revenue": 39058000.0,
        "Operating Revenue": 39058000.0
    },
    "2022-06-30": {
        "Tax Effect Of Unusual Items": 0.0,
        "Tax Rate For Calcs": 0.235342,
        "Total Unusual Items": NaN,
        "Total Unusual Items Excluding Goodwill": NaN,
        "Net Income From Continuing Operation Net Minority Interest": 2956000.0,
        "Reconciled Depreciation": 929000.0,
        "Net Interest Income": 26660000.0,
        "Interest Expense": 1430000.0,
        "Interest Income": 28090000.0,
        "Normalized Income": 2956000.0,
        "Net Income From Continuing And Discontinued Operation": 2956000.0,
        "Diluted Average Shares": 12895581.0,
        "Basic Average Shares": 12176805.0,
        "Diluted EPS": 0.23,
        "Basic EPS": 0.24,
        "Diluted NI Availto Com Stockholders": 2956000.0,
        "Net Income Common Stockholders": 2956000.0,
        "Net Income": 2956000.0,
        "Minority Interests": 165000.0,
        "Net Income Including Noncontrolling Interests": 2791000.0,
        "Net Income Discontinuous Operations": NaN,
        "Net Income Continuous Operations": 2791000.0,
        "Tax Provision": 859000.0,
        "Pretax Income": 3650000.0,
        "Special Income Charges": NaN,
        "Gain On Sale Of Business": NaN,
        "Gain On Sale Of Security": 74000.0,
        "Depreciation Amortization Depletion Income Statement": 1267000.0,
        "Depreciation And Amortization In Income Statement": 1267000.0,
        "Depreciation Income Statement": 1267000.0,
        "Selling General And Administration": 18983000.0,
        "Selling And Marketing Expense": 195000.0,
        "General And Administrative Expense": 18983000.0,
        "Other Gand A": 3398000.0,
        "Insurance And Claims": 614000.0,
        "Salaries And Wages": 18983000.0,
        "Total Revenue": 38569000.0,
        "Operating Revenue": 38569000.0
    },
    "2022-03-31": {
        "Diluted EPS": 0.22,
        "Total Revenue": 33,
        "Gross Profit": 31,
        "Operating Income": 3,
        "EBIT": NaN,
        "Net Income": 3
    },
    "2021-12-31": {
        "Diluted EPS": 0.79,
        "Total Revenue": 38,
        "Gross Profit": 36,
        "Operating Income": 13,
        "EBIT": NaN,
        "Net Income": 10
    },
    "2021-09-30": {
        "Diluted EPS": 0.92,
        "Total Revenue": 42,
        "Gross Profit": 41,
        "Operating Income": 15,
        "EBIT": NaN,
        "Net Income": 12
    },
    "2021-06-30": {
        "Diluted EPS": 0.73,
        "Total Revenue": 34,
        "Gross Profit": 33,
        "Operating Income": 11,
        "EBIT": NaN,
        "Net Income": 9
    },
    "2021-03-31": {
        "Diluted EPS": 0.66,
        "Total Revenue": 32,
        "Gross Profit": 30,
        "Operating Income": 10,
        "EBIT": NaN,
        "Net Income": 8
    },
    "2020-12-31": {
        "Diluted EPS": 0.96,
        "Total Revenue": 35,
        "Gross Profit": 34,
        "Operating Income": 13,
        "EBIT": NaN,
        "Net Income": 12
    },
    "2020-09-30": {
        "Diluted EPS": 0.53,
        "Total Revenue": 38,
        "Gross Profit": 35,
        "Operating Income": 9,
        "EBIT": NaN,
        "Net Income": 6
    },
    "2020-06-30": {
        "Diluted EPS": 1.49,
        "Total Revenue": 67,
        "Gross Profit": 64,
        "Operating Income": 24,
        "EBIT": NaN,
        "Net Income": 18
    },
    "2020-03-31": {
        "Diluted EPS": 0.08,
        "Total Revenue": 32,
        "Gross Profit": 27,
        "Operating Income": 1,
        "EBIT": NaN,
        "Net Income": 1
    },
    "2019-12-31": {
        "Diluted EPS": 0.41,
        "Total Revenue": 36,
        "Gross Profit": 31,
        "Operating Income": 5,
        "EBIT": NaN,
        "Net Income": 4
    },
    "2019-09-30": {
        "Diluted EPS": 0.35,
        "Total Revenue": 36,
        "Gross Profit": 30,
        "Operating Income": 6,
        "EBIT": NaN,
        "Net Income": 4
    },
    "2019-06-30": {
        "Diluted EPS": 1.18,
        "Total Revenue": 47,
        "Gross Profit": 41,
        "Operating Income": 20,
        "EBIT": NaN,
        "Net Income": 15
    },
    "2019-03-31": {
        "Diluted EPS": 0.26,
        "Total Revenue": 28,
        "Gross Profit": 23,
        "Operating Income": 4,
        "EBIT": NaN,
        "Net Income": 3
    },
    "2018-12-31": {
        "Diluted EPS": 0.23,
        "Total Revenue": 28,
        "Gross Profit": 23,
        "Operating Income": 4,
        "EBIT": NaN,
        "Net Income": 3
    },
    "2018-09-30": {
        "Diluted EPS": 0.29,
        "Total Revenue": 29,
        "Gross Profit": 24,
        "Operating Income": 5,
        "EBIT": NaN,
        "Net Income": 3
    },
    "2018-06-30": {
        "Diluted EPS": 0.25,
        "Total Revenue": 28,
        "Gross Profit": 23,
        "Operating Income": 4,
        "EBIT": NaN,
        "Net Income": 3
    },
    "2018-03-31": {
        "Diluted EPS": 0.23,
        "Total Revenue": 24,
        "Gross Profit": 21,
        "Operating Income": 3,
        "EBIT": NaN,
        "Net Income": 2
    },
    "2017-12-31": {
        "Diluted EPS": 0.13,
        "Total Revenue": 25,
        "Gross Profit": 22,
        "Operating Income": 3,
        "EBIT": NaN,
        "Net Income": 1
    },
    "2017-09-30": {
        "Diluted EPS": 0.21,
        "Total Revenue": 25,
        "Gross Profit": 22,
        "Operating Income": 4,
        "EBIT": NaN,
        "Net Income": 2
    },
    "2017-06-30": {
        "Diluted EPS": 0.2,
        "Total Revenue": 25,
        "Gross Profit": 22,
        "Operating Income": 3,
        "EBIT": NaN,
        "Net Income": 2
    },
    "2017-03-31": {
        "Diluted EPS": 0.14,
        "Total Revenue": 22,
        "Gross Profit": 19,
        "Operating Income": 2,
        "EBIT": NaN,
        "Net Income": 1
    },
    "2016-12-31": {
        "Diluted EPS": 0.24,
        "Total Revenue": 24,
        "Gross Profit": 21,
        "Operating Income": 4,
        "EBIT": NaN,
        "Net Income": 2
    },
    "2016-09-30": {
        "Diluted EPS": 0.24,
        "Total Revenue": 26,
        "Gross Profit": 23,
        "Operating Income": 3,
        "EBIT": NaN,
        "Net Income": 2
    },
    "2016-06-30": {
        "Diluted EPS": 0.63,
        "Total Revenue": 26,
        "Gross Profit": 23,
        "Operating Income": 4,
        "EBIT": NaN,
        "Net Income": 6
    },
    "2016-03-31": {
        "Diluted EPS": 0.2,
        "Total Revenue": 22,
        "Gross Profit": 19,
        "Operating Income": 3,
        "EBIT": NaN,
        "Net Income": 2
    },
    "2015-12-31": {
        "Diluted EPS": 0.16,
        "Total Revenue": 18,
        "Gross Profit": 15,
        "Operating Income": 1,
        "EBIT": NaN,
        "Net Income": 1
    },
    "2015-09-30": {
        "Diluted EPS": 0.16,
        "Total Revenue": 20,
        "Gross Profit": 17,
        "Operating Income": 2,
        "EBIT": NaN,
        "Net Income": 1
    },
    "2015-06-30": {
        "Diluted EPS": 0.21,
        "Total Revenue": 20,
        "Gross Profit": 18,
        "Operating Income": 3,
        "EBIT": NaN,
        "Net Income": 2
    },
    "2015-03-31": {
        "Diluted EPS": 0.24,
        "Total Revenue": 21,
        "Gross Profit": 19,
        "Operating Income": 3,
        "EBIT": NaN,
        "Net Income": 2
    },
    "2014-12-31": {
        "Diluted EPS": -0.1,
        "Total Revenue": 12,
        "Gross Profit": 10,
        "Operating Income": 0,
        "EBIT": NaN,
        "Net Income": -1
    },
    "2014-09-30": {
        "Diluted EPS": 0.05,
        "Total Revenue": 16,
        "Gross Profit": 14,
        "Operating Income": 1,
        "EBIT": NaN,
        "Net Income": 0
    },
    "2014-06-30": {
        "Diluted EPS": 0.12,
        "Total Revenue": 16,
        "Gross Profit": 14,
        "Operating Income": 1,
        "EBIT": NaN,
        "Net Income": 1
    },
    "2014-03-31": {
        "Diluted EPS": 0.15,
        "Total Revenue": 14,
        "Gross Profit": 13,
        "Operating Income": 1,
        "EBIT": NaN,
        "Net Income": 1
    },
    "2013-12-31": {
        "Diluted EPS": 0.07,
        "Total Revenue": 13,
        "Gross Profit": 12,
        "Operating Income": 0,
        "EBIT": NaN,
        "Net Income": 1
    },
    "2013-09-30": {
        "Diluted EPS": 0.1,
        "Total Revenue": 14,
        "Gross Profit": 13,
        "Operating Income": 1,
        "EBIT": NaN,
        "Net Income": 1
    },
    "2013-06-30": {
        "Diluted EPS": 0.21,
        "Total Revenue": 15,
        "Gross Profit": 14,
        "Operating Income": 2,
        "EBIT": NaN,
        "Net Income": 1
    },
    "2013-03-31": {
        "Diluted EPS": 0.19,
        "Total Revenue": 13,
        "Gross Profit": 12,
        "Operating Income": 1,
        "EBIT": NaN,
        "Net Income": 1
    },
    "2012-12-31": {
        "Diluted EPS": -0.27,
        "Total Revenue": 10,
        "Gross Profit": 8,
        "Operating Income": 1,
        "EBIT": NaN,
        "Net Income": 1
    },
    "2012-09-30": {
        "Diluted EPS": 0.46,
        "Total Revenue": 7,
        "Gross Profit": 6,
        "Operating Income": 1,
        "EBIT": NaN,
        "Net Income": 1
    },
    "2012-06-30": {
        "Diluted EPS": 0.33,
        "Total Revenue": 7,
        "Gross Profit": 5,
        "Operating Income": 1,
        "EBIT": NaN,
        "Net Income": 1
    },
    "2012-03-31": {
        "Diluted EPS": 0.38,
        "Total Revenue": 6,
        "Gross Profit": 5,
        "Operating Income": 1,
        "EBIT": NaN,
        "Net Income": 1
    },
    "2011-12-31": {
        "Diluted EPS": 0.0,
        "Total Revenue": NaN,
        "Gross Profit": NaN,
        "Operating Income": NaN,
        "EBIT": NaN,
        "Net Income": NaN
    },
    "2023-09-30": {
        "Tax Effect Of Unusual Items": 0.0,
        "Tax Rate For Calcs": 0.239293,
        "Total Unusual Items": 0.0,
        "Total Unusual Items Excluding Goodwill": 0.0,
        "Net Income From Continuing Operation Net Minority Interest": 3867000.0,
        "Reconciled Depreciation": NaN,
        "Net Interest Income": 29865000.0,
        "Interest Expense": 18460000.0,
        "Interest Income": 48325000.0,
        "Normalized Income": 3867000.0,
        "Net Income From Continuing And Discontinued Operation": 3867000.0,
        "Diluted Average Shares": 13116629.0,
        "Basic Average Shares": 12722010.0,
        "Diluted EPS": 0.29,
        "Basic EPS": 0.3,
        "Diluted NI Availto Com Stockholders": 3867000.0,
        "Net Income Common Stockholders": 3867000.0,
        "Net Income": 3867000.0,
        "Minority Interests": -5000.0,
        "Net Income Including Noncontrolling Interests": 3872000.0,
        "Net Income Discontinuous Operations": 0.0,
        "Net Income Continuous Operations": 3872000.0,
        "Tax Provision": 1218000.0,
        "Pretax Income": 5090000.0,
        "Special Income Charges": 0.0,
        "Gain On Sale Of Business": NaN,
        "Restructuring And Mergern Acquisition": 0.0,
        "Gain On Sale Of Security": 244000.0,
        "Depreciation Amortization Depletion Income Statement": NaN,
        "Depreciation And Amortization In Income Statement": NaN,
        "Depreciation Income Statement": NaN,
        "Selling General And Administration": 16016000.0,
        "Selling And Marketing Expense": NaN,
        "General And Administrative Expense": 16016000.0,
        "Other Gand A": NaN,
        "Insurance And Claims": NaN,
        "Salaries And Wages": 16016000.0,
        "Total Revenue": 36406000.0,
        "Operating Revenue": 36406000.0
    }
}