{
    "2023-03-31": {
        "Tax Effect Of Unusual Items": NaN,
        "Tax Rate For Calcs": NaN,
        "Normalized EBITDA": NaN,
        "Total Unusual Items": NaN,
        "Total Unusual Items Excluding Goodwill": NaN,
        "Net Income From Continuing Operation Net Minority Interest": NaN,
        "Reconciled Depreciation": NaN,
        "Reconciled Cost Of Revenue": NaN,
        "EBITDA": NaN,
        "EBIT": NaN,
        "Net Interest Income": NaN,
        "Interest Expense": NaN,
        "Interest Income": NaN,
        "Normalized Income": NaN,
        "Net Income From Continuing And Discontinued Operation": NaN,
        "Total Expenses": NaN,
        "Total Operating Income As Reported": NaN,
        "Diluted Average Shares": NaN,
        "Basic Average Shares": NaN,
        "Diluted EPS": NaN,
        "Basic EPS": NaN,
        "Diluted NI Availto Com Stockholders": NaN,
        "Net Income Common Stockholders": NaN,
        "Net Income": NaN,
        "Minority Interests": NaN,
        "Net Income Including Noncontrolling Interests": NaN,
        "Net Income Continuous Operations": NaN,
        "Tax Provision": NaN,
        "Pretax Income": NaN,
        "Other Income Expense": NaN,
        "Other Non Operating Income Expenses": NaN,
        "Special Income Charges": NaN,
        "Impairment Of Capital Assets": NaN,
        "Gain On Sale Of Security": 17000.0,
        "Net Non Operating Interest Income Expense": NaN,
        "Interest Expense Non Operating": NaN,
        "Interest Income Non Operating": NaN,
        "Operating Income": NaN,
        "Operating Expense": NaN,
        "Other Operating Expenses": NaN,
        "Research And Development": NaN,
        "Selling General And Administration": NaN,
        "Selling And Marketing Expense": NaN,
        "General And Administrative Expense": NaN,
        "Other Gand A": NaN,
        "Gross Profit": NaN,
        "Cost Of Revenue": NaN,
        "Total Revenue": NaN,
        "Operating Revenue": NaN
    },
    "2022-12-31": {
        "Tax Effect Of Unusual Items": NaN,
        "Tax Rate For Calcs": NaN,
        "Normalized EBITDA": NaN,
        "Total Unusual Items": NaN,
        "Total Unusual Items Excluding Goodwill": NaN,
        "Net Income From Continuing Operation Net Minority Interest": NaN,
        "Reconciled Depreciation": NaN,
        "Reconciled Cost Of Revenue": NaN,
        "EBITDA": NaN,
        "EBIT": NaN,
        "Net Interest Income": NaN,
        "Interest Expense": NaN,
        "Interest Income": NaN,
        "Normalized Income": NaN,
        "Net Income From Continuing And Discontinued Operation": NaN,
        "Total Expenses": NaN,
        "Total Operating Income As Reported": NaN,
        "Diluted Average Shares": NaN,
        "Basic Average Shares": NaN,
        "Diluted EPS": NaN,
        "Basic EPS": NaN,
        "Diluted NI Availto Com Stockholders": NaN,
        "Net Income Common Stockholders": NaN,
        "Otherunder Preferred Stock Dividend": 0.0,
        "Net Income": NaN,
        "Minority Interests": NaN,
        "Net Income Including Noncontrolling Interests": NaN,
        "Net Income Continuous Operations": NaN,
        "Tax Provision": NaN,
        "Pretax Income": NaN,
        "Other Income Expense": NaN,
        "Other Non Operating Income Expenses": NaN,
        "Special Income Charges": NaN,
        "Impairment Of Capital Assets": NaN,
        "Gain On Sale Of Security": 58000.0,
        "Net Non Operating Interest Income Expense": NaN,
        "Interest Expense Non Operating": NaN,
        "Interest Income Non Operating": NaN,
        "Operating Income": NaN,
        "Operating Expense": NaN,
        "Other Operating Expenses": NaN,
        "Research And Development": NaN,
        "Selling General And Administration": NaN,
        "Selling And Marketing Expense": NaN,
        "General And Administrative Expense": NaN,
        "Other Gand A": NaN,
        "Gross Profit": NaN,
        "Cost Of Revenue": NaN,
        "Total Revenue": NaN,
        "Operating Revenue": NaN
    },
    "2022-09-30": {
        "Tax Effect Of Unusual Items": NaN,
        "Tax Rate For Calcs": NaN,
        "Normalized EBITDA": NaN,
        "Total Unusual Items": 101000.0,
        "Total Unusual Items Excluding Goodwill": 101000.0,
        "Net Income From Continuing Operation Net Minority Interest": NaN,
        "Reconciled Depreciation": NaN,
        "Reconciled Cost Of Revenue": NaN,
        "EBITDA": NaN,
        "EBIT": NaN,
        "Net Interest Income": NaN,
        "Interest Expense": NaN,
        "Interest Income": NaN,
        "Normalized Income": NaN,
        "Net Income From Continuing And Discontinued Operation": NaN,
        "Total Expenses": NaN,
        "Total Operating Income As Reported": NaN,
        "Diluted Average Shares": NaN,
        "Basic Average Shares": NaN,
        "Diluted EPS": NaN,
        "Basic EPS": NaN,
        "Diluted NI Availto Com Stockholders": NaN,
        "Net Income Common Stockholders": NaN,
        "Otherunder Preferred Stock Dividend": 0.0,
        "Net Income": NaN,
        "Minority Interests": NaN,
        "Net Income Including Noncontrolling Interests": NaN,
        "Net Income Continuous Operations": NaN,
        "Tax Provision": NaN,
        "Pretax Income": NaN,
        "Other Income Expense": NaN,
        "Other Non Operating Income Expenses": NaN,
        "Gain On Sale Of Security": 101000.0,
        "Net Non Operating Interest Income Expense": NaN,
        "Interest Expense Non Operating": NaN,
        "Interest Income Non Operating": NaN,
        "Operating Income": NaN,
        "Operating Expense": NaN,
        "Other Operating Expenses": NaN,
        "Research And Development": NaN,
        "Selling General And Administration": NaN,
        "Selling And Marketing Expense": NaN,
        "General And Administrative Expense": NaN,
        "Other Gand A": NaN,
        "Gross Profit": NaN,
        "Cost Of Revenue": NaN,
        "Total Revenue": NaN,
        "Operating Revenue": NaN
    },
    "2022-06-30": {
        "Tax Effect Of Unusual Items": 0.0,
        "Tax Rate For Calcs": 0.0,
        "Normalized EBITDA": -39335000.0,
        "Total Unusual Items": 1255000.0,
        "Total Unusual Items Excluding Goodwill": 1255000.0,
        "Net Income From Continuing Operation Net Minority Interest": -44182000.0,
        "Reconciled Depreciation": 5207000.0,
        "Reconciled Cost Of Revenue": 59573000.0,
        "EBITDA": -38080000.0,
        "EBIT": -43287000.0,
        "Net Interest Income": -475000.0,
        "Interest Expense": 895000.0,
        "Interest Income": 420000.0,
        "Normalized Income": -45437000.0,
        "Net Income From Continuing And Discontinued Operation": -44182000.0,
        "Total Expenses": 109386000.0,
        "Total Operating Income As Reported": -44972000.0,
        "Diluted Average Shares": 300565515.0,
        "Basic Average Shares": 300565515.0,
        "Diluted EPS": -0.15,
        "Basic EPS": -0.15,
        "Diluted NI Availto Com Stockholders": -44182000.0,
        "Net Income Common Stockholders": -44182000.0,
        "Otherunder Preferred Stock Dividend": 0.0,
        "Net Income": -44182000.0,
        "Minority Interests": 0.0,
        "Net Income Including Noncontrolling Interests": -44182000.0,
        "Net Income Continuous Operations": -44182000.0,
        "Tax Provision": 0.0,
        "Pretax Income": -44182000.0,
        "Other Income Expense": 1265000.0,
        "Other Non Operating Income Expenses": 10000.0,
        "Gain On Sale Of Security": 1255000.0,
        "Net Non Operating Interest Income Expense": -475000.0,
        "Interest Expense Non Operating": 895000.0,
        "Interest Income Non Operating": 420000.0,
        "Operating Income": -44972000.0,
        "Operating Expense": 49813000.0,
        "Other Operating Expenses": -576000.0,
        "Research And Development": 10244000.0,
        "Selling General And Administration": 40145000.0,
        "Selling And Marketing Expense": 5810000.0,
        "General And Administrative Expense": 34335000.0,
        "Other Gand A": 34335000.0,
        "Gross Profit": 4841000.0,
        "Cost Of Revenue": 59573000.0,
        "Total Revenue": 64414000.0,
        "Operating Revenue": 64414000.0
    },
    "2022-03-31": {
        "Diluted EPS": -0.15,
        "Total Revenue": 37,
        "Gross Profit": 0,
        "Operating Income": -43,
        "EBIT": -38,
        "Net Income": -44
    },
    "2021-12-31": {
        "Diluted EPS": -0.08,
        "Total Revenue": 67,
        "Gross Profit": 1,
        "Operating Income": -48,
        "EBIT": -42,
        "Net Income": -47
    },
    "2021-09-30": {
        "Diluted EPS": -0.49,
        "Total Revenue": 37,
        "Gross Profit": -36,
        "Operating Income": -113,
        "EBIT": -108,
        "Net Income": -120
    },
    "2021-06-30": {
        "Diluted EPS": -0.4,
        "Total Revenue": 33,
        "Gross Profit": -7,
        "Operating Income": -22,
        "EBIT": -17,
        "Net Income": -39
    },
    "2021-03-31": {
        "Diluted EPS": -0.29,
        "Total Revenue": 15,
        "Gross Profit": -1,
        "Operating Income": -11,
        "EBIT": -6,
        "Net Income": -28
    },
    "2020-12-31": {
        "Diluted EPS": -0.56,
        "Total Revenue": 77,
        "Gross Profit": 13,
        "Operating Income": -20,
        "EBIT": -15,
        "Net Income": -61
    },
    "2020-09-30": {
        "Diluted EPS": -0.22,
        "Total Revenue": 31,
        "Gross Profit": 4,
        "Operating Income": -9,
        "EBIT": -9,
        "Net Income": -22
    },
    "2020-06-30": {
        "Diluted EPS": -0.04,
        "Total Revenue": NaN,
        "Gross Profit": NaN,
        "Operating Income": 0,
        "EBIT": 0,
        "Net Income": 0
    },
    "2020-03-31": {
        "Diluted EPS": 0.0,
        "Total Revenue": NaN,
        "Gross Profit": NaN,
        "Operating Income": 0,
        "EBIT": 0,
        "Net Income": 2
    },
    "2019-12-31": {
        "Diluted EPS": -1.13,
        "Total Revenue": NaN,
        "Gross Profit": NaN,
        "Operating Income": -130,
        "EBIT": -130,
        "Net Income": -118
    },
    "2019-09-30": {
        "Diluted EPS": -0.02,
        "Total Revenue": NaN,
        "Gross Profit": NaN,
        "Operating Income": 0,
        "EBIT": 0,
        "Net Income": 1
    },
    "2019-06-30": {
        "Diluted EPS": -0.02,
        "Total Revenue": NaN,
        "Gross Profit": NaN,
        "Operating Income": 0,
        "EBIT": 0,
        "Net Income": 1
    },
    "2019-03-31": {
        "Diluted EPS": 0.0,
        "Total Revenue": NaN,
        "Gross Profit": NaN,
        "Operating Income": 0,
        "EBIT": 0,
        "Net Income": 0
    },
    "2018-12-31": {
        "Diluted EPS": 0.0,
        "Total Revenue": NaN,
        "Gross Profit": NaN,
        "Operating Income": NaN,
        "EBIT": NaN,
        "Net Income": NaN
    },
    "2023-06-30": {
        "Tax Effect Of Unusual Items": 0.0,
        "Tax Rate For Calcs": 0.0,
        "Normalized EBITDA": -20441000.0,
        "Total Unusual Items": -51000.0,
        "Total Unusual Items Excluding Goodwill": -51000.0,
        "Net Income From Continuing Operation Net Minority Interest": -26089000.0,
        "Reconciled Depreciation": 5099000.0,
        "Reconciled Cost Of Revenue": 63492000.0,
        "EBITDA": -20492000.0,
        "EBIT": -25591000.0,
        "Net Interest Income": 1031000.0,
        "Interest Expense": 487000.0,
        "Interest Income": 1518000.0,
        "Normalized Income": -26038000.0,
        "Net Income From Continuing And Discontinued Operation": -26089000.0,
        "Total Expenses": 101768000.0,
        "Total Operating Income As Reported": -26866000.0,
        "Diluted Average Shares": 307742032.0,
        "Basic Average Shares": 307742032.0,
        "Diluted EPS": -0.08,
        "Basic EPS": -0.08,
        "Diluted NI Availto Com Stockholders": -26089000.0,
        "Net Income Common Stockholders": -26089000.0,
        "Net Income": -26089000.0,
        "Minority Interests": -11000.0,
        "Net Income Including Noncontrolling Interests": -26078000.0,
        "Net Income Continuous Operations": -26078000.0,
        "Tax Provision": 0.0,
        "Pretax Income": -26078000.0,
        "Other Income Expense": -294000.0,
        "Other Non Operating Income Expenses": -243000.0,
        "Special Income Charges": -51000.0,
        "Impairment Of Capital Assets": 51000.0,
        "Gain On Sale Of Security": NaN,
        "Net Non Operating Interest Income Expense": 1031000.0,
        "Interest Expense Non Operating": 487000.0,
        "Interest Income Non Operating": 1518000.0,
        "Operating Income": -26815000.0,
        "Operating Expense": 38276000.0,
        "Other Operating Expenses": -637000.0,
        "Research And Development": 9507000.0,
        "Selling General And Administration": 29406000.0,
        "Selling And Marketing Expense": 5897000.0,
        "General And Administrative Expense": 23509000.0,
        "Other Gand A": 23509000.0,
        "Gross Profit": 11461000.0,
        "Cost Of Revenue": 63492000.0,
        "Total Revenue": 74953000.0,
        "Operating Revenue": 74953000.0
    },
    "2023-09-30": {
        "Tax Effect Of Unusual Items": 0.0,
        "Tax Rate For Calcs": 0.0,
        "Normalized EBITDA": -20177000.0,
        "Total Unusual Items": -464000.0,
        "Total Unusual Items Excluding Goodwill": -464000.0,
        "Net Income From Continuing Operation Net Minority Interest": -26130000.0,
        "Reconciled Depreciation": 5040000.0,
        "Reconciled Cost Of Revenue": 62232000.0,
        "EBITDA": -20641000.0,
        "EBIT": -25681000.0,
        "Net Interest Income": 91000.0,
        "Interest Expense": 491000.0,
        "Interest Income": 582000.0,
        "Normalized Income": -25666000.0,
        "Net Income From Continuing And Discontinued Operation": -26130000.0,
        "Total Expenses": 106042000.0,
        "Total Operating Income As Reported": -26348000.0,
        "Diluted Average Shares": 313108457.0,
        "Basic Average Shares": 313108457.0,
        "Diluted EPS": -0.08,
        "Basic EPS": -0.08,
        "Diluted NI Availto Com Stockholders": -26130000.0,
        "Net Income Common Stockholders": -26130000.0,
        "Net Income": -26130000.0,
        "Minority Interests": 42000.0,
        "Net Income Including Noncontrolling Interests": -26172000.0,
        "Net Income Continuous Operations": -26172000.0,
        "Tax Provision": 0.0,
        "Pretax Income": -26172000.0,
        "Other Income Expense": -337000.0,
        "Other Non Operating Income Expenses": 127000.0,
        "Special Income Charges": -422000.0,
        "Impairment Of Capital Assets": 422000.0,
        "Gain On Sale Of Security": -42000.0,
        "Net Non Operating Interest Income Expense": 91000.0,
        "Interest Expense Non Operating": 491000.0,
        "Interest Income Non Operating": 582000.0,
        "Operating Income": -25926000.0,
        "Operating Expense": 43810000.0,
        "Other Operating Expenses": -442000.0,
        "Research And Development": 13241000.0,
        "Selling General And Administration": 31011000.0,
        "Selling And Marketing Expense": 6031000.0,
        "General And Administrative Expense": 24980000.0,
        "Other Gand A": 24980000.0,
        "Gross Profit": 17884000.0,
        "Cost Of Revenue": 62232000.0,
        "Total Revenue": 80116000.0,
        "Operating Revenue": 80116000.0
    },
    "2024-03-31": {
        "Tax Effect Of Unusual Items": 0.0,
        "Tax Rate For Calcs": 0.0,
        "Normalized EBITDA": -15471000.0,
        "Total Unusual Items": 42000.0,
        "Total Unusual Items Excluding Goodwill": 42000.0,
        "Net Income From Continuing Operation Net Minority Interest": -24825000.0,
        "Reconciled Depreciation": 7664000.0,
        "Reconciled Cost Of Revenue": 64126000.0,
        "EBITDA": -15429000.0,
        "EBIT": -23093000.0,
        "Net Interest Income": -1613000.0,
        "Interest Expense": 1732000.0,
        "Interest Income": 119000.0,
        "Normalized Income": -24867000.0,
        "Net Income From Continuing And Discontinued Operation": -24825000.0,
        "Total Expenses": 104469000.0,
        "Total Operating Income As Reported": -23118000.0,
        "Diluted Average Shares": 315367121.0,
        "Basic Average Shares": 315367121.0,
        "Diluted EPS": -0.08,
        "Basic EPS": -0.08,
        "Diluted NI Availto Com Stockholders": -24825000.0,
        "Net Income Common Stockholders": -24825000.0,
        "Net Income": -24825000.0,
        "Minority Interests": 0.0,
        "Net Income Including Noncontrolling Interests": -24825000.0,
        "Net Income Continuous Operations": -24825000.0,
        "Tax Provision": 0.0,
        "Pretax Income": -24825000.0,
        "Other Income Expense": -94000.0,
        "Other Non Operating Income Expenses": -136000.0,
        "Special Income Charges": NaN,
        "Impairment Of Capital Assets": NaN,
        "Gain On Sale Of Security": 42000.0,
        "Net Non Operating Interest Income Expense": -1613000.0,
        "Interest Expense Non Operating": 1732000.0,
        "Interest Income Non Operating": 119000.0,
        "Operating Income": -23118000.0,
        "Operating Expense": 40343000.0,
        "Other Operating Expenses": -534000.0,
        "Research And Development": 11492000.0,
        "Selling General And Administration": 29385000.0,
        "Selling And Marketing Expense": 5591000.0,
        "General And Administrative Expense": 23794000.0,
        "Other Gand A": 23794000.0,
        "Gross Profit": 17225000.0,
        "Cost Of Revenue": 64126000.0,
        "Total Revenue": 81351000.0,
        "Operating Revenue": 81351000.0
    },
    "2024-06-30": {
        "Tax Effect Of Unusual Items": 0.0,
        "Tax Rate For Calcs": 0.0,
        "Normalized EBITDA": -2232000.0,
        "Total Unusual Items": -66480000.0,
        "Total Unusual Items Excluding Goodwill": -66480000.0,
        "Net Income From Continuing Operation Net Minority Interest": -78441000.0,
        "Reconciled Depreciation": 7635000.0,
        "Reconciled Cost Of Revenue": 56480000.0,
        "EBITDA": -68712000.0,
        "EBIT": -76347000.0,
        "Net Interest Income": -1848000.0,
        "Interest Expense": 2094000.0,
        "Interest Income": 246000.0,
        "Normalized Income": -11961000.0,
        "Net Income From Continuing And Discontinued Operation": -78441000.0,
        "Total Expenses": 94389000.0,
        "Total Operating Income As Reported": -75626000.0,
        "Diluted Average Shares": 315509552.0,
        "Basic Average Shares": 315509552.0,
        "Diluted EPS": -0.25,
        "Basic EPS": -0.25,
        "Diluted NI Availto Com Stockholders": -78441000.0,
        "Net Income Common Stockholders": -78441000.0,
        "Net Income": -78441000.0,
        "Minority Interests": 0.0,
        "Net Income Including Noncontrolling Interests": -78441000.0,
        "Net Income Continuous Operations": -78441000.0,
        "Tax Provision": 0.0,
        "Pretax Income": -78441000.0,
        "Other Income Expense": -65879000.0,
        "Other Non Operating Income Expenses": 601000.0,
        "Special Income Charges": -64912000.0,
        "Impairment Of Capital Assets": 64912000.0,
        "Gain On Sale Of Security": -1568000.0,
        "Net Non Operating Interest Income Expense": -1848000.0,
        "Interest Expense Non Operating": 2094000.0,
        "Interest Income Non Operating": 246000.0,
        "Operating Income": -10714000.0,
        "Operating Expense": 37909000.0,
        "Other Operating Expenses": -735000.0,
        "Research And Development": 10107000.0,
        "Selling General And Administration": 28537000.0,
        "Selling And Marketing Expense": 5026000.0,
        "General And Administrative Expense": 23511000.0,
        "Other Gand A": 23511000.0,
        "Gross Profit": 27195000.0,
        "Cost Of Revenue": 56480000.0,
        "Total Revenue": 83675000.0,
        "Operating Revenue": 83675000.0
    },
    "2024-09-30": {
        "Tax Effect Of Unusual Items": 0.0,
        "Tax Rate For Calcs": 0.0,
        "Normalized EBITDA": 22507000.0,
        "Total Unusual Items": 2754000.0,
        "Total Unusual Items Excluding Goodwill": 2754000.0,
        "Net Income From Continuing Operation Net Minority Interest": 13247000.0,
        "Reconciled Depreciation": 7724000.0,
        "Reconciled Cost Of Revenue": 67776000.0,
        "EBITDA": 25261000.0,
        "EBIT": 17537000.0,
        "Net Interest Income": -4104000.0,
        "Interest Expense": 4290000.0,
        "Interest Income": 186000.0,
        "Normalized Income": 10493000.0,
        "Net Income From Continuing And Discontinued Operation": 13247000.0,
        "Total Expenses": 94190000.0,
        "Total Operating Income As Reported": 7186000.0,
        "Diluted Average Shares": 367031181.0,
        "Basic Average Shares": 320545388.0,
        "Diluted EPS": 0.03,
        "Basic EPS": 0.04,
        "Diluted NI Availto Com Stockholders": 13247000.0,
        "Net Income Common Stockholders": 13247000.0,
        "Net Income": 13247000.0,
        "Minority Interests": 0.0,
        "Net Income Including Noncontrolling Interests": 13247000.0,
        "Net Income Continuous Operations": 13247000.0,
        "Tax Provision": 0.0,
        "Pretax Income": 13247000.0,
        "Other Income Expense": 10153000.0,
        "Other Non Operating Income Expenses": 7399000.0,
        "Special Income Charges": -12000.0,
        "Impairment Of Capital Assets": 12000.0,
        "Gain On Sale Of Security": 2766000.0,
        "Net Non Operating Interest Income Expense": -4104000.0,
        "Interest Expense Non Operating": 4290000.0,
        "Interest Income Non Operating": 186000.0,
        "Operating Income": 7198000.0,
        "Operating Expense": 26414000.0,
        "Other Operating Expenses": -1082000.0,
        "Research And Development": 10692000.0,
        "Selling General And Administration": 16804000.0,
        "Selling And Marketing Expense": 4963000.0,
        "General And Administrative Expense": 11841000.0,
        "Other Gand A": 11841000.0,
        "Gross Profit": 33612000.0,
        "Cost Of Revenue": 67776000.0,
        "Total Revenue": 101388000.0,
        "Operating Revenue": 101388000.0
    }
}