{
    "2023-06-30": {
        "Tax Effect Of Unusual Items": -381160.504202,
        "Tax Rate For Calcs": 0.085924,
        "Normalized EBITDA": 20974000.0,
        "Total Unusual Items": -4436000.0,
        "Total Unusual Items Excluding Goodwill": -4436000.0,
        "Net Income From Continuing Operation Net Minority Interest": -4351000.0,
        "Reconciled Depreciation": 18707000.0,
        "Reconciled Cost Of Revenue": 81065000.0,
        "EBITDA": 16538000.0,
        "EBIT": -2169000.0,
        "Net Interest Income": -688000.0,
        "Interest Expense": 2591000.0,
        "Interest Income": 1903000.0,
        "Normalized Income": -296160.504202,
        "Net Income From Continuing And Discontinued Operation": -4351000.0,
        "Total Expenses": 185439000.0,
        "Total Operating Income As Reported": -5937000.0,
        "Diluted Average Shares": 80446000.0,
        "Basic Average Shares": 80446000.0,
        "Diluted EPS": -0.05,
        "Basic EPS": -0.05,
        "Diluted NI Availto Com Stockholders": -4351000.0,
        "Net Income Common Stockholders": -4351000.0,
        "Net Income": -4351000.0,
        "Net Income Including Noncontrolling Interests": -4351000.0,
        "Net Income Continuous Operations": -4351000.0,
        "Tax Provision": -409000.0,
        "Pretax Income": -4760000.0,
        "Other Income Expense": -2571000.0,
        "Other Non Operating Income Expenses": 1865000.0,
        "Special Income Charges": -4436000.0,
        "Impairment Of Capital Assets": 0.0,
        "Restructuring And Mergern Acquisition": 4436000.0,
        "Net Non Operating Interest Income Expense": -688000.0,
        "Interest Expense Non Operating": 2591000.0,
        "Interest Income Non Operating": 1903000.0,
        "Operating Income": -1501000.0,
        "Operating Expense": 104374000.0,
        "Research And Development": 70657000.0,
        "Selling General And Administration": 33717000.0,
        "Gross Profit": 102873000.0,
        "Cost Of Revenue": 81065000.0,
        "Total Revenue": 183938000.0,
        "Operating Revenue": 183938000.0
    },
    "2023-03-31": {
        "Tax Effect Of Unusual Items": NaN,
        "Tax Rate For Calcs": NaN,
        "Normalized EBITDA": NaN,
        "Total Unusual Items": NaN,
        "Total Unusual Items Excluding Goodwill": NaN,
        "Net Income From Continuing Operation Net Minority Interest": NaN,
        "Reconciled Depreciation": NaN,
        "Reconciled Cost Of Revenue": NaN,
        "EBITDA": NaN,
        "EBIT": NaN,
        "Net Interest Income": NaN,
        "Interest Expense": NaN,
        "Interest Income": NaN,
        "Normalized Income": NaN,
        "Net Income From Continuing And Discontinued Operation": NaN,
        "Total Expenses": NaN,
        "Total Operating Income As Reported": NaN,
        "Diluted Average Shares": 81338000.0,
        "Basic Average Shares": 79471000.0,
        "Diluted EPS": 0.12,
        "Basic EPS": 0.12,
        "Diluted NI Availto Com Stockholders": NaN,
        "Net Income Common Stockholders": NaN,
        "Net Income": NaN,
        "Net Income Including Noncontrolling Interests": NaN,
        "Net Income Continuous Operations": NaN,
        "Tax Provision": NaN,
        "Pretax Income": NaN,
        "Other Income Expense": NaN,
        "Other Non Operating Income Expenses": NaN,
        "Special Income Charges": NaN,
        "Impairment Of Capital Assets": NaN,
        "Restructuring And Mergern Acquisition": NaN,
        "Net Non Operating Interest Income Expense": NaN,
        "Interest Expense Non Operating": NaN,
        "Interest Income Non Operating": NaN,
        "Operating Income": NaN,
        "Operating Expense": NaN,
        "Research And Development": NaN,
        "Selling General And Administration": NaN,
        "Gross Profit": NaN,
        "Cost Of Revenue": NaN,
        "Total Revenue": NaN,
        "Operating Revenue": NaN
    },
    "2022-12-31": {
        "Tax Effect Of Unusual Items": NaN,
        "Tax Rate For Calcs": NaN,
        "Normalized EBITDA": NaN,
        "Total Unusual Items": NaN,
        "Total Unusual Items Excluding Goodwill": NaN,
        "Net Income From Continuing Operation Net Minority Interest": NaN,
        "Reconciled Depreciation": NaN,
        "Reconciled Cost Of Revenue": NaN,
        "EBITDA": NaN,
        "EBIT": NaN,
        "Net Interest Income": NaN,
        "Interest Expense": NaN,
        "Interest Income": NaN,
        "Normalized Income": NaN,
        "Net Income From Continuing And Discontinued Operation": NaN,
        "Total Expenses": NaN,
        "Total Operating Income As Reported": NaN,
        "Diluted Average Shares": 82406000.0,
        "Basic Average Shares": 78649000.0,
        "Diluted EPS": 0.38,
        "Basic EPS": 0.4,
        "Diluted NI Availto Com Stockholders": NaN,
        "Net Income Common Stockholders": NaN,
        "Net Income": NaN,
        "Net Income Including Noncontrolling Interests": NaN,
        "Net Income Continuous Operations": NaN,
        "Tax Provision": NaN,
        "Pretax Income": NaN,
        "Other Income Expense": NaN,
        "Other Non Operating Income Expenses": NaN,
        "Special Income Charges": NaN,
        "Impairment Of Capital Assets": NaN,
        "Restructuring And Mergern Acquisition": NaN,
        "Net Non Operating Interest Income Expense": NaN,
        "Interest Expense Non Operating": NaN,
        "Interest Income Non Operating": NaN,
        "Operating Income": NaN,
        "Operating Expense": NaN,
        "Research And Development": NaN,
        "Selling General And Administration": NaN,
        "Gross Profit": NaN,
        "Cost Of Revenue": NaN,
        "Total Revenue": NaN,
        "Operating Revenue": NaN
    },
    "2022-09-30": {
        "Tax Effect Of Unusual Items": -229030.048886,
        "Tax Rate For Calcs": 0.362964,
        "Normalized EBITDA": 66393000.0,
        "Total Unusual Items": -631000.0,
        "Total Unusual Items Excluding Goodwill": -631000.0,
        "Net Income From Continuing Operation Net Minority Interest": 28408000.0,
        "Reconciled Depreciation": 18457000.0,
        "Reconciled Cost Of Revenue": 118242000.0,
        "EBITDA": 65762000.0,
        "EBIT": 47305000.0,
        "Net Interest Income": -2649000.0,
        "Interest Expense": 2711000.0,
        "Interest Income": 62000.0,
        "Normalized Income": 28809969.951114,
        "Net Income From Continuing And Discontinued Operation": 28408000.0,
        "Total Expenses": 233151000.0,
        "Total Operating Income As Reported": 51948000.0,
        "Diluted Average Shares": 80060000.0,
        "Basic Average Shares": 78436000.0,
        "Diluted EPS": 0.35,
        "Basic EPS": 0.36,
        "Diluted NI Availto Com Stockholders": 28408000.0,
        "Net Income Common Stockholders": 28408000.0,
        "Net Income": 28408000.0,
        "Net Income Including Noncontrolling Interests": 28408000.0,
        "Net Income Continuous Operations": 28408000.0,
        "Tax Provision": 16186000.0,
        "Pretax Income": 44594000.0,
        "Other Income Expense": -5336000.0,
        "Other Non Operating Income Expenses": -4705000.0,
        "Special Income Charges": -631000.0,
        "Impairment Of Capital Assets": NaN,
        "Restructuring And Mergern Acquisition": 631000.0,
        "Net Non Operating Interest Income Expense": -2649000.0,
        "Interest Expense Non Operating": 2711000.0,
        "Interest Income Non Operating": 62000.0,
        "Operating Income": 52579000.0,
        "Operating Expense": 114909000.0,
        "Research And Development": 76437000.0,
        "Selling General And Administration": 38472000.0,
        "Gross Profit": 167488000.0,
        "Cost Of Revenue": 118242000.0,
        "Total Revenue": 285730000.0,
        "Operating Revenue": 285730000.0
    },
    "2022-06-30": {
        "Tax Effect Of Unusual Items": -125224.208702,
        "Tax Rate For Calcs": 0.271048,
        "Normalized EBITDA": 66299000.0,
        "Total Unusual Items": -462000.0,
        "Total Unusual Items Excluding Goodwill": -462000.0,
        "Net Income From Continuing Operation Net Minority Interest": 31966000.0,
        "Reconciled Depreciation": 19569000.0,
        "Reconciled Cost Of Revenue": 115658000.0,
        "EBITDA": 65837000.0,
        "EBIT": 46268000.0,
        "Net Interest Income": -2334000.0,
        "Interest Expense": 2416000.0,
        "Interest Income": 82000.0,
        "Normalized Income": 32302775.791298,
        "Net Income From Continuing And Discontinued Operation": 31966000.0,
        "Total Expenses": 240540000.0,
        "Total Operating Income As Reported": 39007000.0,
        "Diluted Average Shares": 80279000.0,
        "Basic Average Shares": 77858000.0,
        "Diluted EPS": 0.4,
        "Basic EPS": 0.41,
        "Diluted NI Availto Com Stockholders": 31966000.0,
        "Net Income Common Stockholders": 31966000.0,
        "Net Income": 31966000.0,
        "Net Income Including Noncontrolling Interests": 31966000.0,
        "Net Income Continuous Operations": 31966000.0,
        "Tax Provision": 11886000.0,
        "Pretax Income": 43852000.0,
        "Other Income Expense": 6717000.0,
        "Other Non Operating Income Expenses": 7179000.0,
        "Special Income Charges": -462000.0,
        "Impairment Of Capital Assets": NaN,
        "Restructuring And Mergern Acquisition": 462000.0,
        "Net Non Operating Interest Income Expense": -2334000.0,
        "Interest Expense Non Operating": 2416000.0,
        "Interest Income Non Operating": 82000.0,
        "Operating Income": 39469000.0,
        "Operating Expense": 124882000.0,
        "Research And Development": 80395000.0,
        "Selling General And Administration": 44487000.0,
        "Gross Profit": 164351000.0,
        "Cost Of Revenue": 115658000.0,
        "Total Revenue": 280009000.0,
        "Operating Revenue": 280009000.0
    },
    "2022-03-31": {
        "Diluted EPS": 0.42,
        "Total Revenue": 264,
        "Gross Profit": 155,
        "Operating Income": 48,
        "EBIT": 72,
        "Net Income": 34
    },
    "2021-12-31": {
        "Diluted EPS": 0.35,
        "Total Revenue": 248,
        "Gross Profit": 142,
        "Operating Income": 29,
        "EBIT": 54,
        "Net Income": 28
    },
    "2021-09-30": {
        "Diluted EPS": 0.12,
        "Total Revenue": 230,
        "Gross Profit": 130,
        "Operating Income": 24,
        "EBIT": 47,
        "Net Income": 9
    },
    "2021-06-30": {
        "Diluted EPS": 0.01,
        "Total Revenue": 205,
        "Gross Profit": 113,
        "Operating Income": 2,
        "EBIT": 25,
        "Net Income": 1
    },
    "2021-03-31": {
        "Diluted EPS": 0.05,
        "Total Revenue": 209,
        "Gross Profit": 112,
        "Operating Income": 10,
        "EBIT": 33,
        "Net Income": 4
    },
    "2020-12-31": {
        "Diluted EPS": -0.34,
        "Total Revenue": 195,
        "Gross Profit": 83,
        "Operating Income": -24,
        "EBIT": 0,
        "Net Income": -25
    },
    "2020-09-30": {
        "Diluted EPS": -0.5,
        "Total Revenue": 157,
        "Gross Profit": 66,
        "Operating Income": -35,
        "EBIT": -13,
        "Net Income": -37
    },
    "2020-06-30": {
        "Diluted EPS": -0.3,
        "Total Revenue": 65,
        "Gross Profit": 33,
        "Operating Income": -23,
        "EBIT": -6,
        "Net Income": -22
    },
    "2020-03-31": {
        "Diluted EPS": -0.21,
        "Total Revenue": 62,
        "Gross Profit": 31,
        "Operating Income": -20,
        "EBIT": -3,
        "Net Income": -15
    },
    "2019-12-31": {
        "Diluted EPS": -0.11,
        "Total Revenue": 70,
        "Gross Profit": 37,
        "Operating Income": -8,
        "EBIT": 9,
        "Net Income": -8
    },
    "2019-09-30": {
        "Diluted EPS": -0.07,
        "Total Revenue": 80,
        "Gross Profit": 42,
        "Operating Income": -3,
        "EBIT": 13,
        "Net Income": -5
    },
    "2019-06-30": {
        "Diluted EPS": -0.03,
        "Total Revenue": 83,
        "Gross Profit": 44,
        "Operating Income": -3,
        "EBIT": 14,
        "Net Income": -2
    },
    "2019-03-31": {
        "Diluted EPS": -0.07,
        "Total Revenue": 85,
        "Gross Profit": 45,
        "Operating Income": -8,
        "EBIT": 9,
        "Net Income": -5
    },
    "2018-12-31": {
        "Diluted EPS": 0.0,
        "Total Revenue": 88,
        "Gross Profit": 46,
        "Operating Income": -11,
        "EBIT": 9,
        "Net Income": 0
    },
    "2018-09-30": {
        "Diluted EPS": -0.2,
        "Total Revenue": 85,
        "Gross Profit": 44,
        "Operating Income": -13,
        "EBIT": 7,
        "Net Income": -14
    },
    "2018-06-30": {
        "Diluted EPS": -0.21,
        "Total Revenue": 102,
        "Gross Profit": 56,
        "Operating Income": 0,
        "EBIT": 20,
        "Net Income": -14
    },
    "2018-03-31": {
        "Diluted EPS": 0.03,
        "Total Revenue": 111,
        "Gross Profit": 63,
        "Operating Income": 4,
        "EBIT": 25,
        "Net Income": 2
    },
    "2017-12-31": {
        "Diluted EPS": -0.28,
        "Total Revenue": 114,
        "Gross Profit": 52,
        "Operating Income": -6,
        "EBIT": 25,
        "Net Income": -19
    },
    "2017-09-30": {
        "Diluted EPS": -0.14,
        "Total Revenue": 114,
        "Gross Profit": 52,
        "Operating Income": -11,
        "EBIT": 21,
        "Net Income": -9
    },
    "2017-06-30": {
        "Diluted EPS": 0.16,
        "Total Revenue": 104,
        "Gross Profit": 51,
        "Operating Income": -16,
        "EBIT": 8,
        "Net Income": 11
    },
    "2017-03-31": {
        "Diluted EPS": 0.12,
        "Total Revenue": 89,
        "Gross Profit": 53,
        "Operating Income": 10,
        "EBIT": 17,
        "Net Income": 8
    },
    "2016-12-31": {
        "Diluted EPS": 0.13,
        "Total Revenue": 87,
        "Gross Profit": 50,
        "Operating Income": 8,
        "EBIT": 19,
        "Net Income": 8
    },
    "2016-09-30": {
        "Diluted EPS": 0.14,
        "Total Revenue": 96,
        "Gross Profit": 56,
        "Operating Income": 11,
        "EBIT": 22,
        "Net Income": 10
    },
    "2016-06-30": {
        "Diluted EPS": 0.33,
        "Total Revenue": 102,
        "Gross Profit": 63,
        "Operating Income": 22,
        "EBIT": 27,
        "Net Income": 23
    },
    "2016-03-31": {
        "Diluted EPS": 0.31,
        "Total Revenue": 103,
        "Gross Profit": 61,
        "Operating Income": 22,
        "EBIT": 28,
        "Net Income": 21
    },
    "2015-12-31": {
        "Diluted EPS": -0.12,
        "Total Revenue": 99,
        "Gross Profit": 56,
        "Operating Income": -9,
        "EBIT": 1,
        "Net Income": -9
    },
    "2015-09-30": {
        "Diluted EPS": 0.03,
        "Total Revenue": 95,
        "Gross Profit": 51,
        "Operating Income": 2,
        "EBIT": 20,
        "Net Income": 2
    },
    "2015-06-30": {
        "Diluted EPS": -0.58,
        "Total Revenue": 71,
        "Gross Profit": 27,
        "Operating Income": -32,
        "EBIT": -6,
        "Net Income": -31
    },
    "2015-03-31": {
        "Diluted EPS": -0.12,
        "Total Revenue": 35,
        "Gross Profit": 22,
        "Operating Income": -5,
        "EBIT": -3,
        "Net Income": -5
    },
    "2014-12-31": {
        "Diluted EPS": -0.06,
        "Total Revenue": 32,
        "Gross Profit": 20,
        "Operating Income": -5,
        "EBIT": -3,
        "Net Income": -2
    },
    "2014-09-30": {
        "Diluted EPS": -0.09,
        "Total Revenue": 33,
        "Gross Profit": 20,
        "Operating Income": -3,
        "EBIT": -2,
        "Net Income": -3
    },
    "2014-06-30": {
        "Diluted EPS": -0.02,
        "Total Revenue": 36,
        "Gross Profit": 22,
        "Operating Income": 0,
        "EBIT": 1,
        "Net Income": -1
    },
    "2014-03-31": {
        "Diluted EPS": -0.02,
        "Total Revenue": 33,
        "Gross Profit": 20,
        "Operating Income": -1,
        "EBIT": 1,
        "Net Income": -1
    },
    "2013-12-31": {
        "Diluted EPS": -0.07,
        "Total Revenue": 32,
        "Gross Profit": 19,
        "Operating Income": -3,
        "EBIT": -2,
        "Net Income": -3
    },
    "2013-09-30": {
        "Diluted EPS": -0.14,
        "Total Revenue": 32,
        "Gross Profit": 20,
        "Operating Income": -5,
        "EBIT": -4,
        "Net Income": -5
    },
    "2013-06-30": {
        "Diluted EPS": -0.09,
        "Total Revenue": 30,
        "Gross Profit": 17,
        "Operating Income": -3,
        "EBIT": -1,
        "Net Income": -3
    },
    "2013-03-31": {
        "Diluted EPS": -0.07,
        "Total Revenue": 27,
        "Gross Profit": 17,
        "Operating Income": -2,
        "EBIT": -1,
        "Net Income": -2
    },
    "2012-12-31": {
        "Diluted EPS": -0.13,
        "Total Revenue": 25,
        "Gross Profit": 16,
        "Operating Income": -5,
        "EBIT": -3,
        "Net Income": -5
    },
    "2012-09-30": {
        "Diluted EPS": 0.01,
        "Total Revenue": 28,
        "Gross Profit": 17,
        "Operating Income": 0,
        "EBIT": 2,
        "Net Income": 0
    },
    "2012-06-30": {
        "Diluted EPS": -0.08,
        "Total Revenue": 24,
        "Gross Profit": 15,
        "Operating Income": -2,
        "EBIT": -1,
        "Net Income": -3
    },
    "2012-03-31": {
        "Diluted EPS": -0.2,
        "Total Revenue": 21,
        "Gross Profit": 12,
        "Operating Income": -6,
        "EBIT": -5,
        "Net Income": -7
    },
    "2011-12-31": {
        "Diluted EPS": -0.14,
        "Total Revenue": 19,
        "Gross Profit": 12,
        "Operating Income": -4,
        "EBIT": -3,
        "Net Income": -5
    },
    "2011-09-30": {
        "Diluted EPS": -0.35,
        "Total Revenue": 18,
        "Gross Profit": 11,
        "Operating Income": -3,
        "EBIT": -2,
        "Net Income": -11
    },
    "2011-06-30": {
        "Diluted EPS": -0.15,
        "Total Revenue": 18,
        "Gross Profit": 11,
        "Operating Income": -6,
        "EBIT": -5,
        "Net Income": -5
    },
    "2011-03-31": {
        "Diluted EPS": -0.04,
        "Total Revenue": 17,
        "Gross Profit": 11,
        "Operating Income": -2,
        "EBIT": -1,
        "Net Income": -1
    },
    "2010-12-31": {
        "Diluted EPS": 0.2,
        "Total Revenue": 16,
        "Gross Profit": 10,
        "Operating Income": -1,
        "EBIT": 0,
        "Net Income": 6
    },
    "2010-09-30": {
        "Diluted EPS": 0.04,
        "Total Revenue": 19,
        "Gross Profit": 13,
        "Operating Income": 2,
        "EBIT": 3,
        "Net Income": 1
    },
    "2010-06-30": {
        "Diluted EPS": 0.05,
        "Total Revenue": 18,
        "Gross Profit": 13,
        "Operating Income": 2,
        "EBIT": 2,
        "Net Income": 2
    },
    "2010-03-31": {
        "Diluted EPS": 0.01,
        "Total Revenue": 16,
        "Gross Profit": 11,
        "Operating Income": 1,
        "EBIT": 2,
        "Net Income": 0
    },
    "2009-12-31": {
        "Diluted EPS": 0.05,
        "Total Revenue": 15,
        "Gross Profit": 11,
        "Operating Income": 2,
        "EBIT": 2,
        "Net Income": 2
    },
    "2009-09-30": {
        "Diluted EPS": 0.0,
        "Total Revenue": 16,
        "Gross Profit": 11,
        "Operating Income": 2,
        "EBIT": 3,
        "Net Income": 0
    },
    "2009-06-30": {
        "Diluted EPS": 0.0,
        "Total Revenue": 11,
        "Gross Profit": 7,
        "Operating Income": 0,
        "EBIT": 0,
        "Net Income": 0
    },
    "2009-03-31": {
        "Diluted EPS": 0.0,
        "Total Revenue": 9,
        "Gross Profit": 6,
        "Operating Income": 0,
        "EBIT": 0,
        "Net Income": 0
    },
    "2023-09-30": {
        "Tax Effect Of Unusual Items": -2196.782119,
        "Tax Rate For Calcs": 0.040681,
        "Normalized EBITDA": -21735000.0,
        "Total Unusual Items": -54000.0,
        "Total Unusual Items Excluding Goodwill": -54000.0,
        "Net Income From Continuing Operation Net Minority Interest": -39829000.0,
        "Reconciled Depreciation": 17014000.0,
        "Reconciled Cost Of Revenue": 61586000.0,
        "EBITDA": -21789000.0,
        "EBIT": -38803000.0,
        "Net Interest Income": -979000.0,
        "Interest Expense": 2715000.0,
        "Interest Income": 1736000.0,
        "Normalized Income": -39777196.782119,
        "Net Income From Continuing And Discontinued Operation": -39829000.0,
        "Total Expenses": 153294000.0,
        "Total Operating Income As Reported": -17818000.0,
        "Diluted Average Shares": 81249000.0,
        "Basic Average Shares": 81249000.0,
        "Diluted EPS": -0.49,
        "Basic EPS": -0.49,
        "Diluted NI Availto Com Stockholders": -39829000.0,
        "Net Income Common Stockholders": -39829000.0,
        "Net Income": -39829000.0,
        "Net Income Including Noncontrolling Interests": -39829000.0,
        "Net Income Continuous Operations": -39829000.0,
        "Tax Provision": -1689000.0,
        "Pretax Income": -41518000.0,
        "Other Income Expense": -22775000.0,
        "Other Non Operating Income Expenses": -22721000.0,
        "Special Income Charges": -54000.0,
        "Impairment Of Capital Assets": 0.0,
        "Restructuring And Mergern Acquisition": 54000.0,
        "Net Non Operating Interest Income Expense": -979000.0,
        "Interest Expense Non Operating": 2715000.0,
        "Interest Income Non Operating": 1736000.0,
        "Operating Income": -17764000.0,
        "Operating Expense": 91708000.0,
        "Research And Development": 66306000.0,
        "Selling General And Administration": 25402000.0,
        "Gross Profit": 73944000.0,
        "Cost Of Revenue": 61586000.0,
        "Total Revenue": 135530000.0,
        "Operating Revenue": 135530000.0
    },
    "2023-12-31": {
        "Tax Effect Of Unusual Items": -1031805.21217,
        "Tax Rate For Calcs": 0.096901,
        "Normalized EBITDA": -12481000.0,
        "Total Unusual Items": -10648000.0,
        "Total Unusual Items Excluding Goodwill": -10648000.0,
        "Net Income From Continuing Operation Net Minority Interest": -38500000.0,
        "Reconciled Depreciation": 16593000.0,
        "Reconciled Cost Of Revenue": 56814000.0,
        "EBITDA": -23129000.0,
        "EBIT": -39722000.0,
        "Net Interest Income": -1128000.0,
        "Interest Expense": 2909000.0,
        "Interest Income": 1781000.0,
        "Normalized Income": -28883805.21217,
        "Net Income From Continuing And Discontinued Operation": -38500000.0,
        "Total Expenses": 156448000.0,
        "Total Operating Income As Reported": -41743000.0,
        "Diluted Average Shares": NaN,
        "Basic Average Shares": NaN,
        "Diluted EPS": NaN,
        "Basic EPS": NaN,
        "Diluted NI Availto Com Stockholders": -38500000.0,
        "Net Income Common Stockholders": -38500000.0,
        "Net Income": -38500000.0,
        "Net Income Including Noncontrolling Interests": -38500000.0,
        "Net Income Continuous Operations": -38500000.0,
        "Tax Provision": -4131000.0,
        "Pretax Income": -42631000.0,
        "Other Income Expense": -10408000.0,
        "Other Non Operating Income Expenses": 240000.0,
        "Special Income Charges": -10648000.0,
        "Impairment Of Capital Assets": 0.0,
        "Restructuring And Mergern Acquisition": 10648000.0,
        "Net Non Operating Interest Income Expense": -1128000.0,
        "Interest Expense Non Operating": 2909000.0,
        "Interest Income Non Operating": 1781000.0,
        "Operating Income": -31095000.0,
        "Operating Expense": 99634000.0,
        "Research And Development": 65250000.0,
        "Selling General And Administration": 34384000.0,
        "Gross Profit": 68539000.0,
        "Cost Of Revenue": 56814000.0,
        "Total Revenue": 125353000.0,
        "Operating Revenue": 125353000.0
    },
    "2024-03-31": {
        "Tax Effect Of Unusual Items": -538322.150369,
        "Tax Rate For Calcs": 0.023788,
        "Normalized EBITDA": -32046000.0,
        "Total Unusual Items": -22630000.0,
        "Total Unusual Items Excluding Goodwill": -22630000.0,
        "Net Income From Continuing Operation Net Minority Interest": -72309000.0,
        "Reconciled Depreciation": 16684000.0,
        "Reconciled Cost Of Revenue": 46001000.0,
        "EBITDA": -54676000.0,
        "EBIT": -71360000.0,
        "Net Interest Income": -889000.0,
        "Interest Expense": 2711000.0,
        "Interest Income": 1822000.0,
        "Normalized Income": -50217322.150369,
        "Net Income From Continuing And Discontinued Operation": -72309000.0,
        "Total Expenses": 147255000.0,
        "Total Operating Income As Reported": -74616000.0,
        "Diluted Average Shares": 82349000.0,
        "Basic Average Shares": 82349000.0,
        "Diluted EPS": -0.88,
        "Basic EPS": -0.88,
        "Diluted NI Availto Com Stockholders": -72309000.0,
        "Net Income Common Stockholders": -72309000.0,
        "Net Income": -72309000.0,
        "Net Income Including Noncontrolling Interests": -72309000.0,
        "Net Income Continuous Operations": -72309000.0,
        "Tax Provision": -1762000.0,
        "Pretax Income": -74071000.0,
        "Other Income Expense": -21196000.0,
        "Other Non Operating Income Expenses": 1434000.0,
        "Special Income Charges": -22630000.0,
        "Impairment Of Capital Assets": 0.0,
        "Restructuring And Mergern Acquisition": 22630000.0,
        "Net Non Operating Interest Income Expense": -889000.0,
        "Interest Expense Non Operating": 2711000.0,
        "Interest Income Non Operating": 1822000.0,
        "Operating Income": -51986000.0,
        "Operating Expense": 101254000.0,
        "Research And Development": 64766000.0,
        "Selling General And Administration": 36488000.0,
        "Gross Profit": 49268000.0,
        "Cost Of Revenue": 46001000.0,
        "Total Revenue": 95269000.0,
        "Operating Revenue": 95269000.0
    },
    "2024-06-30": {
        "Tax Effect Of Unusual Items": -43118.133862,
        "Tax Rate For Calcs": 0.049848,
        "Normalized EBITDA": -24155000.0,
        "Total Unusual Items": -865000.0,
        "Total Unusual Items Excluding Goodwill": -865000.0,
        "Net Income From Continuing Operation Net Minority Interest": -39266000.0,
        "Reconciled Depreciation": 13600000.0,
        "Reconciled Cost Of Revenue": 41804000.0,
        "EBITDA": -25020000.0,
        "EBIT": -38620000.0,
        "Net Interest Income": -835000.0,
        "Interest Expense": 2706000.0,
        "Interest Income": 1871000.0,
        "Normalized Income": -38444118.133862,
        "Net Income From Continuing And Discontinued Operation": -39266000.0,
        "Total Expenses": 131945000.0,
        "Total Operating Income As Reported": -40820000.0,
        "Diluted Average Shares": 83477000.0,
        "Basic Average Shares": 83477000.0,
        "Diluted EPS": -0.47,
        "Basic EPS": -0.47,
        "Diluted NI Availto Com Stockholders": -39266000.0,
        "Net Income Common Stockholders": -39266000.0,
        "Net Income": -39266000.0,
        "Net Income Including Noncontrolling Interests": -39266000.0,
        "Net Income Continuous Operations": -39266000.0,
        "Tax Provision": -2060000.0,
        "Pretax Income": -41326000.0,
        "Other Income Expense": -536000.0,
        "Other Non Operating Income Expenses": 329000.0,
        "Special Income Charges": -865000.0,
        "Impairment Of Capital Assets": 0.0,
        "Restructuring And Mergern Acquisition": 865000.0,
        "Net Non Operating Interest Income Expense": -835000.0,
        "Interest Expense Non Operating": 2706000.0,
        "Interest Income Non Operating": 1871000.0,
        "Operating Income": -39955000.0,
        "Operating Expense": 90141000.0,
        "Research And Development": 56541000.0,
        "Selling General And Administration": 33600000.0,
        "Gross Profit": 50186000.0,
        "Cost Of Revenue": 41804000.0,
        "Total Revenue": 91990000.0,
        "Operating Revenue": 91990000.0
    }
}