{
    "2023-03-31": {
        "Tax Effect Of Unusual Items": NaN,
        "Tax Rate For Calcs": NaN,
        "Normalized EBITDA": NaN,
        "Total Unusual Items": NaN,
        "Total Unusual Items Excluding Goodwill": NaN,
        "Net Income From Continuing Operation Net Minority Interest": NaN,
        "Reconciled Depreciation": NaN,
        "Reconciled Cost Of Revenue": NaN,
        "EBITDA": NaN,
        "EBIT": NaN,
        "Net Interest Income": NaN,
        "Interest Expense": NaN,
        "Normalized Income": NaN,
        "Net Income From Continuing And Discontinued Operation": NaN,
        "Total Expenses": NaN,
        "Total Operating Income As Reported": NaN,
        "Diluted Average Shares": 36815956.0,
        "Basic Average Shares": 36564775.0,
        "Diluted EPS": 0.35,
        "Basic EPS": 0.35,
        "Diluted NI Availto Com Stockholders": NaN,
        "Net Income Common Stockholders": NaN,
        "Net Income": NaN,
        "Net Income Including Noncontrolling Interests": NaN,
        "Net Income Continuous Operations": NaN,
        "Tax Provision": NaN,
        "Pretax Income": NaN,
        "Other Income Expense": NaN,
        "Special Income Charges": NaN,
        "Gain On Sale Of Ppe": NaN,
        "Net Non Operating Interest Income Expense": NaN,
        "Interest Expense Non Operating": NaN,
        "Operating Income": NaN,
        "Operating Expense": NaN,
        "Selling General And Administration": NaN,
        "Gross Profit": NaN,
        "Cost Of Revenue": NaN,
        "Total Revenue": NaN,
        "Operating Revenue": NaN
    },
    "2022-12-31": {
        "Tax Effect Of Unusual Items": NaN,
        "Tax Rate For Calcs": NaN,
        "Normalized EBITDA": NaN,
        "Total Unusual Items": NaN,
        "Total Unusual Items Excluding Goodwill": NaN,
        "Net Income From Continuing Operation Net Minority Interest": NaN,
        "Reconciled Depreciation": NaN,
        "Reconciled Cost Of Revenue": NaN,
        "EBITDA": NaN,
        "EBIT": NaN,
        "Net Interest Income": NaN,
        "Interest Expense": NaN,
        "Normalized Income": NaN,
        "Net Income From Continuing And Discontinued Operation": NaN,
        "Total Expenses": NaN,
        "Total Operating Income As Reported": NaN,
        "Diluted Average Shares": 36853237.0,
        "Basic Average Shares": 36495362.0,
        "Diluted EPS": 0.36,
        "Basic EPS": 0.37,
        "Diluted NI Availto Com Stockholders": NaN,
        "Net Income Common Stockholders": NaN,
        "Net Income": NaN,
        "Net Income Including Noncontrolling Interests": NaN,
        "Net Income Continuous Operations": NaN,
        "Tax Provision": NaN,
        "Pretax Income": NaN,
        "Other Income Expense": NaN,
        "Special Income Charges": NaN,
        "Gain On Sale Of Ppe": NaN,
        "Net Non Operating Interest Income Expense": NaN,
        "Interest Expense Non Operating": NaN,
        "Operating Income": NaN,
        "Operating Expense": NaN,
        "Selling General And Administration": NaN,
        "Gross Profit": NaN,
        "Cost Of Revenue": NaN,
        "Total Revenue": NaN,
        "Operating Revenue": NaN
    },
    "2022-09-30": {
        "Tax Effect Of Unusual Items": 1240.0,
        "Tax Rate For Calcs": 0.248,
        "Normalized EBITDA": 25172000.0,
        "Total Unusual Items": 5000.0,
        "Total Unusual Items Excluding Goodwill": 5000.0,
        "Net Income From Continuing Operation Net Minority Interest": 13671000.0,
        "Reconciled Depreciation": 5280000.0,
        "Reconciled Cost Of Revenue": 156417000.0,
        "EBITDA": 25177000.0,
        "EBIT": 19897000.0,
        "Net Interest Income": -1719000.0,
        "Interest Expense": 1719000.0,
        "Normalized Income": 13667240.0,
        "Net Income From Continuing And Discontinued Operation": 13671000.0,
        "Total Expenses": 208173000.0,
        "Total Operating Income As Reported": 19897000.0,
        "Diluted Average Shares": 36717153.0,
        "Basic Average Shares": 36472378.0,
        "Diluted EPS": 0.37,
        "Basic EPS": 0.37,
        "Diluted NI Availto Com Stockholders": 13671000.0,
        "Net Income Common Stockholders": 13671000.0,
        "Net Income": 13671000.0,
        "Net Income Including Noncontrolling Interests": 13671000.0,
        "Net Income Continuous Operations": 13671000.0,
        "Tax Provision": 4507000.0,
        "Pretax Income": 18178000.0,
        "Other Income Expense": 5000.0,
        "Special Income Charges": 5000.0,
        "Gain On Sale Of Ppe": 5000.0,
        "Net Non Operating Interest Income Expense": -1719000.0,
        "Interest Expense Non Operating": 1719000.0,
        "Operating Income": 19892000.0,
        "Operating Expense": 51756000.0,
        "Other Operating Expenses": NaN,
        "Selling General And Administration": 51756000.0,
        "Gross Profit": 71648000.0,
        "Cost Of Revenue": 156417000.0,
        "Total Revenue": 228065000.0,
        "Operating Revenue": 228065000.0
    },
    "2022-06-30": {
        "Tax Effect Of Unusual Items": 57557.460525,
        "Tax Rate For Calcs": 0.260441,
        "Normalized EBITDA": 22396000.0,
        "Total Unusual Items": 221000.0,
        "Total Unusual Items Excluding Goodwill": 221000.0,
        "Net Income From Continuing Operation Net Minority Interest": 15831000.0,
        "Reconciled Depreciation": 5362000.0,
        "Reconciled Cost Of Revenue": 158440000.0,
        "EBITDA": 22617000.0,
        "EBIT": 22617000.0,
        "Net Interest Income": -1211000.0,
        "Interest Expense": 1211000.0,
        "Normalized Income": 15667557.460525,
        "Net Income From Continuing And Discontinued Operation": 15831000.0,
        "Total Expenses": 210760000.0,
        "Total Operating Income As Reported": 22617000.0,
        "Diluted Average Shares": 36623495.0,
        "Basic Average Shares": 36397547.0,
        "Diluted EPS": 0.43,
        "Basic EPS": 0.43,
        "Diluted NI Availto Com Stockholders": 15831000.0,
        "Net Income Common Stockholders": 15831000.0,
        "Net Income": 15831000.0,
        "Net Income Including Noncontrolling Interests": 15831000.0,
        "Net Income Continuous Operations": 15831000.0,
        "Tax Provision": 5575000.0,
        "Pretax Income": 21406000.0,
        "Other Income Expense": 221000.0,
        "Special Income Charges": 221000.0,
        "Gain On Sale Of Ppe": 221000.0,
        "Net Non Operating Interest Income Expense": -1211000.0,
        "Interest Expense Non Operating": 1211000.0,
        "Operating Income": 22396000.0,
        "Operating Expense": 52320000.0,
        "Other Operating Expenses": NaN,
        "Selling General And Administration": 52320000.0,
        "Gross Profit": 74716000.0,
        "Cost Of Revenue": 158440000.0,
        "Total Revenue": 233156000.0,
        "Operating Revenue": 233156000.0
    },
    "2023-06-30": {
        "Tax Effect Of Unusual Items": 21663.0,
        "Tax Rate For Calcs": 0.261,
        "Normalized EBITDA": 21736000.0,
        "Total Unusual Items": 83000.0,
        "Total Unusual Items Excluding Goodwill": 83000.0,
        "Net Income From Continuing Operation Net Minority Interest": 10605000.0,
        "Reconciled Depreciation": 5677000.0,
        "Reconciled Cost Of Revenue": 140043000.0,
        "EBITDA": 21819000.0,
        "EBIT": 16142000.0,
        "Net Interest Income": -1790000.0,
        "Interest Expense": 1790000.0,
        "Normalized Income": 10543663.0,
        "Net Income From Continuing And Discontinued Operation": 10605000.0,
        "Total Expenses": 192394000.0,
        "Total Operating Income As Reported": 16142000.0,
        "Diluted Average Shares": 36892177.0,
        "Basic Average Shares": 36761916.0,
        "Diluted EPS": 0.29,
        "Basic EPS": 0.29,
        "Diluted NI Availto Com Stockholders": 10605000.0,
        "Net Income Common Stockholders": 10605000.0,
        "Net Income": 10605000.0,
        "Net Income Including Noncontrolling Interests": 10605000.0,
        "Net Income Continuous Operations": 10605000.0,
        "Tax Provision": 3747000.0,
        "Pretax Income": 14352000.0,
        "Other Income Expense": 83000.0,
        "Special Income Charges": 83000.0,
        "Gain On Sale Of Ppe": 83000.0,
        "Net Non Operating Interest Income Expense": -1790000.0,
        "Interest Expense Non Operating": 1790000.0,
        "Operating Income": 16059000.0,
        "Operating Expense": 52351000.0,
        "Selling General And Administration": 52351000.0,
        "Gross Profit": 68410000.0,
        "Cost Of Revenue": 140043000.0,
        "Total Revenue": 208453000.0,
        "Operating Revenue": 208453000.0
    },
    "2022-03-31": {
        "Diluted EPS": 0.47,
        "Total Revenue": 225,
        "Gross Profit": 72,
        "Operating Income": 24,
        "EBIT": 30,
        "Net Income": 17
    },
    "2021-12-31": {
        "Diluted EPS": 0.2,
        "Total Revenue": 200,
        "Gross Profit": 52,
        "Operating Income": 11,
        "EBIT": 16,
        "Net Income": 7
    },
    "2021-09-30": {
        "Diluted EPS": 0.22,
        "Total Revenue": 200,
        "Gross Profit": 54,
        "Operating Income": 12,
        "EBIT": 17,
        "Net Income": 8
    },
    "2021-06-30": {
        "Diluted EPS": 0.3,
        "Total Revenue": 187,
        "Gross Profit": 55,
        "Operating Income": 16,
        "EBIT": 21,
        "Net Income": 11
    },
    "2021-03-31": {
        "Diluted EPS": 0.2,
        "Total Revenue": 174,
        "Gross Profit": 50,
        "Operating Income": 11,
        "EBIT": 16,
        "Net Income": 7
    },
    "2020-12-31": {
        "Diluted EPS": 0.08,
        "Total Revenue": 137,
        "Gross Profit": 40,
        "Operating Income": 5,
        "EBIT": 10,
        "Net Income": 3
    },
    "2020-09-30": {
        "Diluted EPS": 0.24,
        "Total Revenue": 132,
        "Gross Profit": 47,
        "Operating Income": 13,
        "EBIT": 17,
        "Net Income": 9
    },
    "2020-06-30": {
        "Diluted EPS": 0.23,
        "Total Revenue": 118,
        "Gross Profit": 43,
        "Operating Income": 12,
        "EBIT": 18,
        "Net Income": 8
    },
    "2020-03-31": {
        "Diluted EPS": 0.47,
        "Total Revenue": 122,
        "Gross Profit": 42,
        "Operating Income": 23,
        "EBIT": 29,
        "Net Income": 17
    },
    "2019-12-31": {
        "Diluted EPS": 0.16,
        "Total Revenue": 117,
        "Gross Profit": 39,
        "Operating Income": 9,
        "EBIT": 15,
        "Net Income": 6
    },
    "2019-09-30": {
        "Diluted EPS": 0.15,
        "Total Revenue": 125,
        "Gross Profit": 40,
        "Operating Income": 8,
        "EBIT": 14,
        "Net Income": 5
    },
    "2019-06-30": {
        "Diluted EPS": 0.18,
        "Total Revenue": 134,
        "Gross Profit": 47,
        "Operating Income": 10,
        "EBIT": 16,
        "Net Income": 7
    },
    "2019-03-31": {
        "Diluted EPS": 0.19,
        "Total Revenue": 139,
        "Gross Profit": 46,
        "Operating Income": 10,
        "EBIT": 16,
        "Net Income": 7
    },
    "2018-12-31": {
        "Diluted EPS": 0.02,
        "Total Revenue": 138,
        "Gross Profit": 42,
        "Operating Income": 7,
        "EBIT": 13,
        "Net Income": 2
    },
    "2018-09-30": {
        "Diluted EPS": -0.6,
        "Total Revenue": 135,
        "Gross Profit": 42,
        "Operating Income": -26,
        "EBIT": -19,
        "Net Income": -21
    },
    "2018-06-30": {
        "Diluted EPS": 0.26,
        "Total Revenue": 141,
        "Gross Profit": 48,
        "Operating Income": 13,
        "EBIT": 20,
        "Net Income": 9
    },
    "2018-03-31": {
        "Diluted EPS": 0.22,
        "Total Revenue": 153,
        "Gross Profit": 47,
        "Operating Income": 12,
        "EBIT": 19,
        "Net Income": 7
    },
    "2017-12-31": {
        "Diluted EPS": -0.61,
        "Total Revenue": 140,
        "Gross Profit": 38,
        "Operating Income": 4,
        "EBIT": 11,
        "Net Income": -18
    },
    "2017-09-30": {
        "Diluted EPS": 0.11,
        "Total Revenue": 135,
        "Gross Profit": 39,
        "Operating Income": 7,
        "EBIT": 14,
        "Net Income": 3
    },
    "2017-06-30": {
        "Diluted EPS": 0.07,
        "Total Revenue": 135,
        "Gross Profit": 38,
        "Operating Income": 6,
        "EBIT": 15,
        "Net Income": 2
    },
    "2017-03-31": {
        "Diluted EPS": 0.1,
        "Total Revenue": 137,
        "Gross Profit": 42,
        "Operating Income": 8,
        "EBIT": 17,
        "Net Income": 3
    },
    "2016-12-31": {
        "Diluted EPS": -0.05,
        "Total Revenue": 106,
        "Gross Profit": 33,
        "Operating Income": 12,
        "EBIT": 18,
        "Net Income": -1
    },
    "2016-09-30": {
        "Diluted EPS": 0.01,
        "Total Revenue": 133,
        "Gross Profit": 36,
        "Operating Income": 3,
        "EBIT": 12,
        "Net Income": 0
    },
    "2016-06-30": {
        "Diluted EPS": 0.18,
        "Total Revenue": 144,
        "Gross Profit": 45,
        "Operating Income": 11,
        "EBIT": 20,
        "Net Income": 5
    },
    "2016-03-31": {
        "Diluted EPS": -0.11,
        "Total Revenue": 151,
        "Gross Profit": 48,
        "Operating Income": 1,
        "EBIT": 10,
        "Net Income": -3
    },
    "2015-12-31": {
        "Diluted EPS": 0.03,
        "Total Revenue": 109,
        "Gross Profit": 38,
        "Operating Income": 5,
        "EBIT": 11,
        "Net Income": 1
    },
    "2015-09-30": {
        "Diluted EPS": 0.01,
        "Total Revenue": 142,
        "Gross Profit": 42,
        "Operating Income": 3,
        "EBIT": 11,
        "Net Income": 0
    },
    "2015-06-30": {
        "Diluted EPS": 0.37,
        "Total Revenue": 164,
        "Gross Profit": 51,
        "Operating Income": 20,
        "EBIT": 29,
        "Net Income": 11
    },
    "2015-03-31": {
        "Diluted EPS": 0.16,
        "Total Revenue": 156,
        "Gross Profit": 46,
        "Operating Income": 7,
        "EBIT": 16,
        "Net Income": 5
    },
    "2014-12-31": {
        "Diluted EPS": -0.37,
        "Total Revenue": 158,
        "Gross Profit": 37,
        "Operating Income": 5,
        "EBIT": 14,
        "Net Income": -12
    },
    "2014-09-30": {
        "Diluted EPS": -0.09,
        "Total Revenue": 162,
        "Gross Profit": 40,
        "Operating Income": -3,
        "EBIT": 7,
        "Net Income": -3
    },
    "2014-06-30": {
        "Diluted EPS": 0.17,
        "Total Revenue": 153,
        "Gross Profit": 43,
        "Operating Income": 11,
        "EBIT": 18,
        "Net Income": 6
    },
    "2014-03-31": {
        "Diluted EPS": 0.02,
        "Total Revenue": 150,
        "Gross Profit": 42,
        "Operating Income": 9,
        "EBIT": 15,
        "Net Income": 1
    },
    "2013-12-31": {
        "Diluted EPS": 0.09,
        "Total Revenue": 75,
        "Gross Profit": 24,
        "Operating Income": 6,
        "EBIT": 12,
        "Net Income": 3
    },
    "2013-09-30": {
        "Diluted EPS": 0.19,
        "Total Revenue": 141,
        "Gross Profit": 43,
        "Operating Income": 12,
        "EBIT": 18,
        "Net Income": 6
    },
    "2013-06-30": {
        "Diluted EPS": 0.25,
        "Total Revenue": 154,
        "Gross Profit": 45,
        "Operating Income": 13,
        "EBIT": 15,
        "Net Income": 8
    },
    "2013-03-31": {
        "Diluted EPS": 0.23,
        "Total Revenue": 215,
        "Gross Profit": 58,
        "Operating Income": 13,
        "EBIT": 22,
        "Net Income": 8
    },
    "2012-12-31": {
        "Diluted EPS": 0.25,
        "Total Revenue": 214,
        "Gross Profit": 57,
        "Operating Income": 15,
        "EBIT": 10,
        "Net Income": 9
    },
    "2012-09-30": {
        "Diluted EPS": 0.17,
        "Total Revenue": 197,
        "Gross Profit": 53,
        "Operating Income": 10,
        "EBIT": 18,
        "Net Income": 6
    },
    "2012-06-30": {
        "Diluted EPS": 0.17,
        "Total Revenue": 181,
        "Gross Profit": 47,
        "Operating Income": 10,
        "EBIT": 18,
        "Net Income": 6
    },
    "2012-03-31": {
        "Diluted EPS": 0.29,
        "Total Revenue": 199,
        "Gross Profit": 58,
        "Operating Income": 17,
        "EBIT": 25,
        "Net Income": 10
    },
    "2011-12-31": {
        "Diluted EPS": 0.18,
        "Total Revenue": 193,
        "Gross Profit": 52,
        "Operating Income": 10,
        "EBIT": 18,
        "Net Income": 6
    },
    "2011-09-30": {
        "Diluted EPS": 0.21,
        "Total Revenue": 190,
        "Gross Profit": 48,
        "Operating Income": 7,
        "EBIT": 16,
        "Net Income": 7
    },
    "2011-06-30": {
        "Diluted EPS": 0.13,
        "Total Revenue": 177,
        "Gross Profit": 44,
        "Operating Income": 9,
        "EBIT": 17,
        "Net Income": 5
    },
    "2011-03-31": {
        "Diluted EPS": 0.19,
        "Total Revenue": 196,
        "Gross Profit": 54,
        "Operating Income": 12,
        "EBIT": 21,
        "Net Income": 7
    },
    "2010-12-31": {
        "Diluted EPS": -1.43,
        "Total Revenue": 188,
        "Gross Profit": 44,
        "Operating Income": -64,
        "EBIT": -56,
        "Net Income": -50
    },
    "2010-09-30": {
        "Diluted EPS": 0.09,
        "Total Revenue": 187,
        "Gross Profit": 41,
        "Operating Income": 6,
        "EBIT": 14,
        "Net Income": 3
    },
    "2010-06-30": {
        "Diluted EPS": -0.03,
        "Total Revenue": 176,
        "Gross Profit": 34,
        "Operating Income": 0,
        "EBIT": 8,
        "Net Income": -1
    },
    "2010-03-31": {
        "Diluted EPS": 0.16,
        "Total Revenue": 186,
        "Gross Profit": 45,
        "Operating Income": 10,
        "EBIT": 19,
        "Net Income": 6
    },
    "2009-12-31": {
        "Diluted EPS": 0.03,
        "Total Revenue": 188,
        "Gross Profit": 38,
        "Operating Income": 4,
        "EBIT": 13,
        "Net Income": 1
    },
    "2009-09-30": {
        "Diluted EPS": -0.15,
        "Total Revenue": 165,
        "Gross Profit": 37,
        "Operating Income": 0,
        "EBIT": 9,
        "Net Income": -5
    },
    "2009-06-30": {
        "Diluted EPS": -0.04,
        "Total Revenue": 165,
        "Gross Profit": 41,
        "Operating Income": 0,
        "EBIT": 9,
        "Net Income": -1
    },
    "2009-03-31": {
        "Diluted EPS": 0.14,
        "Total Revenue": 183,
        "Gross Profit": 55,
        "Operating Income": 13,
        "EBIT": 22,
        "Net Income": 5
    },
    "2023-09-30": {
        "Tax Effect Of Unusual Items": 5654.0,
        "Tax Rate For Calcs": 0.257,
        "Normalized EBITDA": 24290000.0,
        "Total Unusual Items": 22000.0,
        "Total Unusual Items Excluding Goodwill": 22000.0,
        "Net Income From Continuing Operation Net Minority Interest": 12747000.0,
        "Reconciled Depreciation": 5609000.0,
        "Reconciled Cost Of Revenue": 135419000.0,
        "EBITDA": 24312000.0,
        "EBIT": 18703000.0,
        "Net Interest Income": -1539000.0,
        "Interest Expense": 1539000.0,
        "Normalized Income": 12730654.0,
        "Net Income From Continuing And Discontinued Operation": 12747000.0,
        "Total Expenses": 179117000.0,
        "Total Operating Income As Reported": 18703000.0,
        "Diluted Average Shares": 36979880.0,
        "Basic Average Shares": 36811296.0,
        "Diluted EPS": 0.34,
        "Basic EPS": 0.35,
        "Diluted NI Availto Com Stockholders": 12747000.0,
        "Net Income Common Stockholders": 12747000.0,
        "Net Income": 12747000.0,
        "Net Income Including Noncontrolling Interests": 12747000.0,
        "Net Income Continuous Operations": 12747000.0,
        "Tax Provision": 4417000.0,
        "Pretax Income": 17164000.0,
        "Other Income Expense": 22000.0,
        "Special Income Charges": 22000.0,
        "Gain On Sale Of Ppe": 22000.0,
        "Net Non Operating Interest Income Expense": -1539000.0,
        "Interest Expense Non Operating": 1539000.0,
        "Operating Income": 18681000.0,
        "Operating Expense": 43698000.0,
        "Selling General And Administration": 43698000.0,
        "Gross Profit": 62379000.0,
        "Cost Of Revenue": 135419000.0,
        "Total Revenue": 197798000.0,
        "Operating Revenue": 197798000.0
    },
    "2023-12-31": {
        "Tax Effect Of Unusual Items": 31849.207731,
        "Tax Rate For Calcs": 0.272215,
        "Normalized EBITDA": 24368000.0,
        "Total Unusual Items": 117000.0,
        "Total Unusual Items Excluding Goodwill": 117000.0,
        "Net Income From Continuing Operation Net Minority Interest": 12539000.0,
        "Reconciled Depreciation": 5882000.0,
        "Reconciled Cost Of Revenue": 133845000.0,
        "EBITDA": 24485000.0,
        "EBIT": 18603000.0,
        "Net Interest Income": -1374000.0,
        "Interest Expense": 1374000.0,
        "Normalized Income": 12453849.207731,
        "Net Income From Continuing And Discontinued Operation": 12539000.0,
        "Total Expenses": 172591000.0,
        "Total Operating Income As Reported": 18603000.0,
        "Diluted Average Shares": NaN,
        "Basic Average Shares": NaN,
        "Diluted EPS": NaN,
        "Basic EPS": NaN,
        "Diluted NI Availto Com Stockholders": 12539000.0,
        "Net Income Common Stockholders": 12539000.0,
        "Net Income": 12539000.0,
        "Net Income Including Noncontrolling Interests": 12539000.0,
        "Net Income Continuous Operations": 12539000.0,
        "Tax Provision": 4690000.0,
        "Pretax Income": 17229000.0,
        "Other Income Expense": 117000.0,
        "Special Income Charges": 117000.0,
        "Gain On Sale Of Ppe": 117000.0,
        "Net Non Operating Interest Income Expense": -1374000.0,
        "Interest Expense Non Operating": 1374000.0,
        "Operating Income": 18486000.0,
        "Operating Expense": 38746000.0,
        "Selling General And Administration": 38746000.0,
        "Gross Profit": 57232000.0,
        "Cost Of Revenue": 133845000.0,
        "Total Revenue": 191077000.0,
        "Operating Revenue": 191077000.0
    },
    "2024-03-31": {
        "Tax Effect Of Unusual Items": 18090.0,
        "Tax Rate For Calcs": 0.27,
        "Normalized EBITDA": 19309000.0,
        "Total Unusual Items": 67000.0,
        "Total Unusual Items Excluding Goodwill": 67000.0,
        "Net Income From Continuing Operation Net Minority Interest": 3503000.0,
        "Reconciled Depreciation": 8497000.0,
        "Reconciled Cost Of Revenue": 142833000.0,
        "EBITDA": 19376000.0,
        "EBIT": 10879000.0,
        "Net Interest Income": -6079000.0,
        "Interest Expense": 6079000.0,
        "Normalized Income": 3454090.0,
        "Net Income From Continuing And Discontinued Operation": 3503000.0,
        "Total Expenses": 196290000.0,
        "Total Operating Income As Reported": 10879000.0,
        "Diluted Average Shares": 37123019.0,
        "Basic Average Shares": 36908169.0,
        "Diluted EPS": 0.09,
        "Basic EPS": 0.09,
        "Diluted NI Availto Com Stockholders": 3503000.0,
        "Net Income Common Stockholders": 3503000.0,
        "Net Income": 3503000.0,
        "Net Income Including Noncontrolling Interests": 3503000.0,
        "Net Income Continuous Operations": 3503000.0,
        "Tax Provision": 1297000.0,
        "Pretax Income": 4800000.0,
        "Other Income Expense": 67000.0,
        "Special Income Charges": 67000.0,
        "Gain On Sale Of Ppe": 67000.0,
        "Net Non Operating Interest Income Expense": -6079000.0,
        "Interest Expense Non Operating": 6079000.0,
        "Operating Income": 10812000.0,
        "Operating Expense": 53457000.0,
        "Selling General And Administration": 53457000.0,
        "Gross Profit": 64269000.0,
        "Cost Of Revenue": 142833000.0,
        "Total Revenue": 207102000.0,
        "Operating Revenue": 207102000.0
    },
    "2024-06-30": {
        "Tax Effect Of Unusual Items": -38629.534031,
        "Tax Rate For Calcs": 0.301793,
        "Normalized EBITDA": 33923000.0,
        "Total Unusual Items": -128000.0,
        "Total Unusual Items Excluding Goodwill": -128000.0,
        "Net Income From Continuing Operation Net Minority Interest": 10279000.0,
        "Reconciled Depreciation": 10067000.0,
        "Reconciled Cost Of Revenue": 144719000.0,
        "EBITDA": 33795000.0,
        "EBIT": 23728000.0,
        "Net Interest Income": -9006000.0,
        "Interest Expense": 9006000.0,
        "Normalized Income": 10368370.465969,
        "Net Income From Continuing And Discontinued Operation": 10279000.0,
        "Total Expenses": 196380000.0,
        "Total Operating Income As Reported": 23728000.0,
        "Diluted Average Shares": 37312394.0,
        "Basic Average Shares": 37179658.0,
        "Diluted EPS": 0.28,
        "Basic EPS": 0.28,
        "Diluted NI Availto Com Stockholders": 10279000.0,
        "Net Income Common Stockholders": 10279000.0,
        "Net Income": 10279000.0,
        "Net Income Including Noncontrolling Interests": 10279000.0,
        "Net Income Continuous Operations": 10279000.0,
        "Tax Provision": 4443000.0,
        "Pretax Income": 14722000.0,
        "Other Income Expense": -128000.0,
        "Special Income Charges": -128000.0,
        "Gain On Sale Of Ppe": -128000.0,
        "Net Non Operating Interest Income Expense": -9006000.0,
        "Interest Expense Non Operating": 9006000.0,
        "Operating Income": 23856000.0,
        "Operating Expense": 51661000.0,
        "Selling General And Administration": 51661000.0,
        "Gross Profit": 75517000.0,
        "Cost Of Revenue": 144719000.0,
        "Total Revenue": 220236000.0,
        "Operating Revenue": 220236000.0
    }
}