{
    "2023-06-30": {
        "Tax Effect Of Unusual Items": 0.0,
        "Tax Rate For Calcs": 0.26,
        "Total Unusual Items": 0.0,
        "Total Unusual Items Excluding Goodwill": 0.0,
        "Net Income From Continuing Operation Net Minority Interest": 1506000.0,
        "Reconciled Depreciation": 582000.0,
        "Net Interest Income": 18290000.0,
        "Interest Expense": 17937000.0,
        "Interest Income": 36227000.0,
        "Normalized Income": 1506000.0,
        "Net Income From Continuing And Discontinued Operation": 1506000.0,
        "Diluted Average Shares": 9686401.0,
        "Basic Average Shares": 9532397.0,
        "Diluted EPS": 0.16,
        "Basic EPS": 0.16,
        "Diluted NI Availto Com Stockholders": 1506000.0,
        "Net Income Common Stockholders": 1506000.0,
        "Net Income": 1506000.0,
        "Net Income Including Noncontrolling Interests": 1506000.0,
        "Net Income Continuous Operations": 1506000.0,
        "Tax Provision": 529000.0,
        "Pretax Income": 2035000.0,
        "Gain On Sale Of Security": -1135000.0,
        "Depreciation Amortization Depletion Income Statement": 62000.0,
        "Depreciation And Amortization In Income Statement": 62000.0,
        "Amortization": 62000.0,
        "Amortization Of Intangibles Income Statement": 62000.0,
        "Selling General And Administration": 11527000.0,
        "Selling And Marketing Expense": 379000.0,
        "General And Administrative Expense": 11148000.0,
        "Other Gand A": NaN,
        "Salaries And Wages": 11148000.0,
        "Total Revenue": 22397000.0,
        "Operating Revenue": 22397000.0
    },
    "2023-03-31": {
        "Tax Effect Of Unusual Items": 0.0,
        "Tax Rate For Calcs": 0.26,
        "Total Unusual Items": 0.0,
        "Total Unusual Items Excluding Goodwill": 0.0,
        "Net Income From Continuing Operation Net Minority Interest": 3820000.0,
        "Reconciled Depreciation": 582000.0,
        "Net Interest Income": 19387000.0,
        "Interest Expense": 15152000.0,
        "Interest Income": 34539000.0,
        "Normalized Income": 3820000.0,
        "Net Income From Continuing And Discontinued Operation": 3820000.0,
        "Diluted Average Shares": 9732674.0,
        "Basic Average Shares": 9503715.0,
        "Diluted EPS": 0.39,
        "Basic EPS": 0.4,
        "Diluted NI Availto Com Stockholders": 3820000.0,
        "Net Income Common Stockholders": 3820000.0,
        "Net Income": 3820000.0,
        "Net Income Including Noncontrolling Interests": 3820000.0,
        "Net Income Continuous Operations": 3820000.0,
        "Tax Provision": 1341000.0,
        "Pretax Income": 5161000.0,
        "Gain On Sale Of Security": 10000.0,
        "Depreciation Amortization Depletion Income Statement": 64000.0,
        "Depreciation And Amortization In Income Statement": 64000.0,
        "Amortization": 64000.0,
        "Amortization Of Intangibles Income Statement": 64000.0,
        "Selling General And Administration": 13489000.0,
        "Selling And Marketing Expense": 391000.0,
        "General And Administrative Expense": 13098000.0,
        "Other Gand A": 832000.0,
        "Salaries And Wages": 13098000.0,
        "Total Revenue": 25379000.0,
        "Operating Revenue": 25379000.0
    },
    "2022-12-31": {
        "Tax Effect Of Unusual Items": 751.951787,
        "Tax Rate For Calcs": 0.250651,
        "Total Unusual Items": 3000.0,
        "Total Unusual Items Excluding Goodwill": 3000.0,
        "Net Income From Continuing Operation Net Minority Interest": 5471000.0,
        "Reconciled Depreciation": 288000.0,
        "Net Interest Income": 21028000.0,
        "Interest Expense": 10663000.0,
        "Interest Income": 31691000.0,
        "Normalized Income": 5468751.951787,
        "Net Income From Continuing And Discontinued Operation": 5471000.0,
        "Diluted Average Shares": 9702908.0,
        "Basic Average Shares": 9493732.0,
        "Diluted EPS": 0.56,
        "Basic EPS": 0.58,
        "Diluted NI Availto Com Stockholders": 5471000.0,
        "Net Income Common Stockholders": 5471000.0,
        "Net Income": 5471000.0,
        "Net Income Including Noncontrolling Interests": 5471000.0,
        "Net Income Continuous Operations": 5471000.0,
        "Tax Provision": 1830000.0,
        "Pretax Income": 7301000.0,
        "Gain On Sale Of Security": -891000.0,
        "Depreciation Amortization Depletion Income Statement": 77000.0,
        "Depreciation And Amortization In Income Statement": 77000.0,
        "Amortization": 77000.0,
        "Amortization Of Intangibles Income Statement": 77000.0,
        "Selling General And Administration": 19081000.0,
        "Selling And Marketing Expense": 500000.0,
        "General And Administrative Expense": 18581000.0,
        "Other Gand A": 546000.0,
        "Salaries And Wages": 11679000.0,
        "Total Revenue": 26986000.0,
        "Operating Revenue": 26986000.0
    },
    "2022-09-30": {
        "Tax Effect Of Unusual Items": 10290.0,
        "Tax Rate For Calcs": 0.245,
        "Total Unusual Items": 42000.0,
        "Total Unusual Items Excluding Goodwill": 42000.0,
        "Net Income From Continuing Operation Net Minority Interest": 6221000.0,
        "Reconciled Depreciation": 77000.0,
        "Net Interest Income": 22797000.0,
        "Interest Expense": 3733000.0,
        "Interest Income": 26530000.0,
        "Normalized Income": 6189290.0,
        "Net Income From Continuing And Discontinued Operation": 6221000.0,
        "Diluted Average Shares": 9673078.0,
        "Basic Average Shares": 9481311.0,
        "Diluted EPS": 0.64,
        "Basic EPS": 0.66,
        "Diluted NI Availto Com Stockholders": 6221000.0,
        "Net Income Common Stockholders": 6221000.0,
        "Net Income": 6221000.0,
        "Net Income Including Noncontrolling Interests": 6221000.0,
        "Net Income Continuous Operations": 6221000.0,
        "Tax Provision": 2014000.0,
        "Pretax Income": 8235000.0,
        "Gain On Sale Of Security": -53000.0,
        "Depreciation Amortization Depletion Income Statement": 77000.0,
        "Depreciation And Amortization In Income Statement": 77000.0,
        "Amortization": 77000.0,
        "Amortization Of Intangibles Income Statement": 77000.0,
        "Selling General And Administration": 14029000.0,
        "Selling And Marketing Expense": 403000.0,
        "General And Administrative Expense": 13626000.0,
        "Other Gand A": 2060000.0,
        "Salaries And Wages": 11566000.0,
        "Total Revenue": 29293000.0,
        "Operating Revenue": 29293000.0
    },
    "2022-06-30": {
        "Tax Effect Of Unusual Items": 500.0,
        "Tax Rate For Calcs": 0.25,
        "Total Unusual Items": 2000.0,
        "Total Unusual Items Excluding Goodwill": 2000.0,
        "Net Income From Continuing Operation Net Minority Interest": 4482000.0,
        "Reconciled Depreciation": 77000.0,
        "Net Interest Income": 20138000.0,
        "Interest Expense": 1493000.0,
        "Interest Income": 21631000.0,
        "Normalized Income": 4480500.0,
        "Net Income From Continuing And Discontinued Operation": 4482000.0,
        "Diluted Average Shares": 9717667.0,
        "Basic Average Shares": 9450987.0,
        "Diluted EPS": 0.46,
        "Basic EPS": 0.47,
        "Diluted NI Availto Com Stockholders": 4482000.0,
        "Net Income Common Stockholders": 4482000.0,
        "Net Income": 4482000.0,
        "Net Income Including Noncontrolling Interests": 4482000.0,
        "Net Income Continuous Operations": 4482000.0,
        "Tax Provision": 1494000.0,
        "Pretax Income": 5976000.0,
        "Gain On Sale Of Security": 144000.0,
        "Depreciation Amortization Depletion Income Statement": 77000.0,
        "Depreciation And Amortization In Income Statement": 77000.0,
        "Amortization": 77000.0,
        "Amortization Of Intangibles Income Statement": 77000.0,
        "Selling General And Administration": 15436000.0,
        "Selling And Marketing Expense": 428000.0,
        "General And Administrative Expense": 15008000.0,
        "Other Gand A": 2063000.0,
        "Salaries And Wages": 12945000.0,
        "Total Revenue": 27080000.0,
        "Operating Revenue": 27080000.0
    },
    "2022-03-31": {
        "Diluted EPS": 0.57,
        "Total Revenue": 28,
        "Gross Profit": 27,
        "Operating Income": 7,
        "EBIT": NaN,
        "Net Income": 6
    },
    "2021-12-31": {
        "Diluted EPS": 0.22,
        "Total Revenue": 25,
        "Gross Profit": 24,
        "Operating Income": 3,
        "EBIT": NaN,
        "Net Income": 2
    },
    "2021-09-30": {
        "Diluted EPS": 0.78,
        "Total Revenue": 27,
        "Gross Profit": 25,
        "Operating Income": 8,
        "EBIT": NaN,
        "Net Income": 6
    },
    "2021-06-30": {
        "Diluted EPS": 0.76,
        "Total Revenue": 25,
        "Gross Profit": 24,
        "Operating Income": 8,
        "EBIT": NaN,
        "Net Income": 6
    },
    "2021-03-31": {
        "Diluted EPS": 0.74,
        "Total Revenue": 25,
        "Gross Profit": 24,
        "Operating Income": 8,
        "EBIT": NaN,
        "Net Income": 6
    },
    "2020-12-31": {
        "Diluted EPS": 0.61,
        "Total Revenue": 25,
        "Gross Profit": 23,
        "Operating Income": 7,
        "EBIT": NaN,
        "Net Income": 5
    },
    "2020-09-30": {
        "Diluted EPS": 1.2,
        "Total Revenue": 32,
        "Gross Profit": 31,
        "Operating Income": 13,
        "EBIT": NaN,
        "Net Income": 10
    },
    "2020-06-30": {
        "Diluted EPS": 1.1,
        "Total Revenue": 28,
        "Gross Profit": 26,
        "Operating Income": 11,
        "EBIT": NaN,
        "Net Income": 9
    },
    "2020-03-31": {
        "Diluted EPS": 0.17,
        "Total Revenue": 19,
        "Gross Profit": 17,
        "Operating Income": 2,
        "EBIT": NaN,
        "Net Income": 1
    },
    "2019-12-31": {
        "Diluted EPS": 0.32,
        "Total Revenue": 20,
        "Gross Profit": 16,
        "Operating Income": 3,
        "EBIT": NaN,
        "Net Income": 3
    },
    "2019-09-30": {
        "Diluted EPS": 0.3,
        "Total Revenue": 20,
        "Gross Profit": 17,
        "Operating Income": 3,
        "EBIT": NaN,
        "Net Income": 2
    },
    "2019-06-30": {
        "Diluted EPS": 0.18,
        "Total Revenue": 20,
        "Gross Profit": 17,
        "Operating Income": 4,
        "EBIT": NaN,
        "Net Income": 1
    },
    "2019-03-31": {
        "Diluted EPS": 0.21,
        "Total Revenue": 18,
        "Gross Profit": 15,
        "Operating Income": 2,
        "EBIT": NaN,
        "Net Income": 2
    },
    "2018-12-31": {
        "Diluted EPS": 0.25,
        "Total Revenue": 17,
        "Gross Profit": 14,
        "Operating Income": 2,
        "EBIT": NaN,
        "Net Income": 2
    },
    "2018-09-30": {
        "Diluted EPS": 0.19,
        "Total Revenue": 17,
        "Gross Profit": 14,
        "Operating Income": 2,
        "EBIT": NaN,
        "Net Income": 1
    },
    "2018-06-30": {
        "Diluted EPS": 0.08,
        "Total Revenue": 16,
        "Gross Profit": 14,
        "Operating Income": 1,
        "EBIT": NaN,
        "Net Income": 0
    },
    "2018-03-31": {
        "Diluted EPS": 0.11,
        "Total Revenue": 16,
        "Gross Profit": 15,
        "Operating Income": 2,
        "EBIT": NaN,
        "Net Income": 1
    },
    "2017-12-31": {
        "Diluted EPS": -0.09,
        "Total Revenue": 17,
        "Gross Profit": 16,
        "Operating Income": 0,
        "EBIT": NaN,
        "Net Income": 0
    },
    "2017-09-30": {
        "Diluted EPS": 0.08,
        "Total Revenue": 16,
        "Gross Profit": 14,
        "Operating Income": 2,
        "EBIT": NaN,
        "Net Income": 0
    },
    "2017-06-30": {
        "Diluted EPS": -0.03,
        "Total Revenue": 15,
        "Gross Profit": 13,
        "Operating Income": 1,
        "EBIT": NaN,
        "Net Income": 0
    },
    "2017-03-31": {
        "Diluted EPS": -0.01,
        "Total Revenue": 14,
        "Gross Profit": 12,
        "Operating Income": 1,
        "EBIT": NaN,
        "Net Income": 0
    },
    "2016-12-31": {
        "Diluted EPS": 0.0,
        "Total Revenue": NaN,
        "Gross Profit": NaN,
        "Operating Income": NaN,
        "EBIT": NaN,
        "Net Income": NaN
    },
    "2023-09-30": {
        "Tax Effect Of Unusual Items": 0.0,
        "Tax Rate For Calcs": 0.261,
        "Total Unusual Items": 0.0,
        "Total Unusual Items Excluding Goodwill": 0.0,
        "Net Income From Continuing Operation Net Minority Interest": 3118000.0,
        "Reconciled Depreciation": 584000.0,
        "Net Interest Income": 16625000.0,
        "Interest Expense": 19715000.0,
        "Interest Income": 36340000.0,
        "Normalized Income": 3118000.0,
        "Net Income From Continuing And Discontinued Operation": 3118000.0,
        "Diluted Average Shares": 9743270.0,
        "Basic Average Shares": 9553331.0,
        "Diluted EPS": 0.32,
        "Basic EPS": 0.33,
        "Diluted NI Availto Com Stockholders": 3118000.0,
        "Net Income Common Stockholders": 3118000.0,
        "Net Income": 3118000.0,
        "Net Income Including Noncontrolling Interests": 3118000.0,
        "Net Income Continuous Operations": 3118000.0,
        "Tax Provision": 1104000.0,
        "Pretax Income": 4222000.0,
        "Gain On Sale Of Security": -19000.0,
        "Depreciation Amortization Depletion Income Statement": 62000.0,
        "Depreciation And Amortization In Income Statement": 62000.0,
        "Amortization": 62000.0,
        "Amortization Of Intangibles Income Statement": 62000.0,
        "Selling General And Administration": 11323000.0,
        "Selling And Marketing Expense": 355000.0,
        "General And Administrative Expense": 10968000.0,
        "Other Gand A": NaN,
        "Salaries And Wages": 10968000.0,
        "Total Revenue": 22865000.0,
        "Operating Revenue": 22865000.0
    }
}