{
    "2023-03-31": {
        "Tax Effect Of Unusual Items": 0.0,
        "Tax Rate For Calcs": 0.21,
        "Normalized EBITDA": -32700000.0,
        "Total Unusual Items": 0.0,
        "Total Unusual Items Excluding Goodwill": 0.0,
        "Net Income From Continuing Operation Net Minority Interest": -54700000.0,
        "Reconciled Depreciation": 19400000.0,
        "Reconciled Cost Of Revenue": 59200000.0,
        "EBITDA": -32700000.0,
        "EBIT": -52100000.0,
        "Net Interest Income": 200000.0,
        "Interest Expense": 500000.0,
        "Interest Income": 700000.0,
        "Normalized Income": -54700000.0,
        "Net Income From Continuing And Discontinued Operation": -54700000.0,
        "Total Expenses": 233400000.0,
        "Total Operating Income As Reported": -52200000.0,
        "Diluted Average Shares": 81300000.0,
        "Basic Average Shares": 81300000.0,
        "Diluted EPS": -0.67,
        "Basic EPS": -0.67,
        "Diluted NI Availto Com Stockholders": -54700000.0,
        "Net Income Common Stockholders": -54700000.0,
        "Net Income": -54700000.0,
        "Net Income Including Noncontrolling Interests": -54700000.0,
        "Net Income Continuous Operations": -54700000.0,
        "Tax Provision": 2100000.0,
        "Pretax Income": -52600000.0,
        "Other Income Expense": -600000.0,
        "Other Non Operating Income Expenses": -600000.0,
        "Special Income Charges": 0.0,
        "Impairment Of Capital Assets": 0.0,
        "Net Non Operating Interest Income Expense": 200000.0,
        "Interest Expense Non Operating": 500000.0,
        "Interest Income Non Operating": 700000.0,
        "Operating Income": -52200000.0,
        "Operating Expense": 174200000.0,
        "Research And Development": 22500000.0,
        "Selling General And Administration": 151700000.0,
        "General And Administrative Expense": NaN,
        "Other Gand A": NaN,
        "Gross Profit": 122000000.0,
        "Cost Of Revenue": 59200000.0,
        "Total Revenue": 181200000.0,
        "Operating Revenue": 181200000.0
    },
    "2022-12-31": {
        "Tax Effect Of Unusual Items": -1166218.809981,
        "Tax Rate For Calcs": 0.1881,
        "Normalized EBITDA": -31300000.0,
        "Total Unusual Items": -6200000.0,
        "Total Unusual Items Excluding Goodwill": -6200000.0,
        "Net Income From Continuing Operation Net Minority Interest": -42300000.0,
        "Reconciled Depreciation": 13700000.0,
        "Reconciled Cost Of Revenue": 53900000.0,
        "EBITDA": -37500000.0,
        "EBIT": -51200000.0,
        "Net Interest Income": 100000.0,
        "Interest Expense": 900000.0,
        "Interest Income": 1000000.0,
        "Normalized Income": -37266218.809981,
        "Net Income From Continuing And Discontinued Operation": -42300000.0,
        "Total Expenses": 223800000.0,
        "Total Operating Income As Reported": -52200000.0,
        "Diluted Average Shares": 81500000.0,
        "Basic Average Shares": 81500000.0,
        "Diluted EPS": -0.52,
        "Basic EPS": -0.52,
        "Diluted NI Availto Com Stockholders": -42300000.0,
        "Net Income Common Stockholders": -42300000.0,
        "Net Income": -42300000.0,
        "Minority Interests": 0.0,
        "Net Income Including Noncontrolling Interests": -42300000.0,
        "Net Income Continuous Operations": -42300000.0,
        "Tax Provision": -9800000.0,
        "Pretax Income": -52100000.0,
        "Other Income Expense": -6200000.0,
        "Other Non Operating Income Expenses": 0.0,
        "Special Income Charges": -6200000.0,
        "Impairment Of Capital Assets": 6200000.0,
        "Net Non Operating Interest Income Expense": 100000.0,
        "Interest Expense Non Operating": 900000.0,
        "Interest Income Non Operating": 1000000.0,
        "Operating Income": -46000000.0,
        "Operating Expense": 169900000.0,
        "Research And Development": 23400000.0,
        "Selling General And Administration": 146500000.0,
        "General And Administrative Expense": NaN,
        "Other Gand A": NaN,
        "Gross Profit": 123900000.0,
        "Cost Of Revenue": 53900000.0,
        "Total Revenue": 177800000.0,
        "Operating Revenue": 177800000.0
    },
    "2022-09-30": {
        "Tax Effect Of Unusual Items": 0.0,
        "Tax Rate For Calcs": 0.205882,
        "Normalized EBITDA": -30300000.0,
        "Total Unusual Items": 0.0,
        "Total Unusual Items Excluding Goodwill": 0.0,
        "Net Income From Continuing Operation Net Minority Interest": -35100000.0,
        "Reconciled Depreciation": 13100000.0,
        "Reconciled Cost Of Revenue": 50400000.0,
        "EBITDA": -30300000.0,
        "EBIT": -43400000.0,
        "Net Interest Income": 300000.0,
        "Interest Expense": 800000.0,
        "Interest Income": 1100000.0,
        "Normalized Income": -35100000.0,
        "Net Income From Continuing And Discontinued Operation": -35100000.0,
        "Total Expenses": 201400000.0,
        "Total Operating Income As Reported": -45000000.0,
        "Diluted Average Shares": 80700000.0,
        "Basic Average Shares": 80700000.0,
        "Diluted EPS": -0.43,
        "Basic EPS": -0.43,
        "Diluted NI Availto Com Stockholders": -35100000.0,
        "Net Income Common Stockholders": -35100000.0,
        "Net Income": -35100000.0,
        "Minority Interests": 0.0,
        "Net Income Including Noncontrolling Interests": -35100000.0,
        "Net Income Continuous Operations": -35100000.0,
        "Tax Provision": -9100000.0,
        "Pretax Income": -44200000.0,
        "Other Income Expense": 500000.0,
        "Other Non Operating Income Expenses": 500000.0,
        "Special Income Charges": 0.0,
        "Impairment Of Capital Assets": 0.0,
        "Net Non Operating Interest Income Expense": 300000.0,
        "Interest Expense Non Operating": 800000.0,
        "Interest Income Non Operating": 1100000.0,
        "Operating Income": -45000000.0,
        "Operating Expense": 151000000.0,
        "Research And Development": 20500000.0,
        "Selling General And Administration": 130500000.0,
        "General And Administrative Expense": NaN,
        "Other Gand A": NaN,
        "Gross Profit": 106000000.0,
        "Cost Of Revenue": 50400000.0,
        "Total Revenue": 156400000.0,
        "Operating Revenue": 156400000.0
    },
    "2022-06-30": {
        "Tax Effect Of Unusual Items": 0.0,
        "Tax Rate For Calcs": 0.212291,
        "Normalized EBITDA": -4400000.0,
        "Total Unusual Items": 0.0,
        "Total Unusual Items Excluding Goodwill": 0.0,
        "Net Income From Continuing Operation Net Minority Interest": -14100000.0,
        "Reconciled Depreciation": 12900000.0,
        "Reconciled Cost Of Revenue": 49700000.0,
        "EBITDA": -4400000.0,
        "EBIT": -17300000.0,
        "Net Interest Income": -200000.0,
        "Interest Expense": 600000.0,
        "Interest Income": 400000.0,
        "Normalized Income": -14100000.0,
        "Net Income From Continuing And Discontinued Operation": -14100000.0,
        "Total Expenses": 197100000.0,
        "Total Operating Income As Reported": -17800000.0,
        "Diluted Average Shares": 80400000.0,
        "Basic Average Shares": 80400000.0,
        "Diluted EPS": -0.18,
        "Basic EPS": -0.18,
        "Diluted NI Availto Com Stockholders": -14100000.0,
        "Net Income Common Stockholders": -14100000.0,
        "Net Income": -14100000.0,
        "Minority Interests": 0.0,
        "Net Income Including Noncontrolling Interests": -14100000.0,
        "Net Income Continuous Operations": -14100000.0,
        "Tax Provision": -3800000.0,
        "Pretax Income": -17900000.0,
        "Other Income Expense": 100000.0,
        "Other Non Operating Income Expenses": 100000.0,
        "Special Income Charges": 0.0,
        "Impairment Of Capital Assets": 0.0,
        "Net Non Operating Interest Income Expense": -200000.0,
        "Interest Expense Non Operating": 600000.0,
        "Interest Income Non Operating": 400000.0,
        "Operating Income": -17800000.0,
        "Operating Expense": 147400000.0,
        "Research And Development": 20300000.0,
        "Selling General And Administration": 127100000.0,
        "General And Administrative Expense": NaN,
        "Other Gand A": NaN,
        "Gross Profit": 129600000.0,
        "Cost Of Revenue": 49700000.0,
        "Total Revenue": 179300000.0,
        "Operating Revenue": 179300000.0
    },
    "2022-03-31": {
        "Diluted EPS": -0.26,
        "Total Revenue": 165,
        "Gross Profit": 117,
        "Operating Income": -26,
        "EBIT": -2,
        "Net Income": -21
    },
    "2021-12-31": {
        "Diluted EPS": -0.07,
        "Total Revenue": 161,
        "Gross Profit": 109,
        "Operating Income": -49,
        "EBIT": -36,
        "Net Income": -8
    },
    "2021-09-30": {
        "Diluted EPS": 0.3,
        "Total Revenue": 167,
        "Gross Profit": 120,
        "Operating Income": -80,
        "EBIT": -66,
        "Net Income": 25
    },
    "2021-06-30": {
        "Diluted EPS": -0.06,
        "Total Revenue": 189,
        "Gross Profit": 141,
        "Operating Income": -15,
        "EBIT": 4,
        "Net Income": -5
    },
    "2021-03-31": {
        "Diluted EPS": -0.52,
        "Total Revenue": 173,
        "Gross Profit": 123,
        "Operating Income": -47,
        "EBIT": -28,
        "Net Income": -40
    },
    "2020-12-31": {
        "Diluted EPS": 0.0,
        "Total Revenue": NaN,
        "Gross Profit": NaN,
        "Operating Income": NaN,
        "EBIT": NaN,
        "Net Income": NaN
    },
    "2020-09-30": {
        "Diluted EPS": -0.2,
        "Total Revenue": 145,
        "Gross Profit": 101,
        "Operating Income": -40,
        "EBIT": -22,
        "Net Income": -15
    },
    "2020-06-30": {
        "Diluted EPS": -0.74,
        "Total Revenue": 93,
        "Gross Profit": 57,
        "Operating Income": -68,
        "EBIT": -51,
        "Net Income": -55
    },
    "2020-03-31": {
        "Diluted EPS": -1.55,
        "Total Revenue": 164,
        "Gross Profit": 114,
        "Operating Income": -134,
        "EBIT": -17,
        "Net Income": -115
    },
    "2019-12-31": {
        "Diluted EPS": -0.11,
        "Total Revenue": 195,
        "Gross Profit": 146,
        "Operating Income": 195,
        "EBIT": 215,
        "Net Income": -8
    },
    "2019-09-30": {
        "Diluted EPS": -0.28,
        "Total Revenue": 186,
        "Gross Profit": 137,
        "Operating Income": -21,
        "EBIT": -21,
        "Net Income": -21
    },
    "2019-06-30": {
        "Diluted EPS": 0.0,
        "Total Revenue": NaN,
        "Gross Profit": NaN,
        "Operating Income": NaN,
        "EBIT": NaN,
        "Net Income": NaN
    },
    "2019-03-31": {
        "Diluted EPS": 0.09,
        "Total Revenue": 217,
        "Gross Profit": 168,
        "Operating Income": 6,
        "EBIT": 61,
        "Net Income": 7
    },
    "2018-12-31": {
        "Diluted EPS": 0.03,
        "Total Revenue": 217,
        "Gross Profit": 165,
        "Operating Income": 217,
        "EBIT": 235,
        "Net Income": 3
    },
    "2018-09-30": {
        "Diluted EPS": -0.01,
        "Total Revenue": 202,
        "Gross Profit": 153,
        "Operating Income": 1,
        "EBIT": 1,
        "Net Income": -1
    },
    "2018-06-30": {
        "Diluted EPS": 0.0,
        "Total Revenue": NaN,
        "Gross Profit": NaN,
        "Operating Income": NaN,
        "EBIT": NaN,
        "Net Income": NaN
    },
    "2018-03-31": {
        "Diluted EPS": 0.13,
        "Total Revenue": 183,
        "Gross Profit": 139,
        "Operating Income": 14,
        "EBIT": 53,
        "Net Income": 9
    },
    "2017-12-31": {
        "Diluted EPS": 0.43,
        "Total Revenue": 188,
        "Gross Profit": 144,
        "Operating Income": 188,
        "EBIT": 201,
        "Net Income": 31
    },
    "2017-09-30": {
        "Diluted EPS": 1.12,
        "Total Revenue": 179,
        "Gross Profit": 136,
        "Operating Income": 84,
        "EBIT": 84,
        "Net Income": 79
    },
    "2017-06-30": {
        "Diluted EPS": 0.0,
        "Total Revenue": NaN,
        "Gross Profit": NaN,
        "Operating Income": NaN,
        "EBIT": NaN,
        "Net Income": NaN
    },
    "2017-03-31": {
        "Diluted EPS": 0.06,
        "Total Revenue": 197,
        "Gross Profit": 153,
        "Operating Income": 8,
        "EBIT": 43,
        "Net Income": 4
    },
    "2016-12-31": {
        "Diluted EPS": 0.09,
        "Total Revenue": 197,
        "Gross Profit": 152,
        "Operating Income": 197,
        "EBIT": 209,
        "Net Income": 6
    },
    "2016-09-30": {
        "Diluted EPS": -0.02,
        "Total Revenue": 178,
        "Gross Profit": 138,
        "Operating Income": 6,
        "EBIT": 6,
        "Net Income": -1
    },
    "2016-06-30": {
        "Diluted EPS": 0.0,
        "Total Revenue": NaN,
        "Gross Profit": NaN,
        "Operating Income": NaN,
        "EBIT": NaN,
        "Net Income": NaN
    },
    "2016-03-31": {
        "Diluted EPS": 0.47,
        "Total Revenue": 191,
        "Gross Profit": 150,
        "Operating Income": 43,
        "EBIT": 63,
        "Net Income": 35
    },
    "2015-12-31": {
        "Diluted EPS": 0.5,
        "Total Revenue": 193,
        "Gross Profit": 153,
        "Operating Income": 193,
        "EBIT": 200,
        "Net Income": 37
    },
    "2015-09-30": {
        "Diluted EPS": 0.42,
        "Total Revenue": 184,
        "Gross Profit": 147,
        "Operating Income": 43,
        "EBIT": 43,
        "Net Income": 30
    },
    "2015-06-30": {
        "Diluted EPS": 0.0,
        "Total Revenue": NaN,
        "Gross Profit": NaN,
        "Operating Income": NaN,
        "EBIT": NaN,
        "Net Income": NaN
    },
    "2015-03-31": {
        "Diluted EPS": 0.29,
        "Total Revenue": 180,
        "Gross Profit": 144,
        "Operating Income": 36,
        "EBIT": 54,
        "Net Income": 21
    },
    "2014-12-31": {
        "Diluted EPS": 0.32,
        "Total Revenue": 184,
        "Gross Profit": 147,
        "Operating Income": 184,
        "EBIT": 190,
        "Net Income": 24
    },
    "2014-09-30": {
        "Diluted EPS": 0.21,
        "Total Revenue": 169,
        "Gross Profit": 134,
        "Operating Income": 26,
        "EBIT": 26,
        "Net Income": 16
    },
    "2014-06-30": {
        "Diluted EPS": 0.0,
        "Total Revenue": NaN,
        "Gross Profit": NaN,
        "Operating Income": NaN,
        "EBIT": NaN,
        "Net Income": NaN
    },
    "2014-03-31": {
        "Diluted EPS": 0.48,
        "Total Revenue": 183,
        "Gross Profit": 156,
        "Operating Income": 55,
        "EBIT": 64,
        "Net Income": 37
    },
    "2013-12-31": {
        "Diluted EPS": 0.66,
        "Total Revenue": 204,
        "Gross Profit": 178,
        "Operating Income": 204,
        "EBIT": 206,
        "Net Income": 50
    },
    "2013-09-30": {
        "Diluted EPS": 0.68,
        "Total Revenue": 202,
        "Gross Profit": 177,
        "Operating Income": 83,
        "EBIT": 83,
        "Net Income": 55
    },
    "2013-06-30": {
        "Diluted EPS": 0.0,
        "Total Revenue": NaN,
        "Gross Profit": NaN,
        "Operating Income": NaN,
        "EBIT": NaN,
        "Net Income": NaN
    },
    "2013-03-31": {
        "Diluted EPS": 0.46,
        "Total Revenue": 156,
        "Gross Profit": 136,
        "Operating Income": 58,
        "EBIT": 65,
        "Net Income": 38
    },
    "2012-12-31": {
        "Diluted EPS": 0.42,
        "Total Revenue": 149,
        "Gross Profit": 129,
        "Operating Income": 149,
        "EBIT": 151,
        "Net Income": 35
    },
    "2012-09-30": {
        "Diluted EPS": 0.36,
        "Total Revenue": 133,
        "Gross Profit": 116,
        "Operating Income": 49,
        "EBIT": 49,
        "Net Income": 30
    },
    "2012-06-30": {
        "Diluted EPS": 0.0,
        "Total Revenue": NaN,
        "Gross Profit": NaN,
        "Operating Income": NaN,
        "EBIT": NaN,
        "Net Income": NaN
    },
    "2012-03-31": {
        "Diluted EPS": 0.34,
        "Total Revenue": 130,
        "Gross Profit": 113,
        "Operating Income": 46,
        "EBIT": 53,
        "Net Income": 30
    },
    "2011-12-31": {
        "Diluted EPS": 0.33,
        "Total Revenue": 123,
        "Gross Profit": 107,
        "Operating Income": 123,
        "EBIT": 125,
        "Net Income": 28
    },
    "2011-09-30": {
        "Diluted EPS": 0.29,
        "Total Revenue": 110,
        "Gross Profit": 96,
        "Operating Income": 41,
        "EBIT": 41,
        "Net Income": 25
    },
    "2011-06-30": {
        "Diluted EPS": 0.0,
        "Total Revenue": NaN,
        "Gross Profit": NaN,
        "Operating Income": NaN,
        "EBIT": NaN,
        "Net Income": NaN
    },
    "2011-03-31": {
        "Diluted EPS": 0.31,
        "Total Revenue": 102,
        "Gross Profit": 91,
        "Operating Income": 42,
        "EBIT": 47,
        "Net Income": 28
    },
    "2010-12-31": {
        "Diluted EPS": 0.26,
        "Total Revenue": 100,
        "Gross Profit": 88,
        "Operating Income": 100,
        "EBIT": 102,
        "Net Income": 24
    },
    "2010-09-30": {
        "Diluted EPS": 0.24,
        "Total Revenue": 92,
        "Gross Profit": 81,
        "Operating Income": 36,
        "EBIT": 36,
        "Net Income": 23
    },
    "2010-06-30": {
        "Diluted EPS": 0.0,
        "Total Revenue": NaN,
        "Gross Profit": NaN,
        "Operating Income": NaN,
        "EBIT": NaN,
        "Net Income": NaN
    },
    "2010-03-31": {
        "Diluted EPS": 0.33,
        "Total Revenue": 91,
        "Gross Profit": 80,
        "Operating Income": 33,
        "EBIT": 39,
        "Net Income": 33
    },
    "2009-12-31": {
        "Diluted EPS": 0.36,
        "Total Revenue": 93,
        "Gross Profit": 82,
        "Operating Income": 93,
        "EBIT": 95,
        "Net Income": 35
    },
    "2009-09-30": {
        "Diluted EPS": 0.31,
        "Total Revenue": 85,
        "Gross Profit": 74,
        "Operating Income": 30,
        "EBIT": 30,
        "Net Income": 30
    },
    "2009-06-30": {
        "Diluted EPS": 0.0,
        "Total Revenue": NaN,
        "Gross Profit": NaN,
        "Operating Income": NaN,
        "EBIT": NaN,
        "Net Income": NaN
    },
    "2009-03-31": {
        "Diluted EPS": 0.25,
        "Total Revenue": 87,
        "Gross Profit": 75,
        "Operating Income": 35,
        "EBIT": 42,
        "Net Income": 25
    },
    "2023-06-30": {
        "Tax Effect Of Unusual Items": 0.0,
        "Tax Rate For Calcs": 0.0,
        "Normalized EBITDA": -102300000.0,
        "Total Unusual Items": 0.0,
        "Total Unusual Items Excluding Goodwill": 0.0,
        "Net Income From Continuing Operation Net Minority Interest": -116100000.0,
        "Reconciled Depreciation": 13300000.0,
        "Reconciled Cost Of Revenue": 57800000.0,
        "EBITDA": -102300000.0,
        "EBIT": -115600000.0,
        "Net Interest Income": 0.0,
        "Interest Expense": 500000.0,
        "Interest Income": 500000.0,
        "Normalized Income": -116100000.0,
        "Net Income From Continuing And Discontinued Operation": -116100000.0,
        "Total Expenses": 297200000.0,
        "Total Operating Income As Reported": -113700000.0,
        "Diluted Average Shares": 81700000.0,
        "Basic Average Shares": 81700000.0,
        "Diluted EPS": -1.42,
        "Basic EPS": -1.42,
        "Diluted NI Availto Com Stockholders": -116100000.0,
        "Net Income Common Stockholders": -116100000.0,
        "Net Income": -116100000.0,
        "Net Income Including Noncontrolling Interests": -116100000.0,
        "Net Income Continuous Operations": -116100000.0,
        "Tax Provision": 0.0,
        "Pretax Income": -116100000.0,
        "Other Income Expense": -2400000.0,
        "Other Non Operating Income Expenses": -2400000.0,
        "Special Income Charges": 0.0,
        "Impairment Of Capital Assets": 0.0,
        "Net Non Operating Interest Income Expense": 0.0,
        "Interest Expense Non Operating": 500000.0,
        "Interest Income Non Operating": 500000.0,
        "Operating Income": -113700000.0,
        "Operating Expense": 239400000.0,
        "Research And Development": 21200000.0,
        "Selling General And Administration": 218200000.0,
        "General And Administrative Expense": 218200000.0,
        "Other Gand A": 218200000.0,
        "Gross Profit": 125700000.0,
        "Cost Of Revenue": 57800000.0,
        "Total Revenue": 183500000.0,
        "Operating Revenue": 183500000.0
    },
    "2023-09-30": {
        "Tax Effect Of Unusual Items": 0.0,
        "Tax Rate For Calcs": 0.21,
        "Normalized EBITDA": -46100000.0,
        "Total Unusual Items": 0.0,
        "Total Unusual Items Excluding Goodwill": 0.0,
        "Net Income From Continuing Operation Net Minority Interest": -61300000.0,
        "Reconciled Depreciation": 14100000.0,
        "Reconciled Cost Of Revenue": 57600000.0,
        "EBITDA": -46100000.0,
        "EBIT": -60200000.0,
        "Net Interest Income": -400000.0,
        "Interest Expense": 1000000.0,
        "Interest Income": 600000.0,
        "Normalized Income": -61300000.0,
        "Net Income From Continuing And Discontinued Operation": -61300000.0,
        "Total Expenses": 252000000.0,
        "Total Operating Income As Reported": -60100000.0,
        "Diluted Average Shares": 81900000.0,
        "Basic Average Shares": 81900000.0,
        "Diluted EPS": -0.75,
        "Basic EPS": -0.75,
        "Diluted NI Availto Com Stockholders": -61300000.0,
        "Net Income Common Stockholders": -61300000.0,
        "Net Income": -61300000.0,
        "Net Income Including Noncontrolling Interests": -61300000.0,
        "Net Income Continuous Operations": -61300000.0,
        "Tax Provision": 100000.0,
        "Pretax Income": -61200000.0,
        "Other Income Expense": -700000.0,
        "Other Non Operating Income Expenses": -700000.0,
        "Special Income Charges": 0.0,
        "Impairment Of Capital Assets": 0.0,
        "Net Non Operating Interest Income Expense": -400000.0,
        "Interest Expense Non Operating": 1000000.0,
        "Interest Income Non Operating": 600000.0,
        "Operating Income": -60100000.0,
        "Operating Expense": 194400000.0,
        "Research And Development": 24000000.0,
        "Selling General And Administration": 170400000.0,
        "General And Administrative Expense": 170400000.0,
        "Other Gand A": 170400000.0,
        "Gross Profit": 134300000.0,
        "Cost Of Revenue": 57600000.0,
        "Total Revenue": 191900000.0,
        "Operating Revenue": 191900000.0
    },
    "2023-12-31": {
        "Tax Effect Of Unusual Items": -3841486.068111,
        "Tax Rate For Calcs": 0.034056,
        "Normalized EBITDA": 96500000.0,
        "Total Unusual Items": -112800000.0,
        "Total Unusual Items Excluding Goodwill": -112800000.0,
        "Net Income From Continuing Operation Net Minority Interest": -31200000.0,
        "Reconciled Depreciation": 15100000.0,
        "Reconciled Cost Of Revenue": 61600000.0,
        "EBITDA": -16300000.0,
        "EBIT": -31400000.0,
        "Net Interest Income": -200000.0,
        "Interest Expense": 900000.0,
        "Interest Income": 700000.0,
        "Normalized Income": 77758513.931889,
        "Net Income From Continuing And Discontinued Operation": -31200000.0,
        "Total Expenses": 115200000.0,
        "Total Operating Income As Reported": -31400000.0,
        "Diluted Average Shares": 86100000.0,
        "Basic Average Shares": 86100000.0,
        "Diluted EPS": -0.36,
        "Basic EPS": -0.36,
        "Diluted NI Availto Com Stockholders": -31200000.0,
        "Net Income Common Stockholders": -31200000.0,
        "Net Income": -31200000.0,
        "Net Income Including Noncontrolling Interests": -31200000.0,
        "Net Income Continuous Operations": -31200000.0,
        "Tax Provision": -1100000.0,
        "Pretax Income": -32300000.0,
        "Other Income Expense": -113500000.0,
        "Other Non Operating Income Expenses": -700000.0,
        "Special Income Charges": -112800000.0,
        "Impairment Of Capital Assets": 0.0,
        "Net Non Operating Interest Income Expense": -200000.0,
        "Interest Expense Non Operating": 900000.0,
        "Interest Income Non Operating": 700000.0,
        "Operating Income": 81400000.0,
        "Operating Expense": 53600000.0,
        "Research And Development": 21000000.0,
        "Selling General And Administration": 32600000.0,
        "General And Administrative Expense": 32600000.0,
        "Other Gand A": 32600000.0,
        "Gross Profit": 135000000.0,
        "Cost Of Revenue": 61600000.0,
        "Total Revenue": 196600000.0,
        "Operating Revenue": 196600000.0
    }
}