{
    "2023-03-31": {
        "Tax Effect Of Unusual Items": 0.0,
        "Tax Rate For Calcs": 0.0,
        "Normalized EBITDA": -6200204.0,
        "Net Income From Continuing Operation Net Minority Interest": -6560916.0,
        "Reconciled Depreciation": 287352.0,
        "Reconciled Cost Of Revenue": 111163.0,
        "EBITDA": -6200204.0,
        "EBIT": -6487556.0,
        "Normalized Income": -6560916.0,
        "Net Income From Continuing And Discontinued Operation": -6560916.0,
        "Total Expenses": 6737660.0,
        "Rent Expense Supplemental": 32187.0,
        "Total Operating Income As Reported": -6487556.0,
        "Diluted Average Shares": 14688361.0,
        "Basic Average Shares": 14688361.0,
        "Diluted EPS": -0.45,
        "Basic EPS": -0.45,
        "Diluted NI Availto Com Stockholders": -6560916.0,
        "Net Income Common Stockholders": -6560916.0,
        "Net Income": -6560916.0,
        "Net Income Including Noncontrolling Interests": -6560916.0,
        "Net Income Continuous Operations": -6560916.0,
        "Tax Provision": 0.0,
        "Pretax Income": -6560916.0,
        "Other Income Expense": -73360.0,
        "Other Non Operating Income Expenses": -73360.0,
        "Operating Income": -6487556.0,
        "Operating Expense": 6626497.0,
        "Depreciation Amortization Depletion Income Statement": 31371.0,
        "Depreciation And Amortization In Income Statement": 31371.0,
        "Research And Development": 2625072.0,
        "Selling General And Administration": 3970054.0,
        "Selling And Marketing Expense": 1561999.0,
        "General And Administrative Expense": 2408055.0,
        "Other Gand A": 1003404.0,
        "Insurance And Claims": 166575.0,
        "Rent And Landing Fees": 32187.0,
        "Salaries And Wages": 1205889.0,
        "Gross Profit": 138941.0,
        "Cost Of Revenue": 111163.0,
        "Total Revenue": 250104.0,
        "Operating Revenue": 250104.0
    },
    "2022-06-30": {
        "Tax Effect Of Unusual Items": 0.0,
        "Tax Rate For Calcs": 0.0,
        "Normalized EBITDA": -6827465.0,
        "Net Income From Continuing Operation Net Minority Interest": -6938711.0,
        "Reconciled Depreciation": 27511.0,
        "Reconciled Cost Of Revenue": 39513.0,
        "EBITDA": -6827465.0,
        "EBIT": -6854976.0,
        "Normalized Income": -6938711.0,
        "Net Income From Continuing And Discontinued Operation": -6938711.0,
        "Total Expenses": 7017569.0,
        "Rent Expense Supplemental": NaN,
        "Total Operating Income As Reported": -6947908.0,
        "Diluted Average Shares": 14286157.0,
        "Basic Average Shares": 14286157.0,
        "Diluted EPS": -0.48,
        "Basic EPS": -0.48,
        "Diluted NI Availto Com Stockholders": -6938711.0,
        "Net Income Common Stockholders": -6938711.0,
        "Net Income": -6938711.0,
        "Net Income Including Noncontrolling Interests": -6938711.0,
        "Net Income Continuous Operations": -6938711.0,
        "Tax Provision": 0.0,
        "Pretax Income": -6938711.0,
        "Other Income Expense": 55531.0,
        "Other Non Operating Income Expenses": 56001.0,
        "Operating Income": -6878329.0,
        "Operating Expense": 6952700.0,
        "Depreciation Amortization Depletion Income Statement": 2155.0,
        "Depreciation And Amortization In Income Statement": 2155.0,
        "Research And Development": 348144.0,
        "Selling General And Administration": 6671510.0,
        "Selling And Marketing Expense": 1441138.0,
        "General And Administrative Expense": 5230372.0,
        "Other Gand A": 1509130.0,
        "Insurance And Claims": NaN,
        "Rent And Landing Fees": NaN,
        "Salaries And Wages": 3871311.0,
        "Gross Profit": 74371.0,
        "Cost Of Revenue": 64869.0,
        "Total Revenue": 139240.0,
        "Operating Revenue": 139240.0
    },
    "2022-12-31": {
        "Tax Effect Of Unusual Items": 0.0,
        "Tax Rate For Calcs": 0.0,
        "Normalized EBITDA": -7969443.0,
        "Net Income From Continuing Operation Net Minority Interest": -8188662.0,
        "Reconciled Depreciation": 244522.0,
        "Reconciled Cost Of Revenue": 67701.0,
        "EBITDA": -7969443.0,
        "EBIT": -8213965.0,
        "Normalized Income": -8188662.0,
        "Net Income From Continuing And Discontinued Operation": -8188662.0,
        "Total Expenses": 8483988.0,
        "Rent Expense Supplemental": NaN,
        "Total Operating Income As Reported": -8454369.0,
        "Diluted Average Shares": NaN,
        "Basic Average Shares": NaN,
        "Diluted EPS": NaN,
        "Basic EPS": NaN,
        "Diluted NI Availto Com Stockholders": -8188662.0,
        "Net Income Common Stockholders": -8188662.0,
        "Net Income": -8188662.0,
        "Net Income Including Noncontrolling Interests": -8188662.0,
        "Net Income Continuous Operations": -8188662.0,
        "Tax Provision": 0.0,
        "Pretax Income": -8188662.0,
        "Other Income Expense": 391369.0,
        "Other Non Operating Income Expenses": 456758.0,
        "Operating Income": -8290707.0,
        "Operating Expense": 8327003.0,
        "Other Operating Expenses": -98273.0,
        "Depreciation Amortization Depletion Income Statement": 155238.0,
        "Depreciation And Amortization In Income Statement": 155238.0,
        "Research And Development": 1958004.0,
        "Selling General And Administration": 6312034.0,
        "Selling And Marketing Expense": 2031467.0,
        "General And Administrative Expense": 4280567.0,
        "Other Gand A": 1082962.0,
        "Insurance And Claims": NaN,
        "Rent And Landing Fees": NaN,
        "Salaries And Wages": 4078613.0,
        "Gross Profit": 36296.0,
        "Cost Of Revenue": 156985.0,
        "Total Revenue": 193281.0,
        "Operating Revenue": 193281.0
    },
    "2022-03-31": {
        "Diluted EPS": -0.42,
        "Total Revenue": 0,
        "Gross Profit": 0,
        "Operating Income": -6,
        "EBIT": -6,
        "Net Income": -6
    },
    "2021-12-31": {
        "Diluted EPS": 0.0,
        "Total Revenue": NaN,
        "Gross Profit": NaN,
        "Operating Income": NaN,
        "EBIT": NaN,
        "Net Income": NaN
    },
    "2020-12-31": {
        "Diluted EPS": 0.0,
        "Total Revenue": NaN,
        "Gross Profit": NaN,
        "Operating Income": NaN,
        "EBIT": NaN,
        "Net Income": NaN
    },
    "2023-06-30": {
        "Tax Effect Of Unusual Items": 0.0,
        "Tax Rate For Calcs": 0.0,
        "Normalized EBITDA": -7755074.0,
        "Net Income From Continuing Operation Net Minority Interest": -8251727.0,
        "Reconciled Depreciation": 171016.0,
        "Reconciled Cost Of Revenue": 100147.0,
        "EBITDA": -7755074.0,
        "EBIT": -7926090.0,
        "Normalized Income": -8251727.0,
        "Net Income From Continuing And Discontinued Operation": -8251727.0,
        "Total Expenses": 8175035.0,
        "Rent Expense Supplemental": NaN,
        "Total Operating Income As Reported": -7926090.0,
        "Diluted Average Shares": 14915905.0,
        "Basic Average Shares": 14915905.0,
        "Diluted EPS": -0.56,
        "Basic EPS": -0.56,
        "Diluted NI Availto Com Stockholders": -8251727.0,
        "Net Income Common Stockholders": -8251727.0,
        "Net Income": -8251727.0,
        "Net Income Including Noncontrolling Interests": -8251727.0,
        "Net Income Continuous Operations": -8251727.0,
        "Tax Provision": 0.0,
        "Pretax Income": -8251727.0,
        "Other Income Expense": -325637.0,
        "Other Non Operating Income Expenses": -325637.0,
        "Operating Income": -7926090.0,
        "Operating Expense": 8074888.0,
        "Depreciation Amortization Depletion Income Statement": NaN,
        "Depreciation And Amortization In Income Statement": NaN,
        "Research And Development": 3478595.0,
        "Selling General And Administration": 4596293.0,
        "Selling And Marketing Expense": 1799569.0,
        "General And Administrative Expense": 2796724.0,
        "Other Gand A": 2796724.0,
        "Insurance And Claims": NaN,
        "Rent And Landing Fees": NaN,
        "Salaries And Wages": NaN,
        "Gross Profit": 148798.0,
        "Cost Of Revenue": 100147.0,
        "Total Revenue": 248945.0,
        "Operating Revenue": 248945.0
    },
    "2023-09-30": {
        "Tax Effect Of Unusual Items": 0.0,
        "Tax Rate For Calcs": 0.0,
        "Normalized EBITDA": -5437064.0,
        "Net Income From Continuing Operation Net Minority Interest": -6299757.0,
        "Reconciled Depreciation": 203574.0,
        "Reconciled Cost Of Revenue": 94483.0,
        "EBITDA": -5437064.0,
        "EBIT": -5640638.0,
        "Normalized Income": -6299757.0,
        "Net Income From Continuing And Discontinued Operation": -6299757.0,
        "Total Expenses": 5822307.0,
        "Rent Expense Supplemental": NaN,
        "Total Operating Income As Reported": -5640638.0,
        "Diluted Average Shares": 15967714.0,
        "Basic Average Shares": 15967714.0,
        "Diluted EPS": -0.39,
        "Basic EPS": -0.39,
        "Diluted NI Availto Com Stockholders": -6299757.0,
        "Net Income Common Stockholders": -6299757.0,
        "Net Income": -6299757.0,
        "Net Income Including Noncontrolling Interests": -6299757.0,
        "Net Income Continuous Operations": -6299757.0,
        "Tax Provision": 0.0,
        "Pretax Income": -6299757.0,
        "Other Income Expense": -659119.0,
        "Other Non Operating Income Expenses": -659119.0,
        "Operating Income": -5640638.0,
        "Operating Expense": 5727824.0,
        "Depreciation Amortization Depletion Income Statement": NaN,
        "Depreciation And Amortization In Income Statement": NaN,
        "Research And Development": 1854795.0,
        "Selling General And Administration": 3873029.0,
        "Selling And Marketing Expense": 1122134.0,
        "General And Administrative Expense": 2750895.0,
        "Other Gand A": 2750895.0,
        "Insurance And Claims": NaN,
        "Rent And Landing Fees": NaN,
        "Salaries And Wages": NaN,
        "Gross Profit": 87186.0,
        "Cost Of Revenue": 94483.0,
        "Total Revenue": 181669.0,
        "Operating Revenue": 181669.0
    },
    "2022-09-30": {
        "Tax Effect Of Unusual Items": NaN,
        "Tax Rate For Calcs": NaN,
        "Normalized EBITDA": NaN,
        "Net Income From Continuing Operation Net Minority Interest": NaN,
        "Reconciled Depreciation": NaN,
        "Reconciled Cost Of Revenue": NaN,
        "EBITDA": NaN,
        "EBIT": NaN,
        "Normalized Income": NaN,
        "Net Income From Continuing And Discontinued Operation": NaN,
        "Total Expenses": NaN,
        "Rent Expense Supplemental": NaN,
        "Total Operating Income As Reported": NaN,
        "Diluted Average Shares": 14286157.0,
        "Basic Average Shares": 14286157.0,
        "Diluted EPS": -0.39,
        "Basic EPS": -0.39,
        "Diluted NI Availto Com Stockholders": NaN,
        "Net Income Common Stockholders": NaN,
        "Net Income": NaN,
        "Net Income Including Noncontrolling Interests": NaN,
        "Net Income Continuous Operations": NaN,
        "Tax Provision": NaN,
        "Pretax Income": NaN,
        "Other Income Expense": NaN,
        "Other Non Operating Income Expenses": NaN,
        "Operating Income": NaN,
        "Operating Expense": NaN,
        "Other Operating Expenses": NaN,
        "Depreciation Amortization Depletion Income Statement": NaN,
        "Depreciation And Amortization In Income Statement": NaN,
        "Research And Development": NaN,
        "Selling General And Administration": NaN,
        "Selling And Marketing Expense": NaN,
        "General And Administrative Expense": NaN,
        "Other Gand A": NaN,
        "Insurance And Claims": NaN,
        "Rent And Landing Fees": NaN,
        "Salaries And Wages": NaN,
        "Gross Profit": NaN,
        "Cost Of Revenue": NaN,
        "Total Revenue": NaN,
        "Operating Revenue": NaN
    },
    "2023-12-31": {
        "Tax Effect Of Unusual Items": 0.0,
        "Tax Rate For Calcs": 0.0,
        "Normalized EBITDA": -5437012.0,
        "Net Income From Continuing Operation Net Minority Interest": -5183327.0,
        "Reconciled Depreciation": 204470.0,
        "Reconciled Cost Of Revenue": 80027.0,
        "EBITDA": -5437012.0,
        "EBIT": -5641482.0,
        "Normalized Income": -5183327.0,
        "Net Income From Continuing And Discontinued Operation": -5183327.0,
        "Total Expenses": 7014779.0,
        "Rent Expense Supplemental": NaN,
        "Total Operating Income As Reported": -6590398.0,
        "Diluted Average Shares": NaN,
        "Basic Average Shares": NaN,
        "Diluted EPS": NaN,
        "Basic EPS": NaN,
        "Diluted NI Availto Com Stockholders": -5183327.0,
        "Net Income Common Stockholders": -5183327.0,
        "Net Income": -5183327.0,
        "Net Income Including Noncontrolling Interests": -5183327.0,
        "Net Income Continuous Operations": -5183327.0,
        "Tax Provision": 0.0,
        "Pretax Income": -5183327.0,
        "Other Income Expense": 2426272.0,
        "Other Non Operating Income Expenses": 2377595.0,
        "Operating Income": -6800018.0,
        "Operating Expense": 6934752.0,
        "Depreciation Amortization Depletion Income Statement": -52684.0,
        "Depreciation And Amortization In Income Statement": -52684.0,
        "Research And Development": 1999225.0,
        "Selling General And Administration": 4778591.0,
        "Selling And Marketing Expense": 1247730.0,
        "General And Administrative Expense": 3530861.0,
        "Other Gand A": 1464327.0,
        "Insurance And Claims": 176651.0,
        "Rent And Landing Fees": NaN,
        "Salaries And Wages": 2005007.0,
        "Gross Profit": 134734.0,
        "Cost Of Revenue": 80027.0,
        "Total Revenue": 214761.0,
        "Operating Revenue": 214761.0
    }
}