{
    "2023-03-31": {
        "Tax Effect Of Unusual Items": -1072260.0,
        "Tax Rate For Calcs": 0.21,
        "Normalized EBITDA": 17980000.0,
        "Total Unusual Items": -5106000.0,
        "Total Unusual Items Excluding Goodwill": -5106000.0,
        "Net Income From Continuing Operation Net Minority Interest": -2570000.0,
        "Reconciled Depreciation": 11033000.0,
        "Reconciled Cost Of Revenue": 19527000.0,
        "EBITDA": 12874000.0,
        "EBIT": 1841000.0,
        "Net Interest Income": 895000.0,
        "Normalized Income": 1463740.0,
        "Net Income From Continuing And Discontinued Operation": -2570000.0,
        "Total Expenses": 78282000.0,
        "Total Operating Income As Reported": -2207000.0,
        "Diluted Average Shares": 132131000.0,
        "Basic Average Shares": 132131000.0,
        "Diluted EPS": -0.02,
        "Basic EPS": -0.02,
        "Diluted NI Availto Com Stockholders": -2570000.0,
        "Net Income Common Stockholders": -2570000.0,
        "Net Income": -2570000.0,
        "Net Income Including Noncontrolling Interests": -2570000.0,
        "Net Income Continuous Operations": -2570000.0,
        "Tax Provision": 260000.0,
        "Pretax Income": -2310000.0,
        "Other Income Expense": -5046000.0,
        "Other Non Operating Income Expenses": 60000.0,
        "Special Income Charges": -4048000.0,
        "Restructuring And Mergern Acquisition": 4048000.0,
        "Gain On Sale Of Security": -1058000.0,
        "Net Non Operating Interest Income Expense": 895000.0,
        "Total Other Finance Cost": -895000.0,
        "Operating Income": 1841000.0,
        "Operating Expense": 58755000.0,
        "Depreciation Amortization Depletion Income Statement": 11033000.0,
        "Depreciation And Amortization In Income Statement": 11033000.0,
        "Research And Development": 17755000.0,
        "Selling General And Administration": 29967000.0,
        "Selling And Marketing Expense": 18066000.0,
        "General And Administrative Expense": 11901000.0,
        "Other Gand A": 11901000.0,
        "Gross Profit": 60596000.0,
        "Cost Of Revenue": 19527000.0,
        "Total Revenue": 80123000.0,
        "Operating Revenue": 80123000.0
    },
    "2022-12-31": {
        "Tax Effect Of Unusual Items": -450240.0,
        "Tax Rate For Calcs": 0.21,
        "Normalized EBITDA": 10031000.0,
        "Total Unusual Items": -2144000.0,
        "Total Unusual Items Excluding Goodwill": -2144000.0,
        "Net Income From Continuing Operation Net Minority Interest": -1703000.0,
        "Reconciled Depreciation": 10297000.0,
        "Reconciled Cost Of Revenue": 21743000.0,
        "EBITDA": 7887000.0,
        "EBIT": -2410000.0,
        "Net Interest Income": 875000.0,
        "Normalized Income": -9240.0,
        "Net Income From Continuing And Discontinued Operation": -1703000.0,
        "Total Expenses": 81788000.0,
        "Total Operating Income As Reported": -4462000.0,
        "Diluted Average Shares": 130799000.0,
        "Basic Average Shares": 130799000.0,
        "Diluted EPS": -0.02,
        "Basic EPS": -0.02,
        "Diluted NI Availto Com Stockholders": -1703000.0,
        "Net Income Common Stockholders": -1703000.0,
        "Net Income": -1703000.0,
        "Net Income Including Noncontrolling Interests": -1703000.0,
        "Net Income Continuous Operations": -1703000.0,
        "Tax Provision": 351000.0,
        "Pretax Income": -1352000.0,
        "Other Income Expense": 183000.0,
        "Other Non Operating Income Expenses": 2327000.0,
        "Special Income Charges": -2052000.0,
        "Restructuring And Mergern Acquisition": 2052000.0,
        "Gain On Sale Of Security": -92000.0,
        "Net Non Operating Interest Income Expense": 875000.0,
        "Total Other Finance Cost": -875000.0,
        "Operating Income": -2410000.0,
        "Operating Expense": 60045000.0,
        "Depreciation Amortization Depletion Income Statement": 10297000.0,
        "Depreciation And Amortization In Income Statement": 10297000.0,
        "Research And Development": 16754000.0,
        "Selling General And Administration": 32994000.0,
        "Selling And Marketing Expense": 21483000.0,
        "General And Administrative Expense": 11511000.0,
        "Other Gand A": 11511000.0,
        "Gross Profit": 57635000.0,
        "Cost Of Revenue": 21743000.0,
        "Total Revenue": 79378000.0,
        "Operating Revenue": 79378000.0
    },
    "2022-09-30": {
        "Tax Effect Of Unusual Items": 814800.0,
        "Tax Rate For Calcs": 0.21,
        "Normalized EBITDA": 2321000.0,
        "Total Unusual Items": 3880000.0,
        "Total Unusual Items Excluding Goodwill": 3880000.0,
        "Net Income From Continuing Operation Net Minority Interest": 3629000.0,
        "Reconciled Depreciation": 8583000.0,
        "Reconciled Cost Of Revenue": 21703000.0,
        "EBITDA": 6201000.0,
        "EBIT": -2382000.0,
        "Net Interest Income": 843000.0,
        "Interest Income": 843000.0,
        "Normalized Income": 563800.0,
        "Net Income From Continuing And Discontinued Operation": 3629000.0,
        "Total Expenses": 74509000.0,
        "Total Operating Income As Reported": -3178000.0,
        "Diluted Average Shares": 146920000.0,
        "Basic Average Shares": 129032000.0,
        "Diluted EPS": 0.02,
        "Basic EPS": 0.03,
        "Diluted NI Availto Com Stockholders": 3629000.0,
        "Net Income Common Stockholders": 3629000.0,
        "Net Income": 3629000.0,
        "Net Income Including Noncontrolling Interests": 3629000.0,
        "Net Income Continuous Operations": 3629000.0,
        "Tax Provision": -1763000.0,
        "Pretax Income": 1866000.0,
        "Other Income Expense": 3405000.0,
        "Other Non Operating Income Expenses": -475000.0,
        "Special Income Charges": -796000.0,
        "Restructuring And Mergern Acquisition": 796000.0,
        "Gain On Sale Of Security": 4676000.0,
        "Net Non Operating Interest Income Expense": 843000.0,
        "Total Other Finance Cost": -843000.0,
        "Interest Income Non Operating": 843000.0,
        "Operating Income": -2382000.0,
        "Operating Expense": 52806000.0,
        "Depreciation Amortization Depletion Income Statement": 8583000.0,
        "Depreciation And Amortization In Income Statement": 8583000.0,
        "Research And Development": 15110000.0,
        "Selling General And Administration": 29113000.0,
        "Selling And Marketing Expense": 19249000.0,
        "General And Administrative Expense": 9864000.0,
        "Other Gand A": 9864000.0,
        "Gross Profit": 50424000.0,
        "Cost Of Revenue": 21703000.0,
        "Total Revenue": 72127000.0,
        "Operating Revenue": 72127000.0
    },
    "2022-06-30": {
        "Tax Effect Of Unusual Items": -935200.0,
        "Tax Rate For Calcs": 0.4,
        "Normalized EBITDA": 6545000.0,
        "Total Unusual Items": -2338000.0,
        "Total Unusual Items Excluding Goodwill": -2338000.0,
        "Net Income From Continuing Operation Net Minority Interest": 5503000.0,
        "Reconciled Depreciation": 8288000.0,
        "Reconciled Cost Of Revenue": 20921000.0,
        "EBITDA": 4207000.0,
        "EBIT": -4081000.0,
        "Net Interest Income": 212000.0,
        "Interest Income": NaN,
        "Normalized Income": 6905800.0,
        "Net Income From Continuing And Discontinued Operation": 5503000.0,
        "Total Expenses": 72434000.0,
        "Total Operating Income As Reported": -5598000.0,
        "Diluted Average Shares": 146197000.0,
        "Basic Average Shares": 127187000.0,
        "Diluted EPS": 0.04,
        "Basic EPS": 0.04,
        "Diluted NI Availto Com Stockholders": 5503000.0,
        "Net Income Common Stockholders": 5503000.0,
        "Net Income": 5503000.0,
        "Net Income Including Noncontrolling Interests": 5503000.0,
        "Net Income Continuous Operations": 5503000.0,
        "Tax Provision": -12258000.0,
        "Pretax Income": -6755000.0,
        "Other Income Expense": -2886000.0,
        "Other Non Operating Income Expenses": -548000.0,
        "Special Income Charges": -1517000.0,
        "Restructuring And Mergern Acquisition": 1517000.0,
        "Gain On Sale Of Security": -821000.0,
        "Net Non Operating Interest Income Expense": 212000.0,
        "Total Other Finance Cost": -212000.0,
        "Interest Income Non Operating": NaN,
        "Operating Income": -4081000.0,
        "Operating Expense": 51513000.0,
        "Depreciation Amortization Depletion Income Statement": 8288000.0,
        "Depreciation And Amortization In Income Statement": 8288000.0,
        "Research And Development": 14470000.0,
        "Selling General And Administration": 28755000.0,
        "Selling And Marketing Expense": 19547000.0,
        "General And Administrative Expense": 9208000.0,
        "Other Gand A": 9208000.0,
        "Gross Profit": 47432000.0,
        "Cost Of Revenue": 20921000.0,
        "Total Revenue": 68353000.0,
        "Operating Revenue": 67317000.0
    },
    "2023-06-30": {
        "Tax Effect Of Unusual Items": -747810.0,
        "Tax Rate For Calcs": 0.21,
        "Normalized EBITDA": 14615000.0,
        "Total Unusual Items": -3561000.0,
        "Total Unusual Items Excluding Goodwill": -3561000.0,
        "Net Income From Continuing Operation Net Minority Interest": -759000.0,
        "Reconciled Depreciation": 11116000.0,
        "Reconciled Cost Of Revenue": 18887000.0,
        "EBITDA": 11054000.0,
        "EBIT": -62000.0,
        "Net Interest Income": 1262000.0,
        "Normalized Income": 2054190.0,
        "Net Income From Continuing And Discontinued Operation": -759000.0,
        "Total Expenses": 77855000.0,
        "Total Operating Income As Reported": -1846000.0,
        "Diluted Average Shares": 132144000.0,
        "Basic Average Shares": 132144000.0,
        "Diluted EPS": -0.01,
        "Basic EPS": -0.01,
        "Diluted NI Availto Com Stockholders": -759000.0,
        "Net Income Common Stockholders": -759000.0,
        "Net Income": -759000.0,
        "Net Income Including Noncontrolling Interests": -759000.0,
        "Net Income Continuous Operations": -759000.0,
        "Tax Provision": -558000.0,
        "Pretax Income": -1317000.0,
        "Other Income Expense": -2517000.0,
        "Other Non Operating Income Expenses": 1044000.0,
        "Special Income Charges": -1784000.0,
        "Restructuring And Mergern Acquisition": 1784000.0,
        "Gain On Sale Of Security": -1777000.0,
        "Net Non Operating Interest Income Expense": 1262000.0,
        "Total Other Finance Cost": -1262000.0,
        "Operating Income": -62000.0,
        "Operating Expense": 58968000.0,
        "Depreciation Amortization Depletion Income Statement": 11116000.0,
        "Depreciation And Amortization In Income Statement": 11116000.0,
        "Research And Development": 18381000.0,
        "Selling General And Administration": 29471000.0,
        "Selling And Marketing Expense": 18431000.0,
        "General And Administrative Expense": 11040000.0,
        "Other Gand A": 11040000.0,
        "Gross Profit": 58906000.0,
        "Cost Of Revenue": 18887000.0,
        "Total Revenue": 77793000.0,
        "Operating Revenue": 77793000.0
    },
    "2022-03-31": {
        "Diluted EPS": -0.2,
        "Total Revenue": 70,
        "Gross Profit": 49,
        "Operating Income": -15,
        "EBIT": -6,
        "Net Income": -25
    },
    "2021-12-31": {
        "Diluted EPS": 0.03,
        "Total Revenue": 72,
        "Gross Profit": 50,
        "Operating Income": 3,
        "EBIT": 11,
        "Net Income": 1
    },
    "2021-09-30": {
        "Diluted EPS": 0.08,
        "Total Revenue": 71,
        "Gross Profit": 48,
        "Operating Income": -1,
        "EBIT": 7,
        "Net Income": 11
    },
    "2021-06-30": {
        "Diluted EPS": -0.07,
        "Total Revenue": 71,
        "Gross Profit": 48,
        "Operating Income": -13,
        "EBIT": -6,
        "Net Income": -7
    },
    "2021-03-31": {
        "Diluted EPS": 0.05,
        "Total Revenue": 74,
        "Gross Profit": 50,
        "Operating Income": 8,
        "EBIT": 14,
        "Net Income": 6
    },
    "2020-12-31": {
        "Diluted EPS": 0.0,
        "Total Revenue": NaN,
        "Gross Profit": NaN,
        "Operating Income": NaN,
        "EBIT": NaN,
        "Net Income": NaN
    },
    "2020-09-30": {
        "Diluted EPS": 0.05,
        "Total Revenue": 70,
        "Gross Profit": 46,
        "Operating Income": 6,
        "EBIT": 12,
        "Net Income": 5
    },
    "2020-06-30": {
        "Diluted EPS": 0.13,
        "Total Revenue": 78,
        "Gross Profit": 51,
        "Operating Income": 16,
        "EBIT": 16,
        "Net Income": 13
    },
    "2023-09-30": {
        "Tax Effect Of Unusual Items": 616560.0,
        "Tax Rate For Calcs": 0.21,
        "Normalized EBITDA": 6160000.0,
        "Total Unusual Items": 2936000.0,
        "Total Unusual Items Excluding Goodwill": 2936000.0,
        "Net Income From Continuing Operation Net Minority Interest": 3800000.0,
        "Reconciled Depreciation": 11537000.0,
        "Reconciled Cost Of Revenue": 19862000.0,
        "EBITDA": 9096000.0,
        "EBIT": -2441000.0,
        "Net Interest Income": 1364000.0,
        "Normalized Income": 1480560.0,
        "Net Income From Continuing And Discontinued Operation": 3800000.0,
        "Total Expenses": 78299000.0,
        "Total Operating Income As Reported": -3721000.0,
        "Diluted Average Shares": 149655000.0,
        "Basic Average Shares": 133351000.0,
        "Diluted EPS": 0.03,
        "Basic EPS": 0.03,
        "Diluted NI Availto Com Stockholders": 3800000.0,
        "Net Income Common Stockholders": 3800000.0,
        "Net Income": 3800000.0,
        "Net Income Including Noncontrolling Interests": 3800000.0,
        "Net Income Continuous Operations": 3800000.0,
        "Tax Provision": -2139000.0,
        "Pretax Income": 1661000.0,
        "Other Income Expense": 2738000.0,
        "Other Non Operating Income Expenses": -198000.0,
        "Special Income Charges": -1280000.0,
        "Restructuring And Mergern Acquisition": 1280000.0,
        "Gain On Sale Of Security": 4216000.0,
        "Net Non Operating Interest Income Expense": 1364000.0,
        "Total Other Finance Cost": -1364000.0,
        "Operating Income": -2441000.0,
        "Operating Expense": 58437000.0,
        "Depreciation Amortization Depletion Income Statement": 11537000.0,
        "Depreciation And Amortization In Income Statement": 11537000.0,
        "Research And Development": 17367000.0,
        "Selling General And Administration": 29533000.0,
        "Selling And Marketing Expense": 18786000.0,
        "General And Administrative Expense": 10747000.0,
        "Other Gand A": 10747000.0,
        "Gross Profit": 55996000.0,
        "Cost Of Revenue": 19862000.0,
        "Total Revenue": 75858000.0,
        "Operating Revenue": 75858000.0
    }
}