{
    "2023-03-31": {
        "Tax Effect Of Unusual Items": NaN,
        "Tax Rate For Calcs": NaN,
        "Normalized EBITDA": NaN,
        "Net Income From Continuing Operation Net Minority Interest": NaN,
        "Reconciled Depreciation": NaN,
        "Reconciled Cost Of Revenue": NaN,
        "EBITDA": NaN,
        "EBIT": NaN,
        "Net Interest Income": NaN,
        "Interest Expense": NaN,
        "Interest Income": NaN,
        "Normalized Income": NaN,
        "Net Income From Continuing And Discontinued Operation": NaN,
        "Total Expenses": NaN,
        "Total Operating Income As Reported": NaN,
        "Diluted Average Shares": NaN,
        "Basic Average Shares": NaN,
        "Diluted EPS": NaN,
        "Basic EPS": NaN,
        "Diluted NI Availto Com Stockholders": NaN,
        "Net Income Common Stockholders": NaN,
        "Net Income": NaN,
        "Net Income Including Noncontrolling Interests": NaN,
        "Net Income Continuous Operations": NaN,
        "Tax Provision": NaN,
        "Pretax Income": NaN,
        "Other Income Expense": -618000.0,
        "Other Non Operating Income Expenses": -618000.0,
        "Net Non Operating Interest Income Expense": NaN,
        "Interest Expense Non Operating": NaN,
        "Interest Income Non Operating": NaN,
        "Operating Income": NaN,
        "Operating Expense": NaN,
        "Other Operating Expenses": NaN,
        "Depreciation Amortization Depletion Income Statement": NaN,
        "Depreciation And Amortization In Income Statement": NaN,
        "Selling General And Administration": NaN,
        "Selling And Marketing Expense": NaN,
        "General And Administrative Expense": NaN,
        "Other Gand A": NaN,
        "Salaries And Wages": 30112000.0,
        "Gross Profit": NaN,
        "Cost Of Revenue": NaN,
        "Total Revenue": NaN,
        "Operating Revenue": NaN
    },
    "2022-12-31": {
        "Tax Effect Of Unusual Items": NaN,
        "Tax Rate For Calcs": NaN,
        "Normalized EBITDA": NaN,
        "Net Income From Continuing Operation Net Minority Interest": NaN,
        "Reconciled Depreciation": NaN,
        "Reconciled Cost Of Revenue": NaN,
        "EBITDA": NaN,
        "EBIT": NaN,
        "Net Interest Income": NaN,
        "Interest Expense": NaN,
        "Interest Income": NaN,
        "Normalized Income": NaN,
        "Net Income From Continuing And Discontinued Operation": NaN,
        "Total Expenses": NaN,
        "Total Operating Income As Reported": NaN,
        "Diluted Average Shares": NaN,
        "Basic Average Shares": NaN,
        "Diluted EPS": NaN,
        "Basic EPS": NaN,
        "Diluted NI Availto Com Stockholders": NaN,
        "Net Income Common Stockholders": NaN,
        "Net Income": NaN,
        "Net Income Including Noncontrolling Interests": NaN,
        "Net Income Continuous Operations": NaN,
        "Tax Provision": NaN,
        "Pretax Income": NaN,
        "Other Income Expense": NaN,
        "Other Non Operating Income Expenses": NaN,
        "Net Non Operating Interest Income Expense": NaN,
        "Interest Expense Non Operating": NaN,
        "Interest Income Non Operating": NaN,
        "Operating Income": NaN,
        "Operating Expense": NaN,
        "Other Operating Expenses": NaN,
        "Depreciation Amortization Depletion Income Statement": NaN,
        "Depreciation And Amortization In Income Statement": NaN,
        "Selling General And Administration": NaN,
        "Selling And Marketing Expense": NaN,
        "General And Administrative Expense": NaN,
        "Other Gand A": NaN,
        "Salaries And Wages": 31685000.0,
        "Gross Profit": NaN,
        "Cost Of Revenue": NaN,
        "Total Revenue": NaN,
        "Operating Revenue": NaN
    },
    "2022-09-30": {
        "Tax Effect Of Unusual Items": NaN,
        "Tax Rate For Calcs": NaN,
        "Normalized EBITDA": NaN,
        "Net Income From Continuing Operation Net Minority Interest": NaN,
        "Reconciled Depreciation": NaN,
        "Reconciled Cost Of Revenue": NaN,
        "EBITDA": NaN,
        "EBIT": NaN,
        "Net Interest Income": NaN,
        "Interest Expense": NaN,
        "Interest Income": NaN,
        "Normalized Income": NaN,
        "Net Income From Continuing And Discontinued Operation": NaN,
        "Total Expenses": NaN,
        "Total Operating Income As Reported": NaN,
        "Diluted Average Shares": NaN,
        "Basic Average Shares": NaN,
        "Diluted EPS": NaN,
        "Basic EPS": NaN,
        "Diluted NI Availto Com Stockholders": NaN,
        "Net Income Common Stockholders": NaN,
        "Net Income": NaN,
        "Net Income Including Noncontrolling Interests": NaN,
        "Net Income Continuous Operations": NaN,
        "Tax Provision": NaN,
        "Pretax Income": NaN,
        "Other Income Expense": 926000.0,
        "Other Non Operating Income Expenses": 926000.0,
        "Net Non Operating Interest Income Expense": NaN,
        "Total Other Finance Cost": 372000.0,
        "Interest Expense Non Operating": NaN,
        "Interest Income Non Operating": NaN,
        "Operating Income": NaN,
        "Operating Expense": NaN,
        "Other Operating Expenses": NaN,
        "Depreciation Amortization Depletion Income Statement": NaN,
        "Depreciation And Amortization In Income Statement": NaN,
        "Selling General And Administration": NaN,
        "Selling And Marketing Expense": NaN,
        "General And Administrative Expense": NaN,
        "Other Gand A": NaN,
        "Salaries And Wages": NaN,
        "Gross Profit": NaN,
        "Cost Of Revenue": NaN,
        "Total Revenue": NaN,
        "Operating Revenue": NaN
    },
    "2022-06-30": {
        "Tax Effect Of Unusual Items": 0.0,
        "Tax Rate For Calcs": 0.4,
        "Normalized EBITDA": 3620000.0,
        "Net Income From Continuing Operation Net Minority Interest": 1648000.0,
        "Reconciled Depreciation": 2360000.0,
        "Reconciled Cost Of Revenue": 80042000.0,
        "EBITDA": 3620000.0,
        "EBIT": 1260000.0,
        "Net Interest Income": -296000.0,
        "Interest Expense": 296000.0,
        "Interest Income": 0.0,
        "Normalized Income": 1648000.0,
        "Net Income From Continuing And Discontinued Operation": 1648000.0,
        "Total Expenses": 173576000.0,
        "Total Operating Income As Reported": 1261000.0,
        "Diluted Average Shares": 86300000.0,
        "Basic Average Shares": 86300000.0,
        "Diluted EPS": 0.02,
        "Basic EPS": 0.02,
        "Diluted NI Availto Com Stockholders": 1648000.0,
        "Net Income Common Stockholders": 1648000.0,
        "Net Income": 1648000.0,
        "Net Income Including Noncontrolling Interests": 1648000.0,
        "Net Income Continuous Operations": 1648000.0,
        "Tax Provision": -683000.0,
        "Pretax Income": 965000.0,
        "Other Income Expense": -4105000.0,
        "Other Non Operating Income Expenses": NaN,
        "Net Non Operating Interest Income Expense": -296000.0,
        "Total Other Finance Cost": 296000.0,
        "Interest Expense Non Operating": 296000.0,
        "Interest Income Non Operating": 0.0,
        "Operating Income": 1260000.0,
        "Operating Expense": 93534000.0,
        "Other Operating Expenses": 721000.0,
        "Depreciation Amortization Depletion Income Statement": 2360000.0,
        "Depreciation And Amortization In Income Statement": 2360000.0,
        "Selling General And Administration": 90453000.0,
        "Selling And Marketing Expense": 26558000.0,
        "General And Administrative Expense": 63895000.0,
        "Other Gand A": 63895000.0,
        "Salaries And Wages": 28881000.0,
        "Gross Profit": 94794000.0,
        "Cost Of Revenue": 80042000.0,
        "Total Revenue": 174836000.0,
        "Operating Revenue": 174836000.0
    },
    "2022-03-31": {
        "Diluted EPS": -0.06,
        "Total Revenue": 190,
        "Gross Profit": 93,
        "Operating Income": -2,
        "EBIT": 0,
        "Net Income": -5
    },
    "2021-12-31": {
        "Diluted EPS": 0.02,
        "Total Revenue": 215,
        "Gross Profit": 115,
        "Operating Income": 11,
        "EBIT": 13,
        "Net Income": 2
    },
    "2021-09-30": {
        "Diluted EPS": -0.11,
        "Total Revenue": 186,
        "Gross Profit": 91,
        "Operating Income": -4,
        "EBIT": -2,
        "Net Income": -9
    },
    "2021-06-30": {
        "Diluted EPS": -0.21,
        "Total Revenue": 195,
        "Gross Profit": 93,
        "Operating Income": -7,
        "EBIT": -4,
        "Net Income": -9
    },
    "2021-03-31": {
        "Diluted EPS": -0.72,
        "Total Revenue": 199,
        "Gross Profit": 87,
        "Operating Income": -61,
        "EBIT": -59,
        "Net Income": -60
    },
    "2020-12-31": {
        "Diluted EPS": 0.26,
        "Total Revenue": 189,
        "Gross Profit": 94,
        "Operating Income": 20,
        "EBIT": 22,
        "Net Income": 19
    },
    "2020-09-30": {
        "Diluted EPS": 0.16,
        "Total Revenue": 148,
        "Gross Profit": 69,
        "Operating Income": 10,
        "EBIT": 12,
        "Net Income": 11
    },
    "2020-06-30": {
        "Diluted EPS": 0.0,
        "Total Revenue": NaN,
        "Gross Profit": NaN,
        "Operating Income": NaN,
        "EBIT": NaN,
        "Net Income": NaN
    },
    "2023-06-30": {
        "Tax Effect Of Unusual Items": 0.0,
        "Tax Rate For Calcs": 0.258,
        "Normalized EBITDA": 902000.0,
        "Net Income From Continuing Operation Net Minority Interest": -5718000.0,
        "Reconciled Depreciation": 3173000.0,
        "Reconciled Cost Of Revenue": 103870000.0,
        "EBITDA": 902000.0,
        "EBIT": -2271000.0,
        "Net Interest Income": -959000.0,
        "Interest Expense": 972000.0,
        "Interest Income": 13000.0,
        "Normalized Income": -5718000.0,
        "Net Income From Continuing And Discontinued Operation": -5718000.0,
        "Total Expenses": 200400000.0,
        "Total Operating Income As Reported": -2284000.0,
        "Diluted Average Shares": 86600000.0,
        "Basic Average Shares": 86600000.0,
        "Diluted EPS": -0.07,
        "Basic EPS": -0.07,
        "Diluted NI Availto Com Stockholders": -5718000.0,
        "Net Income Common Stockholders": -5718000.0,
        "Net Income": -5718000.0,
        "Net Income Including Noncontrolling Interests": -5718000.0,
        "Net Income Continuous Operations": -5718000.0,
        "Tax Provision": 2475000.0,
        "Pretax Income": -3243000.0,
        "Other Income Expense": NaN,
        "Other Non Operating Income Expenses": NaN,
        "Net Non Operating Interest Income Expense": -959000.0,
        "Interest Expense Non Operating": 972000.0,
        "Interest Income Non Operating": 13000.0,
        "Operating Income": 3356000.0,
        "Operating Expense": 96530000.0,
        "Other Operating Expenses": 115727000.0,
        "Depreciation Amortization Depletion Income Statement": 3173000.0,
        "Depreciation And Amortization In Income Statement": 3173000.0,
        "Selling General And Administration": -22370000.0,
        "Selling And Marketing Expense": 32116000.0,
        "General And Administrative Expense": -54486000.0,
        "Other Gand A": -87719000.0,
        "Salaries And Wages": 27483000.0,
        "Gross Profit": 99886000.0,
        "Cost Of Revenue": 103870000.0,
        "Total Revenue": 203755000.0,
        "Operating Revenue": 203755000.0
    },
    "2023-09-30": {
        "Tax Effect Of Unusual Items": 0.0,
        "Tax Rate For Calcs": 0.163,
        "Normalized EBITDA": -9764000.0,
        "Net Income From Continuing Operation Net Minority Interest": -11862000.0,
        "Reconciled Depreciation": 3396000.0,
        "Reconciled Cost Of Revenue": 107978000.0,
        "EBITDA": -9764000.0,
        "EBIT": -13160000.0,
        "Net Interest Income": -1008000.0,
        "Interest Expense": 1009000.0,
        "Interest Income": 1000.0,
        "Normalized Income": -11862000.0,
        "Net Income From Continuing And Discontinued Operation": -11862000.0,
        "Total Expenses": 200939000.0,
        "Total Operating Income As Reported": -13161000.0,
        "Diluted Average Shares": 86800000.0,
        "Basic Average Shares": 86800000.0,
        "Diluted EPS": -0.14,
        "Basic EPS": -0.14,
        "Diluted NI Availto Com Stockholders": -11862000.0,
        "Net Income Common Stockholders": -11862000.0,
        "Net Income": -11862000.0,
        "Net Income Including Noncontrolling Interests": -11862000.0,
        "Net Income Continuous Operations": -11862000.0,
        "Tax Provision": -2307000.0,
        "Pretax Income": -14169000.0,
        "Other Income Expense": NaN,
        "Other Non Operating Income Expenses": NaN,
        "Net Non Operating Interest Income Expense": -1008000.0,
        "Interest Expense Non Operating": 1009000.0,
        "Interest Income Non Operating": 1000.0,
        "Operating Income": -13161000.0,
        "Operating Expense": 92961000.0,
        "Other Operating Expenses": 27438000.0,
        "Depreciation Amortization Depletion Income Statement": 3396000.0,
        "Depreciation And Amortization In Income Statement": 3396000.0,
        "Selling General And Administration": 62127000.0,
        "Selling And Marketing Expense": 23699000.0,
        "General And Administrative Expense": 38428000.0,
        "Other Gand A": 7362000.0,
        "Salaries And Wages": 31066000.0,
        "Gross Profit": 79800000.0,
        "Cost Of Revenue": 107978000.0,
        "Total Revenue": 187779000.0,
        "Operating Revenue": 187779000.0
    },
    "2023-12-31": {
        "Tax Effect Of Unusual Items": 0.0,
        "Tax Rate For Calcs": 0.029,
        "Normalized EBITDA": -535000.0,
        "Net Income From Continuing Operation Net Minority Interest": -5414000.0,
        "Reconciled Depreciation": 3842000.0,
        "Reconciled Cost Of Revenue": 98695000.0,
        "EBITDA": -535000.0,
        "EBIT": -4377000.0,
        "Net Interest Income": -1198000.0,
        "Interest Expense": 1198000.0,
        "Interest Income": 0.0,
        "Normalized Income": -5414000.0,
        "Net Income From Continuing And Discontinued Operation": -5414000.0,
        "Total Expenses": 201407000.0,
        "Total Operating Income As Reported": -4378000.0,
        "Diluted Average Shares": 86800000.0,
        "Basic Average Shares": 86800000.0,
        "Diluted EPS": -0.06,
        "Basic EPS": -0.06,
        "Diluted NI Availto Com Stockholders": -5414000.0,
        "Net Income Common Stockholders": -5414000.0,
        "Net Income": -5414000.0,
        "Net Income Including Noncontrolling Interests": -5414000.0,
        "Net Income Continuous Operations": -5414000.0,
        "Tax Provision": -161000.0,
        "Pretax Income": -5575000.0,
        "Other Income Expense": NaN,
        "Other Non Operating Income Expenses": NaN,
        "Net Non Operating Interest Income Expense": -1198000.0,
        "Interest Expense Non Operating": 1198000.0,
        "Interest Income Non Operating": 0.0,
        "Operating Income": -4378000.0,
        "Operating Expense": 102712000.0,
        "Other Operating Expenses": 33400000.0,
        "Depreciation Amortization Depletion Income Statement": 3842000.0,
        "Depreciation And Amortization In Income Statement": 3842000.0,
        "Selling General And Administration": 65470000.0,
        "Selling And Marketing Expense": 23458000.0,
        "General And Administrative Expense": 42012000.0,
        "Other Gand A": 42012000.0,
        "Salaries And Wages": NaN,
        "Gross Profit": 98334000.0,
        "Cost Of Revenue": 98695000.0,
        "Total Revenue": 197029000.0,
        "Operating Revenue": 197029000.0
    },
    "2024-03-31": {
        "Tax Effect Of Unusual Items": 0.0,
        "Tax Rate For Calcs": 0.022542,
        "Normalized EBITDA": 2110000.0,
        "Net Income From Continuing Operation Net Minority Interest": -2992000.0,
        "Reconciled Depreciation": 3886000.0,
        "Reconciled Cost Of Revenue": 132289000.0,
        "EBITDA": 2110000.0,
        "EBIT": -1776000.0,
        "Net Interest Income": -1283000.0,
        "Interest Expense": 1285000.0,
        "Interest Income": 2000.0,
        "Normalized Income": -2992000.0,
        "Net Income From Continuing And Discontinued Operation": -2992000.0,
        "Total Expenses": 235685000.0,
        "Total Operating Income As Reported": -1778000.0,
        "Diluted Average Shares": 86800000.0,
        "Basic Average Shares": 86800000.0,
        "Diluted EPS": -0.03,
        "Basic EPS": -0.03,
        "Diluted NI Availto Com Stockholders": -2992000.0,
        "Net Income Common Stockholders": -2992000.0,
        "Net Income": -2992000.0,
        "Net Income Including Noncontrolling Interests": -2992000.0,
        "Net Income Continuous Operations": -2992000.0,
        "Tax Provision": -69000.0,
        "Pretax Income": -3061000.0,
        "Other Income Expense": 12000.0,
        "Other Non Operating Income Expenses": 12000.0,
        "Net Non Operating Interest Income Expense": -1283000.0,
        "Interest Expense Non Operating": 1285000.0,
        "Interest Income Non Operating": 2000.0,
        "Operating Income": -1790000.0,
        "Operating Expense": 103395000.0,
        "Other Operating Expenses": 39296000.0,
        "Depreciation Amortization Depletion Income Statement": 3885000.0,
        "Depreciation And Amortization In Income Statement": 3885000.0,
        "Selling General And Administration": 60214000.0,
        "Selling And Marketing Expense": 23090000.0,
        "General And Administrative Expense": 37124000.0,
        "Other Gand A": 7373000.0,
        "Salaries And Wages": 29751000.0,
        "Gross Profit": 101605000.0,
        "Cost Of Revenue": 132290000.0,
        "Total Revenue": 233896000.0,
        "Operating Revenue": 233896000.0
    },
    "2024-06-30": {
        "Tax Effect Of Unusual Items": 0.0,
        "Tax Rate For Calcs": 0.258,
        "Normalized EBITDA": 1447000.0,
        "Net Income From Continuing Operation Net Minority Interest": -4643000.0,
        "Reconciled Depreciation": 4081000.0,
        "Reconciled Cost Of Revenue": 117356000.0,
        "EBITDA": 1447000.0,
        "EBIT": -2634000.0,
        "Net Interest Income": -1284000.0,
        "Interest Expense": 1286000.0,
        "Interest Income": 2000.0,
        "Normalized Income": -4643000.0,
        "Net Income From Continuing And Discontinued Operation": -4643000.0,
        "Total Expenses": 225240000.0,
        "Total Operating Income As Reported": -2636000.0,
        "Diluted Average Shares": 86800000.0,
        "Basic Average Shares": 86800000.0,
        "Diluted EPS": -0.04,
        "Basic EPS": -0.04,
        "Diluted NI Availto Com Stockholders": -4643000.0,
        "Net Income Common Stockholders": -4643000.0,
        "Net Income": -4643000.0,
        "Net Income Including Noncontrolling Interests": -4643000.0,
        "Net Income Continuous Operations": -4643000.0,
        "Tax Provision": 723000.0,
        "Pretax Income": -3920000.0,
        "Other Income Expense": 455000.0,
        "Other Non Operating Income Expenses": 1472000.0,
        "Net Non Operating Interest Income Expense": -1284000.0,
        "Interest Expense Non Operating": 1286000.0,
        "Interest Income Non Operating": 2000.0,
        "Operating Income": -3091000.0,
        "Operating Expense": 107884000.0,
        "Other Operating Expenses": 37979000.0,
        "Depreciation Amortization Depletion Income Statement": 4081000.0,
        "Depreciation And Amortization In Income Statement": 4081000.0,
        "Selling General And Administration": 65824000.0,
        "Selling And Marketing Expense": 26461000.0,
        "General And Administrative Expense": 39363000.0,
        "Other Gand A": -120000.0,
        "Salaries And Wages": 32680000.0,
        "Gross Profit": 104793000.0,
        "Cost Of Revenue": 117356000.0,
        "Total Revenue": 222149000.0,
        "Operating Revenue": 222149000.0
    }
}