{
    "2023-03-31": {
        "Tax Effect Of Unusual Items": NaN,
        "Tax Rate For Calcs": NaN,
        "Normalized EBITDA": NaN,
        "Total Unusual Items": NaN,
        "Total Unusual Items Excluding Goodwill": NaN,
        "Net Income From Continuing Operation Net Minority Interest": NaN,
        "Reconciled Cost Of Revenue": NaN,
        "EBITDA": NaN,
        "EBIT": NaN,
        "Net Interest Income": NaN,
        "Interest Expense": NaN,
        "Normalized Income": NaN,
        "Net Income From Continuing And Discontinued Operation": NaN,
        "Total Expenses": NaN,
        "Total Operating Income As Reported": NaN,
        "Diluted Average Shares": NaN,
        "Basic Average Shares": NaN,
        "Diluted EPS": NaN,
        "Basic EPS": NaN,
        "Diluted NI Availto Com Stockholders": NaN,
        "Net Income Common Stockholders": NaN,
        "Otherunder Preferred Stock Dividend": -7369000.0,
        "Net Income": NaN,
        "Minority Interests": NaN,
        "Net Income Including Noncontrolling Interests": NaN,
        "Net Income Discontinuous Operations": NaN,
        "Net Income Continuous Operations": NaN,
        "Tax Provision": NaN,
        "Pretax Income": NaN,
        "Other Income Expense": NaN,
        "Other Non Operating Income Expenses": NaN,
        "Gain On Sale Of Security": NaN,
        "Net Non Operating Interest Income Expense": NaN,
        "Interest Expense Non Operating": NaN,
        "Operating Income": NaN,
        "Operating Expense": NaN,
        "Research And Development": NaN,
        "Selling General And Administration": NaN,
        "Selling And Marketing Expense": NaN,
        "General And Administrative Expense": NaN,
        "Other Gand A": NaN,
        "Gross Profit": NaN,
        "Cost Of Revenue": NaN,
        "Total Revenue": NaN,
        "Operating Revenue": NaN
    },
    "2022-12-31": {
        "Tax Effect Of Unusual Items": NaN,
        "Tax Rate For Calcs": NaN,
        "Normalized EBITDA": NaN,
        "Total Unusual Items": NaN,
        "Total Unusual Items Excluding Goodwill": NaN,
        "Net Income From Continuing Operation Net Minority Interest": NaN,
        "Reconciled Cost Of Revenue": NaN,
        "EBITDA": NaN,
        "EBIT": NaN,
        "Net Interest Income": NaN,
        "Interest Expense": NaN,
        "Normalized Income": NaN,
        "Net Income From Continuing And Discontinued Operation": NaN,
        "Total Expenses": NaN,
        "Total Operating Income As Reported": NaN,
        "Diluted Average Shares": 11274428.0,
        "Basic Average Shares": 11274428.0,
        "Diluted EPS": -12.0,
        "Basic EPS": -12.0,
        "Diluted NI Availto Com Stockholders": NaN,
        "Net Income Common Stockholders": NaN,
        "Otherunder Preferred Stock Dividend": NaN,
        "Net Income": NaN,
        "Minority Interests": NaN,
        "Net Income Including Noncontrolling Interests": NaN,
        "Net Income Continuous Operations": NaN,
        "Tax Provision": NaN,
        "Pretax Income": NaN,
        "Other Income Expense": NaN,
        "Other Non Operating Income Expenses": NaN,
        "Gain On Sale Of Security": NaN,
        "Net Non Operating Interest Income Expense": NaN,
        "Interest Expense Non Operating": NaN,
        "Operating Income": NaN,
        "Operating Expense": NaN,
        "Research And Development": NaN,
        "Selling General And Administration": NaN,
        "Selling And Marketing Expense": NaN,
        "General And Administrative Expense": NaN,
        "Other Gand A": NaN,
        "Gross Profit": NaN,
        "Cost Of Revenue": NaN,
        "Total Revenue": NaN,
        "Operating Revenue": NaN
    },
    "2022-06-30": {
        "Tax Effect Of Unusual Items": -25108800.0,
        "Tax Rate For Calcs": 0.4,
        "Normalized EBITDA": -510024000.0,
        "Total Unusual Items": -62772000.0,
        "Total Unusual Items Excluding Goodwill": -62772000.0,
        "Net Income From Continuing Operation Net Minority Interest": -575381000.0,
        "Reconciled Cost Of Revenue": 24960000.0,
        "EBITDA": -572796000.0,
        "EBIT": -572796000.0,
        "Net Interest Income": -420000.0,
        "Interest Expense": 420000.0,
        "Normalized Income": -537717800.0,
        "Net Income From Continuing And Discontinued Operation": -575381000.0,
        "Total Expenses": 531830000.0,
        "Total Operating Income As Reported": -510024000.0,
        "Diluted Average Shares": 181992763.0,
        "Basic Average Shares": 181992763.0,
        "Diluted EPS": -29.1,
        "Basic EPS": -29.1,
        "Diluted NI Availto Com Stockholders": -575381000.0,
        "Net Income Common Stockholders": -575381000.0,
        "Net Income": -575381000.0,
        "Minority Interests": NaN,
        "Net Income Including Noncontrolling Interests": -575381000.0,
        "Net Income Continuous Operations": -575381000.0,
        "Tax Provision": 2165000.0,
        "Pretax Income": -573216000.0,
        "Other Income Expense": -62772000.0,
        "Other Non Operating Income Expenses": 1927000.0,
        "Gain On Sale Of Security": -62772000.0,
        "Net Non Operating Interest Income Expense": -420000.0,
        "Total Other Finance Cost": -1676000.0,
        "Interest Expense Non Operating": 420000.0,
        "Operating Income": -510024000.0,
        "Operating Expense": 506870000.0,
        "Other Operating Expenses": -1927000.0,
        "Research And Development": 6547000.0,
        "Selling General And Administration": 502250000.0,
        "Selling And Marketing Expense": 52562000.0,
        "General And Administrative Expense": 449688000.0,
        "Other Gand A": 449688000.0,
        "Gross Profit": -3154000.0,
        "Cost Of Revenue": 24960000.0,
        "Total Revenue": 21806000.0,
        "Operating Revenue": 21806000.0
    },
    "2021-06-30": {
        "Diluted EPS": -0.7,
        "Total Revenue": 40,
        "Gross Profit": 14,
        "Operating Income": -8,
        "EBIT": -8,
        "Net Income": -8
    },
    "2021-03-31": {
        "Diluted EPS": -0.35,
        "Total Revenue": 40,
        "Gross Profit": 15,
        "Operating Income": -5,
        "EBIT": -5,
        "Net Income": -4
    },
    "2020-12-31": {
        "Diluted EPS": -0.1,
        "Total Revenue": 61,
        "Gross Profit": 33,
        "Operating Income": 5,
        "EBIT": 5,
        "Net Income": -2
    },
    "2020-09-30": {
        "Diluted EPS": 0.35,
        "Total Revenue": 47,
        "Gross Profit": 23,
        "Operating Income": 3,
        "EBIT": 3,
        "Net Income": 4
    },
    "2020-06-30": {
        "Diluted EPS": -0.75,
        "Total Revenue": 23,
        "Gross Profit": 3,
        "Operating Income": -10,
        "EBIT": -10,
        "Net Income": -8
    },
    "2020-03-31": {
        "Diluted EPS": -1.3,
        "Total Revenue": 15,
        "Gross Profit": -5,
        "Operating Income": -19,
        "EBIT": -19,
        "Net Income": -15
    },
    "2019-12-31": {
        "Diluted EPS": 0.65,
        "Total Revenue": 59,
        "Gross Profit": 33,
        "Operating Income": 9,
        "EBIT": 9,
        "Net Income": 7
    },
    "2019-09-30": {
        "Diluted EPS": 0.5,
        "Total Revenue": 58,
        "Gross Profit": 30,
        "Operating Income": 9,
        "EBIT": 9,
        "Net Income": 6
    },
    "2019-06-30": {
        "Diluted EPS": 0.25,
        "Total Revenue": 53,
        "Gross Profit": 30,
        "Operating Income": 6,
        "EBIT": 6,
        "Net Income": 3
    },
    "2019-03-31": {
        "Diluted EPS": 0.45,
        "Total Revenue": 50,
        "Gross Profit": 27,
        "Operating Income": 8,
        "EBIT": 8,
        "Net Income": 5
    },
    "2018-12-31": {
        "Diluted EPS": 0.35,
        "Total Revenue": 46,
        "Gross Profit": 27,
        "Operating Income": 8,
        "EBIT": 8,
        "Net Income": 4
    },
    "2018-09-30": {
        "Diluted EPS": 0.4,
        "Total Revenue": 51,
        "Gross Profit": 27,
        "Operating Income": 7,
        "EBIT": 7,
        "Net Income": 5
    },
    "2018-06-30": {
        "Diluted EPS": 0.55,
        "Total Revenue": 45,
        "Gross Profit": 25,
        "Operating Income": 9,
        "EBIT": 9,
        "Net Income": 6
    },
    "2018-03-31": {
        "Diluted EPS": 0.5,
        "Total Revenue": 43,
        "Gross Profit": 23,
        "Operating Income": 7,
        "EBIT": 7,
        "Net Income": 6
    },
    "2017-09-30": {
        "Diluted EPS": 0.5,
        "Total Revenue": 39,
        "Gross Profit": 20,
        "Operating Income": 7,
        "EBIT": 7,
        "Net Income": 4
    },
    "2017-06-30": {
        "Diluted EPS": 0.0,
        "Total Revenue": NaN,
        "Gross Profit": NaN,
        "Operating Income": NaN,
        "Net Income": NaN
    },
    "2016-12-31": {
        "Diluted EPS": 0.0,
        "Total Revenue": NaN,
        "Gross Profit": NaN,
        "Operating Income": NaN,
        "EBIT": NaN,
        "Net Income": NaN
    },
    "2023-06-30": {
        "Tax Effect Of Unusual Items": 22154.243479,
        "Tax Rate For Calcs": 0.014201,
        "Normalized EBITDA": -333508000.0,
        "Total Unusual Items": 1560000.0,
        "Total Unusual Items Excluding Goodwill": 1560000.0,
        "Net Income From Continuing Operation Net Minority Interest": -334665000.0,
        "Reconciled Cost Of Revenue": 29505000.0,
        "EBITDA": -331948000.0,
        "EBIT": -331948000.0,
        "Net Interest Income": -7243000.0,
        "Interest Expense": 7243000.0,
        "Normalized Income": -336202845.756521,
        "Net Income From Continuing And Discontinued Operation": -334665000.0,
        "Total Expenses": 388590000.0,
        "Total Operating Income As Reported": -333508000.0,
        "Diluted Average Shares": 11046525.0,
        "Basic Average Shares": 11046525.0,
        "Diluted EPS": -30.0,
        "Basic EPS": -30.0,
        "Diluted NI Availto Com Stockholders": -334665000.0,
        "Net Income Common Stockholders": -334665000.0,
        "Otherunder Preferred Stock Dividend": NaN,
        "Net Income": -334665000.0,
        "Minority Interests": -291000.0,
        "Net Income Including Noncontrolling Interests": -334374000.0,
        "Net Income Continuous Operations": -334374000.0,
        "Tax Provision": -4817000.0,
        "Pretax Income": -339191000.0,
        "Other Income Expense": 8027000.0,
        "Other Non Operating Income Expenses": 6467000.0,
        "Gain On Sale Of Security": 1560000.0,
        "Net Non Operating Interest Income Expense": -7243000.0,
        "Interest Expense Non Operating": 7243000.0,
        "Operating Income": -339975000.0,
        "Operating Expense": 359085000.0,
        "Research And Development": 11181000.0,
        "Selling General And Administration": 347904000.0,
        "Selling And Marketing Expense": 86096000.0,
        "General And Administrative Expense": 261808000.0,
        "Other Gand A": 261808000.0,
        "Gross Profit": 19110000.0,
        "Cost Of Revenue": 29505000.0,
        "Total Revenue": 48615000.0,
        "Operating Revenue": 48615000.0
    },
    "2023-09-30": {
        "Tax Effect Of Unusual Items": -146250.0,
        "Tax Rate For Calcs": 0.25,
        "Normalized EBITDA": -363387000.0,
        "Total Unusual Items": -585000.0,
        "Total Unusual Items Excluding Goodwill": -585000.0,
        "Net Income From Continuing Operation Net Minority Interest": -376171000.0,
        "Reconciled Cost Of Revenue": 70383000.0,
        "EBITDA": -363972000.0,
        "EBIT": -363972000.0,
        "Net Interest Income": -8262000.0,
        "Interest Expense": 8262000.0,
        "Normalized Income": -375732250.0,
        "Net Income From Continuing And Discontinued Operation": -366863000.0,
        "Total Expenses": 346406000.0,
        "Total Operating Income As Reported": -242987000.0,
        "Diluted Average Shares": 11247930.0,
        "Basic Average Shares": 11247930.0,
        "Diluted EPS": -32.6,
        "Basic EPS": -32.6,
        "Diluted NI Availto Com Stockholders": -366863000.0,
        "Net Income Common Stockholders": -366863000.0,
        "Otherunder Preferred Stock Dividend": NaN,
        "Net Income": -366863000.0,
        "Minority Interests": -1670000.0,
        "Net Income Including Noncontrolling Interests": -365193000.0,
        "Net Income Discontinuous Operations": 9308000.0,
        "Net Income Continuous Operations": -374501000.0,
        "Tax Provision": 2267000.0,
        "Pretax Income": -372234000.0,
        "Other Income Expense": -116501000.0,
        "Other Non Operating Income Expenses": -115916000.0,
        "Gain On Sale Of Security": -585000.0,
        "Net Non Operating Interest Income Expense": -8262000.0,
        "Interest Expense Non Operating": 8262000.0,
        "Operating Income": -247471000.0,
        "Operating Expense": 276023000.0,
        "Research And Development": 17314000.0,
        "Selling General And Administration": 258709000.0,
        "Selling And Marketing Expense": 157909000.0,
        "General And Administrative Expense": 100800000.0,
        "Other Gand A": 100800000.0,
        "Gross Profit": 28552000.0,
        "Cost Of Revenue": 70383000.0,
        "Total Revenue": 98935000.0,
        "Operating Revenue": 98935000.0
    },
    "2022-09-30": {
        "Tax Effect Of Unusual Items": NaN,
        "Tax Rate For Calcs": NaN,
        "Normalized EBITDA": NaN,
        "Total Unusual Items": NaN,
        "Total Unusual Items Excluding Goodwill": NaN,
        "Net Income From Continuing Operation Net Minority Interest": NaN,
        "Reconciled Cost Of Revenue": NaN,
        "EBITDA": NaN,
        "EBIT": NaN,
        "Net Interest Income": NaN,
        "Interest Expense": NaN,
        "Normalized Income": NaN,
        "Net Income From Continuing And Discontinued Operation": NaN,
        "Total Expenses": NaN,
        "Total Operating Income As Reported": NaN,
        "Diluted Average Shares": 213760822.0,
        "Basic Average Shares": 213760822.0,
        "Diluted EPS": -0.5,
        "Basic EPS": -0.5,
        "Diluted NI Availto Com Stockholders": NaN,
        "Net Income Common Stockholders": NaN,
        "Otherunder Preferred Stock Dividend": NaN,
        "Net Income": NaN,
        "Minority Interests": NaN,
        "Net Income Including Noncontrolling Interests": NaN,
        "Net Income Continuous Operations": NaN,
        "Tax Provision": NaN,
        "Pretax Income": NaN,
        "Other Income Expense": NaN,
        "Other Non Operating Income Expenses": NaN,
        "Gain On Sale Of Security": NaN,
        "Net Non Operating Interest Income Expense": NaN,
        "Interest Expense Non Operating": NaN,
        "Operating Income": NaN,
        "Operating Expense": NaN,
        "Research And Development": NaN,
        "Selling General And Administration": NaN,
        "Selling And Marketing Expense": NaN,
        "General And Administrative Expense": NaN,
        "Other Gand A": NaN,
        "Gross Profit": NaN,
        "Cost Of Revenue": NaN,
        "Total Revenue": NaN,
        "Operating Revenue": NaN
    },
    "2023-12-31": {
        "Tax Effect Of Unusual Items": -24546250.0,
        "Tax Rate For Calcs": 0.25,
        "Normalized EBITDA": -386951000.0,
        "Total Unusual Items": -98185000.0,
        "Total Unusual Items Excluding Goodwill": -98185000.0,
        "Net Income From Continuing Operation Net Minority Interest": -495730000.0,
        "Reconciled Cost Of Revenue": 47652000.0,
        "EBITDA": -485136000.0,
        "EBIT": -485136000.0,
        "Net Interest Income": -10118000.0,
        "Interest Expense": 9421000.0,
        "Normalized Income": -422091250.0,
        "Net Income From Continuing And Discontinued Operation": -495730000.0,
        "Total Expenses": 463158000.0,
        "Total Operating Income As Reported": -386254000.0,
        "Diluted Average Shares": 11906296.0,
        "Basic Average Shares": 11906296.0,
        "Diluted EPS": -42.0,
        "Basic EPS": -42.0,
        "Diluted NI Availto Com Stockholders": -495730000.0,
        "Net Income Common Stockholders": -495730000.0,
        "Otherunder Preferred Stock Dividend": NaN,
        "Net Income": -495730000.0,
        "Minority Interests": 2198000.0,
        "Net Income Including Noncontrolling Interests": -497928000.0,
        "Net Income Discontinuous Operations": NaN,
        "Net Income Continuous Operations": -497928000.0,
        "Tax Provision": 3371000.0,
        "Pretax Income": -494557000.0,
        "Other Income Expense": -85640000.0,
        "Other Non Operating Income Expenses": 12545000.0,
        "Gain On Sale Of Security": -98185000.0,
        "Net Non Operating Interest Income Expense": -10118000.0,
        "Interest Expense Non Operating": 9421000.0,
        "Operating Income": -398799000.0,
        "Operating Expense": 415506000.0,
        "Research And Development": 26619000.0,
        "Selling General And Administration": 388887000.0,
        "Selling And Marketing Expense": 134024000.0,
        "General And Administrative Expense": 254863000.0,
        "Other Gand A": 254863000.0,
        "Gross Profit": 16707000.0,
        "Cost Of Revenue": 47652000.0,
        "Total Revenue": 64359000.0,
        "Operating Revenue": 64359000.0
    },
    "2024-03-31": {
        "Tax Effect Of Unusual Items": -5179500.0,
        "Tax Rate For Calcs": 0.25,
        "Normalized EBITDA": -186595000.0,
        "Total Unusual Items": -20718000.0,
        "Total Unusual Items Excluding Goodwill": -20718000.0,
        "Net Income From Continuing Operation Net Minority Interest": -227399000.0,
        "Reconciled Cost Of Revenue": 71889000.0,
        "EBITDA": -207313000.0,
        "EBIT": -207313000.0,
        "Net Interest Income": -17732000.0,
        "Interest Expense": 17732000.0,
        "Normalized Income": -211860500.0,
        "Net Income From Continuing And Discontinued Operation": -227399000.0,
        "Total Expenses": 287618000.0,
        "Total Operating Income As Reported": -186595000.0,
        "Diluted Average Shares": 12543471.0,
        "Basic Average Shares": 12543471.0,
        "Diluted EPS": -10.0,
        "Basic EPS": -10.0,
        "Diluted NI Availto Com Stockholders": -126365000.0,
        "Net Income Common Stockholders": -126365000.0,
        "Otherunder Preferred Stock Dividend": -101034000.0,
        "Net Income": -227399000.0,
        "Minority Interests": 333000.0,
        "Net Income Including Noncontrolling Interests": -227732000.0,
        "Net Income Discontinuous Operations": NaN,
        "Net Income Continuous Operations": -227732000.0,
        "Tax Provision": 2687000.0,
        "Pretax Income": -225045000.0,
        "Other Income Expense": -15932000.0,
        "Other Non Operating Income Expenses": 4786000.0,
        "Gain On Sale Of Security": -20718000.0,
        "Net Non Operating Interest Income Expense": -17732000.0,
        "Interest Expense Non Operating": 17732000.0,
        "Operating Income": -191381000.0,
        "Operating Expense": 215729000.0,
        "Research And Development": 21523000.0,
        "Selling General And Administration": 194206000.0,
        "Selling And Marketing Expense": 71201000.0,
        "General And Administrative Expense": 123005000.0,
        "Other Gand A": 123005000.0,
        "Gross Profit": 24348000.0,
        "Cost Of Revenue": 71889000.0,
        "Total Revenue": 96237000.0,
        "Operating Revenue": 96237000.0
    },
    "2024-06-30": {
        "Tax Effect Of Unusual Items": -3299101.696206,
        "Tax Rate For Calcs": 0.062672,
        "Normalized EBITDA": -84408000.0,
        "Total Unusual Items": -52641000.0,
        "Total Unusual Items Excluding Goodwill": -52641000.0,
        "Net Income From Continuing Operation Net Minority Interest": -135471000.0,
        "Reconciled Cost Of Revenue": 61240000.0,
        "EBITDA": -137049000.0,
        "EBIT": -137049000.0,
        "Net Interest Income": -7450000.0,
        "Interest Expense": 7450000.0,
        "Normalized Income": -86129101.696206,
        "Net Income From Continuing And Discontinued Operation": -135471000.0,
        "Total Expenses": 185387000.0,
        "Total Operating Income As Reported": -84408000.0,
        "Diluted Average Shares": 13063188.0,
        "Basic Average Shares": 13063188.0,
        "Diluted EPS": -10.0,
        "Basic EPS": -10.0,
        "Diluted NI Availto Com Stockholders": -236505000.0,
        "Net Income Common Stockholders": -236505000.0,
        "Otherunder Preferred Stock Dividend": NaN,
        "Net Income": -135471000.0,
        "Minority Interests": -28000.0,
        "Net Income Including Noncontrolling Interests": -135443000.0,
        "Net Income Discontinuous Operations": NaN,
        "Net Income Continuous Operations": -135443000.0,
        "Tax Provision": -9056000.0,
        "Pretax Income": -144499000.0,
        "Other Income Expense": -43355000.0,
        "Other Non Operating Income Expenses": 9286000.0,
        "Gain On Sale Of Security": -52641000.0,
        "Net Non Operating Interest Income Expense": -7450000.0,
        "Interest Expense Non Operating": 7450000.0,
        "Operating Income": -93694000.0,
        "Operating Expense": 124147000.0,
        "Research And Development": 11274000.0,
        "Selling General And Administration": 112873000.0,
        "Selling And Marketing Expense": 51857000.0,
        "General And Administrative Expense": 61016000.0,
        "Other Gand A": 61016000.0,
        "Gross Profit": 30453000.0,
        "Cost Of Revenue": 61240000.0,
        "Total Revenue": 91693000.0,
        "Operating Revenue": 91693000.0
    },
    "2024-09-30": {
        "Tax Effect Of Unusual Items": 1616000.0,
        "Tax Rate For Calcs": 0.25,
        "Normalized EBITDA": -70028000.0,
        "Total Unusual Items": 6464000.0,
        "Total Unusual Items Excluding Goodwill": 6464000.0,
        "Net Income From Continuing Operation Net Minority Interest": -8889000.0,
        "Reconciled Cost Of Revenue": 19298000.0,
        "EBITDA": -63564000.0,
        "EBIT": -63564000.0,
        "Net Interest Income": -5466000.0,
        "Interest Expense": 5466000.0,
        "Normalized Income": -13737000.0,
        "Net Income From Continuing And Discontinued Operation": -7684000.0,
        "Total Expenses": 102589000.0,
        "Total Operating Income As Reported": -50177000.0,
        "Diluted Average Shares": 13468329.0,
        "Basic Average Shares": 13468329.0,
        "Diluted EPS": -0.6,
        "Basic EPS": -0.6,
        "Diluted NI Availto Com Stockholders": -7684000.0,
        "Net Income Common Stockholders": -7684000.0,
        "Otherunder Preferred Stock Dividend": NaN,
        "Net Income": -7684000.0,
        "Minority Interests": 628000.0,
        "Net Income Including Noncontrolling Interests": -8312000.0,
        "Net Income Discontinuous Operations": 1205000.0,
        "Net Income Continuous Operations": -9517000.0,
        "Tax Provision": -59513000.0,
        "Pretax Income": -69030000.0,
        "Other Income Expense": -5423000.0,
        "Other Non Operating Income Expenses": -11887000.0,
        "Gain On Sale Of Security": 6464000.0,
        "Net Non Operating Interest Income Expense": -5466000.0,
        "Interest Expense Non Operating": 5466000.0,
        "Operating Income": -58141000.0,
        "Operating Expense": 83291000.0,
        "Research And Development": 4920000.0,
        "Selling General And Administration": 78371000.0,
        "Selling And Marketing Expense": 29697000.0,
        "General And Administrative Expense": 48674000.0,
        "Other Gand A": 48674000.0,
        "Gross Profit": 25150000.0,
        "Cost Of Revenue": 19298000.0,
        "Total Revenue": 44448000.0,
        "Operating Revenue": 44448000.0
    }
}