{
    "2023-03-31": {
        "Tax Effect Of Unusual Items": 0.0,
        "Tax Rate For Calcs": 0.21,
        "Normalized EBITDA": 20979000.0,
        "Net Income From Continuing Operation Net Minority Interest": 3539000.0,
        "Reconciled Depreciation": 5667000.0,
        "Reconciled Cost Of Revenue": 11106000.0,
        "EBITDA": 20979000.0,
        "EBIT": 15312000.0,
        "Net Interest Income": -7200000.0,
        "Interest Expense": 7200000.0,
        "Normalized Income": 3539000.0,
        "Net Income From Continuing And Discontinued Operation": 3539000.0,
        "Total Expenses": 85494000.0,
        "Total Operating Income As Reported": 14324000.0,
        "Diluted Average Shares": 183191000.0,
        "Basic Average Shares": 181435000.0,
        "Diluted EPS": 0.02,
        "Basic EPS": 0.02,
        "Diluted NI Availto Com Stockholders": 3539000.0,
        "Net Income Common Stockholders": 3539000.0,
        "Net Income": 3539000.0,
        "Net Income Including Noncontrolling Interests": 3539000.0,
        "Net Income Continuous Operations": 3539000.0,
        "Tax Provision": 4573000.0,
        "Pretax Income": 8112000.0,
        "Other Income Expense": 988000.0,
        "Other Non Operating Income Expenses": 988000.0,
        "Net Non Operating Interest Income Expense": -7200000.0,
        "Interest Expense Non Operating": 7200000.0,
        "Operating Income": 14324000.0,
        "Operating Expense": 69285000.0,
        "Depreciation Amortization Depletion Income Statement": 564000.0,
        "Depreciation And Amortization In Income Statement": 564000.0,
        "Amortization": 564000.0,
        "Amortization Of Intangibles Income Statement": 564000.0,
        "Research And Development": 18810000.0,
        "Selling General And Administration": 49911000.0,
        "Selling And Marketing Expense": 32563000.0,
        "General And Administrative Expense": 17348000.0,
        "Other Gand A": 17348000.0,
        "Gross Profit": 83609000.0,
        "Cost Of Revenue": 16209000.0,
        "Total Revenue": 99818000.0,
        "Operating Revenue": 97442000.0
    },
    "2022-12-31": {
        "Tax Effect Of Unusual Items": 0.0,
        "Tax Rate For Calcs": 0.325642,
        "Normalized EBITDA": 22921000.0,
        "Net Income From Continuing Operation Net Minority Interest": 6985000.0,
        "Reconciled Depreciation": 6170000.0,
        "Reconciled Cost Of Revenue": 10372000.0,
        "EBITDA": 22921000.0,
        "EBIT": 16751000.0,
        "Net Interest Income": -6393000.0,
        "Interest Expense": 6393000.0,
        "Normalized Income": 6985000.0,
        "Net Income From Continuing And Discontinued Operation": 6985000.0,
        "Total Expenses": 81446000.0,
        "Total Operating Income As Reported": 14309000.0,
        "Diluted Average Shares": 182162000.0,
        "Basic Average Shares": 180712000.0,
        "Diluted EPS": 0.04,
        "Basic EPS": 0.04,
        "Diluted NI Availto Com Stockholders": 6985000.0,
        "Net Income Common Stockholders": 6985000.0,
        "Net Income": 6985000.0,
        "Net Income Including Noncontrolling Interests": 6985000.0,
        "Net Income Continuous Operations": 6985000.0,
        "Tax Provision": 3373000.0,
        "Pretax Income": 10358000.0,
        "Other Income Expense": 2442000.0,
        "Other Non Operating Income Expenses": 2442000.0,
        "Net Non Operating Interest Income Expense": -6393000.0,
        "Interest Expense Non Operating": 6393000.0,
        "Operating Income": 14309000.0,
        "Operating Expense": 66371000.0,
        "Depreciation Amortization Depletion Income Statement": 1467000.0,
        "Depreciation And Amortization In Income Statement": 1467000.0,
        "Amortization": 1467000.0,
        "Amortization Of Intangibles Income Statement": 1467000.0,
        "Research And Development": 16820000.0,
        "Selling General And Administration": 48084000.0,
        "Selling And Marketing Expense": 31078000.0,
        "General And Administrative Expense": 17006000.0,
        "Other Gand A": 17006000.0,
        "Gross Profit": 80680000.0,
        "Cost Of Revenue": 15075000.0,
        "Total Revenue": 95755000.0,
        "Operating Revenue": 95755000.0
    },
    "2022-09-30": {
        "Tax Effect Of Unusual Items": 0.0,
        "Tax Rate For Calcs": 0.4,
        "Normalized EBITDA": 15964000.0,
        "Net Income From Continuing Operation Net Minority Interest": 294000.0,
        "Reconciled Depreciation": 6037000.0,
        "Reconciled Cost Of Revenue": 10531000.0,
        "EBITDA": 15964000.0,
        "EBIT": 9927000.0,
        "Net Interest Income": -5088000.0,
        "Interest Expense": 5088000.0,
        "Normalized Income": 294000.0,
        "Net Income From Continuing And Discontinued Operation": 294000.0,
        "Total Expenses": 81805000.0,
        "Total Operating Income As Reported": 11722000.0,
        "Diluted Average Shares": 181145000.0,
        "Basic Average Shares": 180323000.0,
        "Diluted EPS": 0.001623,
        "Basic EPS": 0.00163,
        "Diluted NI Availto Com Stockholders": 294000.0,
        "Net Income Common Stockholders": 294000.0,
        "Net Income": 294000.0,
        "Net Income Including Noncontrolling Interests": 294000.0,
        "Net Income Continuous Operations": 294000.0,
        "Tax Provision": 4545000.0,
        "Pretax Income": 4839000.0,
        "Other Income Expense": -1795000.0,
        "Other Non Operating Income Expenses": -1795000.0,
        "Net Non Operating Interest Income Expense": -5088000.0,
        "Interest Expense Non Operating": 5088000.0,
        "Operating Income": 11722000.0,
        "Operating Expense": 66702000.0,
        "Depreciation Amortization Depletion Income Statement": 1465000.0,
        "Depreciation And Amortization In Income Statement": 1465000.0,
        "Amortization": 1465000.0,
        "Amortization Of Intangibles Income Statement": 1465000.0,
        "Research And Development": 16038000.0,
        "Selling General And Administration": 49199000.0,
        "Selling And Marketing Expense": 31149000.0,
        "General And Administrative Expense": 18050000.0,
        "Other Gand A": 18050000.0,
        "Gross Profit": 78424000.0,
        "Cost Of Revenue": 15103000.0,
        "Total Revenue": 93527000.0,
        "Operating Revenue": 93527000.0
    },
    "2022-06-30": {
        "Tax Effect Of Unusual Items": 0.0,
        "Tax Rate For Calcs": 0.347,
        "Normalized EBITDA": 16367000.0,
        "Net Income From Continuing Operation Net Minority Interest": 4327000.0,
        "Reconciled Depreciation": 5895000.0,
        "Reconciled Cost Of Revenue": 9734000.0,
        "EBITDA": 16367000.0,
        "EBIT": 10472000.0,
        "Net Interest Income": -3845000.0,
        "Interest Expense": 3845000.0,
        "Normalized Income": 4327000.0,
        "Net Income From Continuing And Discontinued Operation": 4327000.0,
        "Total Expenses": 81330000.0,
        "Total Operating Income As Reported": 10297000.0,
        "Diluted Average Shares": 180504000.0,
        "Basic Average Shares": 180034000.0,
        "Diluted EPS": 0.02,
        "Basic EPS": 0.02,
        "Diluted NI Availto Com Stockholders": 4327000.0,
        "Net Income Common Stockholders": 4327000.0,
        "Net Income": 4327000.0,
        "Net Income Including Noncontrolling Interests": 4327000.0,
        "Net Income Continuous Operations": 4327000.0,
        "Tax Provision": 2300000.0,
        "Pretax Income": 6627000.0,
        "Other Income Expense": 175000.0,
        "Other Non Operating Income Expenses": 175000.0,
        "Net Non Operating Interest Income Expense": -3845000.0,
        "Interest Expense Non Operating": 3845000.0,
        "Operating Income": 10297000.0,
        "Operating Expense": 67161000.0,
        "Depreciation Amortization Depletion Income Statement": 1460000.0,
        "Depreciation And Amortization In Income Statement": 1460000.0,
        "Amortization": 1460000.0,
        "Amortization Of Intangibles Income Statement": 1460000.0,
        "Research And Development": 15241000.0,
        "Selling General And Administration": 50460000.0,
        "Selling And Marketing Expense": 32020000.0,
        "General And Administrative Expense": 18440000.0,
        "Other Gand A": 18440000.0,
        "Gross Profit": 77458000.0,
        "Cost Of Revenue": 14169000.0,
        "Total Revenue": 91627000.0,
        "Operating Revenue": 91627000.0
    },
    "2022-03-31": {
        "Diluted EPS": 0.03,
        "Total Revenue": 91,
        "Gross Profit": 77,
        "Operating Income": 11,
        "EBIT": 18,
        "Net Income": 5
    },
    "2021-12-31": {
        "Diluted EPS": 0.02,
        "Total Revenue": 90,
        "Gross Profit": 76,
        "Operating Income": 8,
        "EBIT": 18,
        "Net Income": 2
    },
    "2021-09-30": {
        "Diluted EPS": 0.01,
        "Total Revenue": 88,
        "Gross Profit": 76,
        "Operating Income": 10,
        "EBIT": 16,
        "Net Income": 2
    },
    "2021-06-30": {
        "Diluted EPS": 0.0,
        "Total Revenue": 85,
        "Gross Profit": 73,
        "Operating Income": 10,
        "EBIT": 18,
        "Net Income": 0
    },
    "2021-03-31": {
        "Diluted EPS": -0.03,
        "Total Revenue": 83,
        "Gross Profit": 69,
        "Operating Income": 5,
        "EBIT": 17,
        "Net Income": -4
    },
    "2020-12-31": {
        "Diluted EPS": 0.0,
        "Total Revenue": NaN,
        "Gross Profit": NaN,
        "Operating Income": NaN,
        "EBIT": NaN,
        "Net Income": NaN
    },
    "2020-09-30": {
        "Diluted EPS": -0.01,
        "Total Revenue": 76,
        "Gross Profit": 60,
        "Operating Income": 9,
        "EBIT": 23,
        "Net Income": -1
    },
    "2020-06-30": {
        "Diluted EPS": 0.02,
        "Total Revenue": 73,
        "Gross Profit": 58,
        "Operating Income": 14,
        "EBIT": 14,
        "Net Income": 3
    },
    "2019-12-31": {
        "Diluted EPS": 0.0,
        "Total Revenue": NaN,
        "Gross Profit": NaN,
        "Operating Income": NaN,
        "EBIT": NaN,
        "Net Income": NaN
    },
    "2023-06-30": {
        "Tax Effect Of Unusual Items": 0.0,
        "Tax Rate For Calcs": 0.21,
        "Normalized EBITDA": 21984000.0,
        "Net Income From Continuing Operation Net Minority Interest": 4509000.0,
        "Reconciled Depreciation": 5146000.0,
        "Reconciled Cost Of Revenue": 11886000.0,
        "EBITDA": 21984000.0,
        "EBIT": 16838000.0,
        "Net Interest Income": -7530000.0,
        "Interest Expense": 7530000.0,
        "Normalized Income": 4509000.0,
        "Net Income From Continuing And Discontinued Operation": 4509000.0,
        "Total Expenses": 90246000.0,
        "Total Operating Income As Reported": 15834000.0,
        "Diluted Average Shares": 185643000.0,
        "Basic Average Shares": 182249000.0,
        "Diluted EPS": 0.02,
        "Basic EPS": 0.02,
        "Diluted NI Availto Com Stockholders": 4509000.0,
        "Net Income Common Stockholders": 4509000.0,
        "Net Income": 4509000.0,
        "Net Income Including Noncontrolling Interests": 4509000.0,
        "Net Income Continuous Operations": 4509000.0,
        "Tax Provision": 4799000.0,
        "Pretax Income": 9308000.0,
        "Other Income Expense": 1004000.0,
        "Other Non Operating Income Expenses": 1004000.0,
        "Net Non Operating Interest Income Expense": -7530000.0,
        "Interest Expense Non Operating": 7530000.0,
        "Operating Income": 15834000.0,
        "Operating Expense": 73224000.0,
        "Depreciation Amortization Depletion Income Statement": 10000.0,
        "Depreciation And Amortization In Income Statement": 10000.0,
        "Amortization": 10000.0,
        "Amortization Of Intangibles Income Statement": 10000.0,
        "Research And Development": 20234000.0,
        "Selling General And Administration": 52980000.0,
        "Selling And Marketing Expense": 34889000.0,
        "General And Administrative Expense": 18091000.0,
        "Other Gand A": 18091000.0,
        "Gross Profit": 89058000.0,
        "Cost Of Revenue": 17022000.0,
        "Total Revenue": 106080000.0,
        "Operating Revenue": 103355000.0
    },
    "2023-09-30": {
        "Tax Effect Of Unusual Items": 0.0,
        "Tax Rate For Calcs": 0.21,
        "Normalized EBITDA": 23256000.0,
        "Net Income From Continuing Operation Net Minority Interest": 6013000.0,
        "Reconciled Depreciation": 5329000.0,
        "Reconciled Cost Of Revenue": 12038000.0,
        "EBITDA": 23256000.0,
        "EBIT": 17927000.0,
        "Net Interest Income": -7802000.0,
        "Interest Expense": 7802000.0,
        "Normalized Income": 6013000.0,
        "Net Income From Continuing And Discontinued Operation": 6013000.0,
        "Total Expenses": 89217000.0,
        "Total Operating Income As Reported": 18350000.0,
        "Diluted Average Shares": 186221000.0,
        "Basic Average Shares": 182710000.0,
        "Diluted EPS": 0.03,
        "Basic EPS": 0.03,
        "Diluted NI Availto Com Stockholders": 6013000.0,
        "Net Income Common Stockholders": 6013000.0,
        "Net Income": 6013000.0,
        "Net Income Including Noncontrolling Interests": 6013000.0,
        "Net Income Continuous Operations": 6013000.0,
        "Tax Provision": 4112000.0,
        "Pretax Income": 10125000.0,
        "Other Income Expense": -423000.0,
        "Other Non Operating Income Expenses": -423000.0,
        "Net Non Operating Interest Income Expense": -7802000.0,
        "Interest Expense Non Operating": 7802000.0,
        "Operating Income": 18350000.0,
        "Operating Expense": 71861000.0,
        "Depreciation Amortization Depletion Income Statement": 11000.0,
        "Depreciation And Amortization In Income Statement": 11000.0,
        "Amortization": 11000.0,
        "Amortization Of Intangibles Income Statement": 11000.0,
        "Research And Development": 19752000.0,
        "Selling General And Administration": 52098000.0,
        "Selling And Marketing Expense": 33660000.0,
        "General And Administrative Expense": 18438000.0,
        "Other Gand A": 18438000.0,
        "Gross Profit": 90211000.0,
        "Cost Of Revenue": 17356000.0,
        "Total Revenue": 107567000.0,
        "Operating Revenue": 105208000.0
    },
    "2023-12-31": {
        "Tax Effect Of Unusual Items": 0.0,
        "Tax Rate For Calcs": 0.21,
        "Normalized EBITDA": 29982000.0,
        "Net Income From Continuing Operation Net Minority Interest": 9351000.0,
        "Reconciled Depreciation": 5481000.0,
        "Reconciled Cost Of Revenue": 12152000.0,
        "EBITDA": 29982000.0,
        "EBIT": 24501000.0,
        "Net Interest Income": -7720000.0,
        "Interest Expense": 7720000.0,
        "Normalized Income": 9351000.0,
        "Net Income From Continuing And Discontinued Operation": 9351000.0,
        "Total Expenses": 86604000.0,
        "Total Operating Income As Reported": 21811000.0,
        "Diluted Average Shares": 186495000.0,
        "Basic Average Shares": 183072000.0,
        "Diluted EPS": 0.05,
        "Basic EPS": 0.05,
        "Diluted NI Availto Com Stockholders": 9351000.0,
        "Net Income Common Stockholders": 9351000.0,
        "Net Income": 9351000.0,
        "Net Income Including Noncontrolling Interests": 9351000.0,
        "Net Income Continuous Operations": 9351000.0,
        "Tax Provision": 7430000.0,
        "Pretax Income": 16781000.0,
        "Other Income Expense": 2690000.0,
        "Other Non Operating Income Expenses": 2690000.0,
        "Net Non Operating Interest Income Expense": -7720000.0,
        "Interest Expense Non Operating": 7720000.0,
        "Operating Income": 21811000.0,
        "Operating Expense": 68983000.0,
        "Depreciation Amortization Depletion Income Statement": 12000.0,
        "Depreciation And Amortization In Income Statement": 12000.0,
        "Amortization": 12000.0,
        "Amortization Of Intangibles Income Statement": 12000.0,
        "Research And Development": 19384000.0,
        "Selling General And Administration": 49587000.0,
        "Selling And Marketing Expense": 33579000.0,
        "General And Administrative Expense": 16008000.0,
        "Other Gand A": 16008000.0,
        "Gross Profit": 90794000.0,
        "Cost Of Revenue": 17621000.0,
        "Total Revenue": 108415000.0,
        "Operating Revenue": 106067000.0
    },
    "2024-03-31": {
        "Tax Effect Of Unusual Items": 0.0,
        "Tax Rate For Calcs": 0.4,
        "Normalized EBITDA": 26595000.0,
        "Net Income From Continuing Operation Net Minority Interest": 7456000.0,
        "Reconciled Depreciation": 5819000.0,
        "Reconciled Cost Of Revenue": 12492000.0,
        "EBITDA": 26595000.0,
        "EBIT": 20776000.0,
        "Net Interest Income": -7621000.0,
        "Interest Expense": 7621000.0,
        "Normalized Income": 7456000.0,
        "Net Income From Continuing And Discontinued Operation": 7456000.0,
        "Total Expenses": 93258000.0,
        "Total Operating Income As Reported": 20491000.0,
        "Diluted Average Shares": 187174000.0,
        "Basic Average Shares": 184015000.0,
        "Diluted EPS": 0.04,
        "Basic EPS": 0.04,
        "Diluted NI Availto Com Stockholders": 7456000.0,
        "Net Income Common Stockholders": 7456000.0,
        "Net Income": 7456000.0,
        "Net Income Including Noncontrolling Interests": 7456000.0,
        "Net Income Continuous Operations": 7456000.0,
        "Tax Provision": 5699000.0,
        "Pretax Income": 13155000.0,
        "Other Income Expense": 285000.0,
        "Other Non Operating Income Expenses": 285000.0,
        "Net Non Operating Interest Income Expense": -7621000.0,
        "Interest Expense Non Operating": 7621000.0,
        "Operating Income": 20491000.0,
        "Operating Expense": 74961000.0,
        "Depreciation Amortization Depletion Income Statement": 14000.0,
        "Depreciation And Amortization In Income Statement": 14000.0,
        "Amortization": 14000.0,
        "Amortization Of Intangibles Income Statement": 14000.0,
        "Research And Development": 22082000.0,
        "Selling General And Administration": 52865000.0,
        "Selling And Marketing Expense": 35816000.0,
        "General And Administrative Expense": 17049000.0,
        "Other Gand A": 17049000.0,
        "Gross Profit": 95452000.0,
        "Cost Of Revenue": 18297000.0,
        "Total Revenue": 113749000.0,
        "Operating Revenue": 111517000.0
    },
    "2024-06-30": {
        "Tax Effect Of Unusual Items": 0.0,
        "Tax Rate For Calcs": 0.391,
        "Normalized EBITDA": 29025000.0,
        "Net Income From Continuing Operation Net Minority Interest": 9455000.0,
        "Reconciled Depreciation": 5904000.0,
        "Reconciled Cost Of Revenue": 13275000.0,
        "EBITDA": 29025000.0,
        "EBIT": 23121000.0,
        "Net Interest Income": -7606000.0,
        "Interest Expense": 7606000.0,
        "Normalized Income": 9455000.0,
        "Net Income From Continuing And Discontinued Operation": 9455000.0,
        "Total Expenses": 97468000.0,
        "Total Operating Income As Reported": 21979000.0,
        "Diluted Average Shares": 187274000.0,
        "Basic Average Shares": 184996000.0,
        "Diluted EPS": 0.05,
        "Basic EPS": 0.05,
        "Diluted NI Availto Com Stockholders": 9455000.0,
        "Net Income Common Stockholders": 9455000.0,
        "Net Income": 9455000.0,
        "Net Income Including Noncontrolling Interests": 9455000.0,
        "Net Income Continuous Operations": 9455000.0,
        "Tax Provision": 6060000.0,
        "Pretax Income": 15515000.0,
        "Other Income Expense": 1142000.0,
        "Other Non Operating Income Expenses": 1142000.0,
        "Net Non Operating Interest Income Expense": -7606000.0,
        "Interest Expense Non Operating": 7606000.0,
        "Operating Income": 21979000.0,
        "Operating Expense": 78304000.0,
        "Depreciation Amortization Depletion Income Statement": 15000.0,
        "Depreciation And Amortization In Income Statement": 15000.0,
        "Amortization": 15000.0,
        "Amortization Of Intangibles Income Statement": 15000.0,
        "Research And Development": 22391000.0,
        "Selling General And Administration": 55898000.0,
        "Selling And Marketing Expense": 32850000.0,
        "General And Administrative Expense": 23048000.0,
        "Other Gand A": 23048000.0,
        "Gross Profit": 100283000.0,
        "Cost Of Revenue": 19164000.0,
        "Total Revenue": 119447000.0,
        "Operating Revenue": 117413000.0
    }
}