{
    "2023-03-31": {
        "Tax Effect Of Unusual Items": -28324.0,
        "Tax Rate For Calcs": 0.146,
        "Normalized EBITDA": -1467000.0,
        "Total Unusual Items": -194000.0,
        "Total Unusual Items Excluding Goodwill": -194000.0,
        "Net Income From Continuing Operation Net Minority Interest": -2381000.0,
        "Reconciled Depreciation": 1011000.0,
        "Reconciled Cost Of Revenue": 31323000.0,
        "EBITDA": -1661000.0,
        "EBIT": -2672000.0,
        "Net Interest Income": -104000.0,
        "Interest Expense": 116000.0,
        "Interest Income": 12000.0,
        "Normalized Income": -2215324.0,
        "Net Income From Continuing And Discontinued Operation": -2381000.0,
        "Total Expenses": 35187000.0,
        "Total Operating Income As Reported": -2488000.0,
        "Diluted Average Shares": 5816058.0,
        "Basic Average Shares": 5816058.0,
        "Diluted EPS": -0.41,
        "Basic EPS": -0.41,
        "Diluted NI Availto Com Stockholders": -2381000.0,
        "Net Income Common Stockholders": -2381000.0,
        "Net Income": -2381000.0,
        "Net Income Including Noncontrolling Interests": -2381000.0,
        "Net Income Continuous Operations": -2381000.0,
        "Tax Provision": -407000.0,
        "Pretax Income": -2788000.0,
        "Other Income Expense": -196000.0,
        "Other Non Operating Income Expenses": -2000.0,
        "Gain On Sale Of Security": -194000.0,
        "Net Non Operating Interest Income Expense": -104000.0,
        "Interest Expense Non Operating": 116000.0,
        "Interest Income Non Operating": 12000.0,
        "Operating Income": -2488000.0,
        "Operating Expense": 3864000.0,
        "Selling General And Administration": 3864000.0,
        "Gross Profit": 1376000.0,
        "Cost Of Revenue": 31323000.0,
        "Total Revenue": 32699000.0,
        "Operating Revenue": 32699000.0
    },
    "2022-12-31": {
        "Tax Effect Of Unusual Items": NaN,
        "Tax Rate For Calcs": NaN,
        "Normalized EBITDA": NaN,
        "Total Unusual Items": NaN,
        "Total Unusual Items Excluding Goodwill": NaN,
        "Net Income From Continuing Operation Net Minority Interest": NaN,
        "Reconciled Depreciation": NaN,
        "Reconciled Cost Of Revenue": NaN,
        "EBITDA": NaN,
        "EBIT": NaN,
        "Net Interest Income": NaN,
        "Interest Expense": NaN,
        "Interest Income": NaN,
        "Normalized Income": NaN,
        "Net Income From Continuing And Discontinued Operation": NaN,
        "Total Expenses": NaN,
        "Total Operating Income As Reported": NaN,
        "Diluted Average Shares": 5873129.0,
        "Basic Average Shares": 5866494.0,
        "Diluted EPS": 0.31,
        "Basic EPS": 0.31,
        "Diluted NI Availto Com Stockholders": NaN,
        "Net Income Common Stockholders": NaN,
        "Net Income": NaN,
        "Net Income Including Noncontrolling Interests": NaN,
        "Net Income Continuous Operations": NaN,
        "Tax Provision": NaN,
        "Pretax Income": NaN,
        "Other Income Expense": NaN,
        "Other Non Operating Income Expenses": NaN,
        "Gain On Sale Of Security": NaN,
        "Net Non Operating Interest Income Expense": NaN,
        "Interest Expense Non Operating": NaN,
        "Interest Income Non Operating": NaN,
        "Operating Income": NaN,
        "Operating Expense": NaN,
        "Selling General And Administration": NaN,
        "Gross Profit": NaN,
        "Cost Of Revenue": NaN,
        "Total Revenue": NaN,
        "Operating Revenue": NaN
    },
    "2022-09-30": {
        "Tax Effect Of Unusual Items": -29547.0,
        "Tax Rate For Calcs": 0.201,
        "Normalized EBITDA": 2496000.0,
        "Total Unusual Items": -147000.0,
        "Total Unusual Items Excluding Goodwill": -147000.0,
        "Net Income From Continuing Operation Net Minority Interest": 1053000.0,
        "Reconciled Depreciation": 956000.0,
        "Reconciled Cost Of Revenue": 37756000.0,
        "EBITDA": 2349000.0,
        "EBIT": 1393000.0,
        "Net Interest Income": -71000.0,
        "Interest Expense": 75000.0,
        "Interest Income": 4000.0,
        "Normalized Income": 1170453.0,
        "Net Income From Continuing And Discontinued Operation": 1053000.0,
        "Total Expenses": 41585000.0,
        "Total Operating Income As Reported": 1542000.0,
        "Diluted Average Shares": 5943446.0,
        "Basic Average Shares": 5919649.0,
        "Diluted EPS": 0.18,
        "Basic EPS": 0.18,
        "Diluted NI Availto Com Stockholders": 1053000.0,
        "Net Income Common Stockholders": 1053000.0,
        "Net Income": 1053000.0,
        "Net Income Including Noncontrolling Interests": 1053000.0,
        "Net Income Continuous Operations": 1053000.0,
        "Tax Provision": 265000.0,
        "Pretax Income": 1318000.0,
        "Other Income Expense": -153000.0,
        "Other Non Operating Income Expenses": -6000.0,
        "Gain On Sale Of Security": -147000.0,
        "Net Non Operating Interest Income Expense": -71000.0,
        "Interest Expense Non Operating": 75000.0,
        "Interest Income Non Operating": 4000.0,
        "Operating Income": 1542000.0,
        "Operating Expense": 3829000.0,
        "Selling General And Administration": 3829000.0,
        "Gross Profit": 5371000.0,
        "Cost Of Revenue": 37756000.0,
        "Total Revenue": 43127000.0,
        "Operating Revenue": 43127000.0
    },
    "2022-06-30": {
        "Tax Effect Of Unusual Items": 30529.00232,
        "Tax Rate For Calcs": 0.199536,
        "Normalized EBITDA": 4611000.0,
        "Total Unusual Items": 153000.0,
        "Total Unusual Items Excluding Goodwill": 153000.0,
        "Net Income From Continuing Operation Net Minority Interest": 3105000.0,
        "Reconciled Depreciation": 847000.0,
        "Reconciled Cost Of Revenue": 44237000.0,
        "EBITDA": 4764000.0,
        "EBIT": 3917000.0,
        "Net Interest Income": -38000.0,
        "Interest Expense": 38000.0,
        "Interest Income": 0.0,
        "Normalized Income": 2982529.00232,
        "Net Income From Continuing And Discontinued Operation": 3105000.0,
        "Total Expenses": 48750000.0,
        "Total Operating Income As Reported": 3776000.0,
        "Diluted Average Shares": 5971206.0,
        "Basic Average Shares": 5965559.0,
        "Diluted EPS": 0.52,
        "Basic EPS": 0.52,
        "Diluted NI Availto Com Stockholders": 3105000.0,
        "Net Income Common Stockholders": 3105000.0,
        "Net Income": 3105000.0,
        "Net Income Including Noncontrolling Interests": 3105000.0,
        "Net Income Continuous Operations": 3105000.0,
        "Tax Provision": 774000.0,
        "Pretax Income": 3879000.0,
        "Other Income Expense": 141000.0,
        "Other Non Operating Income Expenses": -12000.0,
        "Gain On Sale Of Security": 153000.0,
        "Net Non Operating Interest Income Expense": -38000.0,
        "Interest Expense Non Operating": 38000.0,
        "Interest Income Non Operating": 0.0,
        "Operating Income": 3776000.0,
        "Operating Expense": 4513000.0,
        "Selling General And Administration": 4633000.0,
        "Gross Profit": 8289000.0,
        "Cost Of Revenue": 44237000.0,
        "Total Revenue": 52526000.0,
        "Operating Revenue": 52526000.0
    },
    "2022-03-31": {
        "Diluted EPS": 0.41,
        "Total Revenue": 42,
        "Gross Profit": 7,
        "Operating Income": 3,
        "EBIT": 4,
        "Net Income": 3
    },
    "2021-12-31": {
        "Diluted EPS": 0.3,
        "Total Revenue": 38,
        "Gross Profit": 7,
        "Operating Income": 2,
        "EBIT": 3,
        "Net Income": 2
    },
    "2021-09-30": {
        "Diluted EPS": 0.51,
        "Total Revenue": 38,
        "Gross Profit": 8,
        "Operating Income": 4,
        "EBIT": 5,
        "Net Income": 3
    },
    "2021-06-30": {
        "Diluted EPS": 0.47,
        "Total Revenue": 44,
        "Gross Profit": 8,
        "Operating Income": 3,
        "EBIT": 5,
        "Net Income": 3
    },
    "2021-03-31": {
        "Diluted EPS": 0.3,
        "Total Revenue": 46,
        "Gross Profit": 7,
        "Operating Income": 3,
        "EBIT": 4,
        "Net Income": 2
    },
    "2020-12-31": {
        "Diluted EPS": 0.57,
        "Total Revenue": 48,
        "Gross Profit": 10,
        "Operating Income": 5,
        "EBIT": 7,
        "Net Income": 4
    },
    "2020-09-30": {
        "Diluted EPS": 0.35,
        "Total Revenue": 40,
        "Gross Profit": 6,
        "Operating Income": 2,
        "EBIT": 3,
        "Net Income": 2
    },
    "2020-06-30": {
        "Diluted EPS": 0.28,
        "Total Revenue": 35,
        "Gross Profit": 7,
        "Operating Income": 2,
        "EBIT": 3,
        "Net Income": 2
    },
    "2020-03-31": {
        "Diluted EPS": -0.61,
        "Total Revenue": 25,
        "Gross Profit": 3,
        "Operating Income": -4,
        "EBIT": -3,
        "Net Income": -4
    },
    "2019-12-31": {
        "Diluted EPS": 0.07,
        "Total Revenue": 29,
        "Gross Profit": 5,
        "Operating Income": 1,
        "EBIT": 2,
        "Net Income": 0
    },
    "2019-09-30": {
        "Diluted EPS": 0.01,
        "Total Revenue": 29,
        "Gross Profit": 4,
        "Operating Income": 0,
        "EBIT": 1,
        "Net Income": 0
    },
    "2019-06-30": {
        "Diluted EPS": -0.03,
        "Total Revenue": 30,
        "Gross Profit": 4,
        "Operating Income": -1,
        "EBIT": 0,
        "Net Income": 0
    },
    "2019-03-31": {
        "Diluted EPS": 0.27,
        "Total Revenue": 35,
        "Gross Profit": 6,
        "Operating Income": 2,
        "EBIT": 3,
        "Net Income": 2
    },
    "2018-12-31": {
        "Diluted EPS": 0.31,
        "Total Revenue": 36,
        "Gross Profit": 6,
        "Operating Income": 2,
        "EBIT": 3,
        "Net Income": 2
    },
    "2018-09-30": {
        "Diluted EPS": 0.37,
        "Total Revenue": 37,
        "Gross Profit": 7,
        "Operating Income": 3,
        "EBIT": 4,
        "Net Income": 3
    },
    "2018-06-30": {
        "Diluted EPS": 0.42,
        "Total Revenue": 39,
        "Gross Profit": 7,
        "Operating Income": 3,
        "EBIT": 4,
        "Net Income": 3
    },
    "2018-03-31": {
        "Diluted EPS": 0.3,
        "Total Revenue": 32,
        "Gross Profit": 7,
        "Operating Income": 3,
        "EBIT": 3,
        "Net Income": 2
    },
    "2017-12-31": {
        "Diluted EPS": -0.2,
        "Total Revenue": 33,
        "Gross Profit": 7,
        "Operating Income": 2,
        "EBIT": 3,
        "Net Income": -1
    },
    "2017-09-30": {
        "Diluted EPS": 0.21,
        "Total Revenue": 28,
        "Gross Profit": 6,
        "Operating Income": 2,
        "EBIT": 3,
        "Net Income": 1
    },
    "2017-06-30": {
        "Diluted EPS": 0.24,
        "Total Revenue": 32,
        "Gross Profit": 7,
        "Operating Income": 2,
        "EBIT": 3,
        "Net Income": 2
    },
    "2017-03-31": {
        "Diluted EPS": 0.11,
        "Total Revenue": 25,
        "Gross Profit": 5,
        "Operating Income": 1,
        "EBIT": 2,
        "Net Income": 1
    },
    "2016-12-31": {
        "Diluted EPS": 0.37,
        "Total Revenue": 31,
        "Gross Profit": 6,
        "Operating Income": 3,
        "EBIT": 4,
        "Net Income": 2
    },
    "2016-09-30": {
        "Diluted EPS": 0.37,
        "Total Revenue": 34,
        "Gross Profit": 8,
        "Operating Income": 4,
        "EBIT": 4,
        "Net Income": 2
    },
    "2016-06-30": {
        "Diluted EPS": 0.52,
        "Total Revenue": 36,
        "Gross Profit": 8,
        "Operating Income": 5,
        "EBIT": 5,
        "Net Income": 3
    },
    "2016-03-31": {
        "Diluted EPS": 0.46,
        "Total Revenue": 30,
        "Gross Profit": 6,
        "Operating Income": 3,
        "EBIT": 4,
        "Net Income": 3
    },
    "2015-12-31": {
        "Diluted EPS": 0.28,
        "Total Revenue": 27,
        "Gross Profit": 6,
        "Operating Income": 3,
        "EBIT": 3,
        "Net Income": 2
    },
    "2015-09-30": {
        "Diluted EPS": 0.18,
        "Total Revenue": 22,
        "Gross Profit": 5,
        "Operating Income": 2,
        "EBIT": 2,
        "Net Income": 1
    },
    "2015-06-30": {
        "Diluted EPS": 0.14,
        "Total Revenue": 23,
        "Gross Profit": 4,
        "Operating Income": 1,
        "EBIT": 2,
        "Net Income": 1
    },
    "2015-03-31": {
        "Diluted EPS": 0.12,
        "Total Revenue": 20,
        "Gross Profit": 4,
        "Operating Income": 1,
        "EBIT": 2,
        "Net Income": 1
    },
    "2014-12-31": {
        "Diluted EPS": 0.16,
        "Total Revenue": 19,
        "Gross Profit": 4,
        "Operating Income": 1,
        "EBIT": 2,
        "Net Income": 1
    },
    "2014-09-30": {
        "Diluted EPS": 0.07,
        "Total Revenue": 19,
        "Gross Profit": 3,
        "Operating Income": 1,
        "EBIT": 1,
        "Net Income": 0
    },
    "2014-06-30": {
        "Diluted EPS": 0.16,
        "Total Revenue": 21,
        "Gross Profit": 4,
        "Operating Income": 1,
        "EBIT": 2,
        "Net Income": 1
    },
    "2014-03-31": {
        "Diluted EPS": 0.09,
        "Total Revenue": 19,
        "Gross Profit": 3,
        "Operating Income": 1,
        "EBIT": 2,
        "Net Income": 1
    },
    "2013-12-31": {
        "Diluted EPS": 0.03,
        "Total Revenue": 16,
        "Gross Profit": 3,
        "Operating Income": 0,
        "EBIT": 1,
        "Net Income": 0
    },
    "2013-09-30": {
        "Diluted EPS": 0.01,
        "Total Revenue": 17,
        "Gross Profit": 3,
        "Operating Income": 0,
        "EBIT": 1,
        "Net Income": 0
    },
    "2013-06-30": {
        "Diluted EPS": 0.09,
        "Total Revenue": 17,
        "Gross Profit": 4,
        "Operating Income": 1,
        "EBIT": 2,
        "Net Income": 1
    },
    "2013-03-31": {
        "Diluted EPS": 0.03,
        "Total Revenue": 16,
        "Gross Profit": 3,
        "Operating Income": 1,
        "EBIT": 1,
        "Net Income": 0
    },
    "2012-12-31": {
        "Diluted EPS": 0.01,
        "Total Revenue": 14,
        "Gross Profit": 2,
        "Operating Income": 0,
        "EBIT": 0,
        "Net Income": 0
    },
    "2012-09-30": {
        "Diluted EPS": 0.1,
        "Total Revenue": 16,
        "Gross Profit": 4,
        "Operating Income": 1,
        "EBIT": 2,
        "Net Income": 1
    },
    "2012-06-30": {
        "Diluted EPS": 0.11,
        "Total Revenue": 21,
        "Gross Profit": 3,
        "Operating Income": 1,
        "EBIT": 2,
        "Net Income": 1
    },
    "2012-03-31": {
        "Diluted EPS": 0.15,
        "Total Revenue": 17,
        "Gross Profit": 4,
        "Operating Income": 2,
        "EBIT": 2,
        "Net Income": 1
    },
    "2011-12-31": {
        "Diluted EPS": 0.11,
        "Total Revenue": 16,
        "Gross Profit": 3,
        "Operating Income": 1,
        "EBIT": 2,
        "Net Income": 1
    },
    "2011-09-30": {
        "Diluted EPS": 0.22,
        "Total Revenue": 18,
        "Gross Profit": 5,
        "Operating Income": 2,
        "EBIT": 3,
        "Net Income": 2
    },
    "2023-06-30": {
        "Tax Effect Of Unusual Items": -44595.837897,
        "Tax Rate For Calcs": 0.256298,
        "Normalized EBITDA": 4318000.0,
        "Total Unusual Items": -174000.0,
        "Total Unusual Items Excluding Goodwill": -174000.0,
        "Net Income From Continuing Operation Net Minority Interest": 2037000.0,
        "Reconciled Depreciation": 1200000.0,
        "Reconciled Cost Of Revenue": 30697000.0,
        "EBITDA": 4144000.0,
        "EBIT": 2944000.0,
        "Net Interest Income": -197000.0,
        "Interest Expense": 205000.0,
        "Interest Income": 8000.0,
        "Normalized Income": 2166404.162103,
        "Net Income From Continuing And Discontinued Operation": 2037000.0,
        "Total Expenses": 32720000.0,
        "Total Operating Income As Reported": 3174000.0,
        "Diluted Average Shares": NaN,
        "Basic Average Shares": NaN,
        "Diluted EPS": NaN,
        "Basic EPS": NaN,
        "Diluted NI Availto Com Stockholders": 2037000.0,
        "Net Income Common Stockholders": 2037000.0,
        "Net Income": 2037000.0,
        "Net Income Including Noncontrolling Interests": 2037000.0,
        "Net Income Continuous Operations": 2037000.0,
        "Tax Provision": 702000.0,
        "Pretax Income": 2739000.0,
        "Other Income Expense": -238000.0,
        "Other Non Operating Income Expenses": -64000.0,
        "Gain On Sale Of Security": -174000.0,
        "Net Non Operating Interest Income Expense": -197000.0,
        "Interest Expense Non Operating": 205000.0,
        "Interest Income Non Operating": 8000.0,
        "Operating Income": 3174000.0,
        "Operating Expense": 2023000.0,
        "Selling General And Administration": 3447000.0,
        "Gross Profit": 5197000.0,
        "Cost Of Revenue": 30697000.0,
        "Total Revenue": 35894000.0,
        "Operating Revenue": 35894000.0
    },
    "2023-09-30": {
        "Tax Effect Of Unusual Items": -59278.0,
        "Tax Rate For Calcs": 0.214,
        "Normalized EBITDA": 634000.0,
        "Total Unusual Items": -277000.0,
        "Total Unusual Items Excluding Goodwill": -277000.0,
        "Net Income From Continuing Operation Net Minority Interest": -695000.0,
        "Reconciled Depreciation": 1148000.0,
        "Reconciled Cost Of Revenue": 30832000.0,
        "EBITDA": 357000.0,
        "EBIT": -791000.0,
        "Net Interest Income": -84000.0,
        "Interest Expense": 93000.0,
        "Interest Income": 9000.0,
        "Normalized Income": -477278.0,
        "Net Income From Continuing And Discontinued Operation": -695000.0,
        "Total Expenses": 34513000.0,
        "Total Operating Income As Reported": -544000.0,
        "Diluted Average Shares": 5850131.0,
        "Basic Average Shares": 5850131.0,
        "Diluted EPS": -0.12,
        "Basic EPS": -0.12,
        "Diluted NI Availto Com Stockholders": -695000.0,
        "Net Income Common Stockholders": -695000.0,
        "Net Income": -695000.0,
        "Net Income Including Noncontrolling Interests": -695000.0,
        "Net Income Continuous Operations": -695000.0,
        "Tax Provision": -189000.0,
        "Pretax Income": -884000.0,
        "Other Income Expense": -256000.0,
        "Other Non Operating Income Expenses": 21000.0,
        "Gain On Sale Of Security": -277000.0,
        "Net Non Operating Interest Income Expense": -84000.0,
        "Interest Expense Non Operating": 93000.0,
        "Interest Income Non Operating": 9000.0,
        "Operating Income": -544000.0,
        "Operating Expense": 3681000.0,
        "Selling General And Administration": 3681000.0,
        "Gross Profit": 3137000.0,
        "Cost Of Revenue": 30832000.0,
        "Total Revenue": 33969000.0,
        "Operating Revenue": 33969000.0
    },
    "2023-12-31": {
        "Tax Effect Of Unusual Items": -47760.0,
        "Tax Rate For Calcs": 0.199,
        "Normalized EBITDA": -2328000.0,
        "Total Unusual Items": -240000.0,
        "Total Unusual Items Excluding Goodwill": -240000.0,
        "Net Income From Continuing Operation Net Minority Interest": -3070000.0,
        "Reconciled Depreciation": 1193000.0,
        "Reconciled Cost Of Revenue": 24815000.0,
        "EBITDA": -2568000.0,
        "EBIT": -3761000.0,
        "Net Interest Income": -57000.0,
        "Interest Expense": 70000.0,
        "Interest Income": 13000.0,
        "Normalized Income": -2877760.0,
        "Net Income From Continuing And Discontinued Operation": -3070000.0,
        "Total Expenses": 28715000.0,
        "Total Operating Income As Reported": -3513000.0,
        "Diluted Average Shares": 5850131.0,
        "Basic Average Shares": 5850131.0,
        "Diluted EPS": -0.52,
        "Basic EPS": -0.52,
        "Diluted NI Availto Com Stockholders": -3070000.0,
        "Net Income Common Stockholders": -3070000.0,
        "Net Income": -3070000.0,
        "Net Income Including Noncontrolling Interests": -3070000.0,
        "Net Income Continuous Operations": -3070000.0,
        "Tax Provision": -761000.0,
        "Pretax Income": -3831000.0,
        "Other Income Expense": -261000.0,
        "Other Non Operating Income Expenses": -21000.0,
        "Gain On Sale Of Security": -240000.0,
        "Net Non Operating Interest Income Expense": -57000.0,
        "Interest Expense Non Operating": 70000.0,
        "Interest Income Non Operating": 13000.0,
        "Operating Income": -3513000.0,
        "Operating Expense": 3900000.0,
        "Selling General And Administration": 3900000.0,
        "Gross Profit": 387000.0,
        "Cost Of Revenue": 24815000.0,
        "Total Revenue": 25202000.0,
        "Operating Revenue": 25202000.0
    },
    "2024-03-31": {
        "Tax Effect Of Unusual Items": -4554.0,
        "Tax Rate For Calcs": 0.198,
        "Normalized EBITDA": -773000.0,
        "Total Unusual Items": -23000.0,
        "Total Unusual Items Excluding Goodwill": -23000.0,
        "Net Income From Continuing Operation Net Minority Interest": -1578000.0,
        "Reconciled Depreciation": 1098000.0,
        "Reconciled Cost Of Revenue": 23214000.0,
        "EBITDA": -796000.0,
        "EBIT": -1894000.0,
        "Net Interest Income": 5000.0,
        "Interest Expense": 74000.0,
        "Interest Income": 79000.0,
        "Normalized Income": -1559554.0,
        "Net Income From Continuing And Discontinued Operation": -1578000.0,
        "Total Expenses": 27088000.0,
        "Total Operating Income As Reported": -1952000.0,
        "Diluted Average Shares": 5867528.0,
        "Basic Average Shares": 5867528.0,
        "Diluted EPS": -0.27,
        "Basic EPS": -0.27,
        "Diluted NI Availto Com Stockholders": -1578000.0,
        "Net Income Common Stockholders": -1578000.0,
        "Net Income": -1578000.0,
        "Net Income Including Noncontrolling Interests": -1578000.0,
        "Net Income Continuous Operations": -1578000.0,
        "Tax Provision": -390000.0,
        "Pretax Income": -1968000.0,
        "Other Income Expense": -21000.0,
        "Other Non Operating Income Expenses": 2000.0,
        "Gain On Sale Of Security": -23000.0,
        "Net Non Operating Interest Income Expense": 5000.0,
        "Interest Expense Non Operating": 74000.0,
        "Interest Income Non Operating": 79000.0,
        "Operating Income": -1952000.0,
        "Operating Expense": 3874000.0,
        "Selling General And Administration": 3874000.0,
        "Gross Profit": 1922000.0,
        "Cost Of Revenue": 23214000.0,
        "Total Revenue": 25136000.0,
        "Operating Revenue": 25136000.0
    }
}