{
    "2023-04-30": {
        "Tax Effect Of Unusual Items": NaN,
        "Tax Rate For Calcs": NaN,
        "Normalized EBITDA": NaN,
        "Net Income From Continuing Operation Net Minority Interest": NaN,
        "Reconciled Depreciation": NaN,
        "Reconciled Cost Of Revenue": NaN,
        "EBITDA": NaN,
        "EBIT": NaN,
        "Net Interest Income": NaN,
        "Interest Expense": NaN,
        "Normalized Income": NaN,
        "Net Income From Continuing And Discontinued Operation": NaN,
        "Total Expenses": NaN,
        "Total Operating Income As Reported": NaN,
        "Diluted Average Shares": 115367455.0,
        "Basic Average Shares": 115255671.0,
        "Diluted EPS": 0.15,
        "Basic EPS": 0.15,
        "Diluted NI Availto Com Stockholders": NaN,
        "Net Income Common Stockholders": NaN,
        "Net Income": NaN,
        "Minority Interests": NaN,
        "Net Income Including Noncontrolling Interests": NaN,
        "Net Income Continuous Operations": NaN,
        "Tax Provision": NaN,
        "Pretax Income": NaN,
        "Other Income Expense": NaN,
        "Other Non Operating Income Expenses": NaN,
        "Net Non Operating Interest Income Expense": NaN,
        "Interest Expense Non Operating": NaN,
        "Operating Income": NaN,
        "Operating Expense": NaN,
        "Selling General And Administration": NaN,
        "Selling And Marketing Expense": NaN,
        "General And Administrative Expense": NaN,
        "Other Gand A": NaN,
        "Gross Profit": NaN,
        "Cost Of Revenue": NaN,
        "Total Revenue": NaN,
        "Excise Taxes": NaN,
        "Operating Revenue": NaN
    },
    "2023-01-31": {
        "Tax Effect Of Unusual Items": 0.0,
        "Tax Rate For Calcs": 0.261,
        "Normalized EBITDA": 30397000.0,
        "Net Income From Continuing Operation Net Minority Interest": 14917000.0,
        "Reconciled Depreciation": 7533000.0,
        "Reconciled Cost Of Revenue": 48302000.0,
        "EBITDA": 30397000.0,
        "EBIT": 22864000.0,
        "Net Interest Income": -2684000.0,
        "Interest Expense": 2684000.0,
        "Normalized Income": 14917000.0,
        "Net Income From Continuing And Discontinued Operation": 14917000.0,
        "Total Expenses": 77881000.0,
        "Total Operating Income As Reported": 25607000.0,
        "Diluted Average Shares": 115327660.0,
        "Basic Average Shares": 115191575.0,
        "Diluted EPS": 0.13,
        "Basic EPS": 0.13,
        "Diluted NI Availto Com Stockholders": 14917000.0,
        "Net Income Common Stockholders": 14917000.0,
        "Net Income": 14917000.0,
        "Minority Interests": 2000.0,
        "Net Income Including Noncontrolling Interests": 14915000.0,
        "Net Income Continuous Operations": 14915000.0,
        "Tax Provision": 5265000.0,
        "Pretax Income": 20180000.0,
        "Other Income Expense": -2743000.0,
        "Other Non Operating Income Expenses": -2743000.0,
        "Net Non Operating Interest Income Expense": -2684000.0,
        "Interest Expense Non Operating": 2684000.0,
        "Operating Income": 25607000.0,
        "Operating Expense": 29579000.0,
        "Selling General And Administration": 29579000.0,
        "Selling And Marketing Expense": 14956000.0,
        "General And Administrative Expense": 14623000.0,
        "Other Gand A": 14623000.0,
        "Gross Profit": 55186000.0,
        "Cost Of Revenue": 48302000.0,
        "Total Revenue": 103488000.0,
        "Excise Taxes": 1469000.0,
        "Operating Revenue": 104957000.0
    },
    "2022-10-31": {
        "Tax Effect Of Unusual Items": 0.0,
        "Tax Rate For Calcs": 0.263,
        "Normalized EBITDA": 34815000.0,
        "Net Income From Continuing Operation Net Minority Interest": 19815000.0,
        "Reconciled Depreciation": 5757000.0,
        "Reconciled Cost Of Revenue": 53461000.0,
        "EBITDA": 34815000.0,
        "EBIT": 29058000.0,
        "Net Interest Income": -2162000.0,
        "Interest Expense": 2162000.0,
        "Normalized Income": 19815000.0,
        "Net Income From Continuing And Discontinued Operation": 19815000.0,
        "Total Expenses": 79200000.0,
        "Total Operating Income As Reported": 28971000.0,
        "Diluted Average Shares": 115275692.0,
        "Basic Average Shares": 115184161.0,
        "Diluted EPS": 0.17,
        "Basic EPS": 0.17,
        "Diluted NI Availto Com Stockholders": 19815000.0,
        "Net Income Common Stockholders": 19815000.0,
        "Net Income": 19815000.0,
        "Minority Interests": 6000.0,
        "Net Income Including Noncontrolling Interests": 19809000.0,
        "Net Income Continuous Operations": 19809000.0,
        "Tax Provision": 7087000.0,
        "Pretax Income": 26896000.0,
        "Other Income Expense": 87000.0,
        "Other Non Operating Income Expenses": 87000.0,
        "Net Non Operating Interest Income Expense": -2162000.0,
        "Interest Expense Non Operating": 2162000.0,
        "Operating Income": 28971000.0,
        "Operating Expense": 25739000.0,
        "Selling General And Administration": 25739000.0,
        "Selling And Marketing Expense": 15816000.0,
        "General And Administrative Expense": 9923000.0,
        "Other Gand A": 9923000.0,
        "Gross Profit": 54710000.0,
        "Cost Of Revenue": 53461000.0,
        "Total Revenue": 108171000.0,
        "Excise Taxes": 1584000.0,
        "Operating Revenue": 109755000.0
    },
    "2022-07-31": {
        "Tax Effect Of Unusual Items": 0.0,
        "Tax Rate For Calcs": 0.21,
        "Normalized EBITDA": 11380000.0,
        "Total Unusual Items": 0.0,
        "Total Unusual Items Excluding Goodwill": 0.0,
        "Net Income From Continuing Operation Net Minority Interest": 5420000.0,
        "Reconciled Depreciation": 6082000.0,
        "Reconciled Cost Of Revenue": 38678000.0,
        "EBITDA": 11380000.0,
        "EBIT": 11380000.0,
        "Net Interest Income": -1917000.0,
        "Interest Expense": 1917000.0,
        "Normalized Income": 5420000.0,
        "Net Income From Continuing And Discontinued Operation": 5420000.0,
        "Total Expenses": 66366000.0,
        "Total Operating Income As Reported": 11643000.0,
        "Diluted Average Shares": 115410888.0,
        "Basic Average Shares": 115174059.0,
        "Diluted EPS": 0.05,
        "Basic EPS": 0.05,
        "Diluted NI Availto Com Stockholders": 5420000.0,
        "Net Income Common Stockholders": 5420000.0,
        "Net Income": 5420000.0,
        "Minority Interests": -2000.0,
        "Net Income Including Noncontrolling Interests": 5422000.0,
        "Net Income Continuous Operations": 5422000.0,
        "Tax Provision": 4041000.0,
        "Pretax Income": 9463000.0,
        "Other Income Expense": -263000.0,
        "Other Non Operating Income Expenses": -263000.0,
        "Special Income Charges": 0.0,
        "Other Special Charges": 0.0,
        "Net Non Operating Interest Income Expense": -1917000.0,
        "Interest Expense Non Operating": 1917000.0,
        "Operating Income": 11643000.0,
        "Operating Expense": 27688000.0,
        "Selling General And Administration": 27688000.0,
        "Selling And Marketing Expense": 14652000.0,
        "General And Administrative Expense": 13036000.0,
        "Other Gand A": 13036000.0,
        "Gross Profit": 39331000.0,
        "Cost Of Revenue": 38678000.0,
        "Total Revenue": 78009000.0,
        "Excise Taxes": 1059000.0,
        "Operating Revenue": 79068000.0
    },
    "2022-04-30": {
        "Diluted EPS": 0.14,
        "Total Revenue": 92,
        "Gross Profit": 44,
        "Operating Income": 21,
        "EBIT": 28,
        "Net Income": 16
    },
    "2022-01-31": {
        "Diluted EPS": 0.16,
        "Total Revenue": 99,
        "Gross Profit": 49,
        "Operating Income": 26,
        "EBIT": 32,
        "Net Income": 18
    },
    "2021-10-31": {
        "Diluted EPS": 0.18,
        "Total Revenue": 104,
        "Gross Profit": 52,
        "Operating Income": 29,
        "EBIT": 34,
        "Net Income": 21
    },
    "2021-07-31": {
        "Diluted EPS": 0.05,
        "Total Revenue": 71,
        "Gross Profit": 34,
        "Operating Income": 10,
        "EBIT": 15,
        "Net Income": 7
    },
    "2021-04-30": {
        "Diluted EPS": 0.08,
        "Total Revenue": 90,
        "Gross Profit": 47,
        "Operating Income": 16,
        "EBIT": 22,
        "Net Income": 9
    },
    "2021-01-31": {
        "Diluted EPS": 0.22,
        "Total Revenue": 84,
        "Gross Profit": 42,
        "Operating Income": 32,
        "EBIT": 38,
        "Net Income": 22
    },
    "2020-10-31": {
        "Diluted EPS": 0.17,
        "Total Revenue": 92,
        "Gross Profit": 44,
        "Operating Income": 26,
        "EBIT": 31,
        "Net Income": 18
    },
    "2020-07-31": {
        "Diluted EPS": 0.0,
        "Total Revenue": NaN,
        "Gross Profit": NaN,
        "Operating Income": NaN,
        "EBIT": NaN,
        "Net Income": NaN
    },
    "2020-04-30": {
        "Diluted EPS": 0.11,
        "Total Revenue": 69,
        "Gross Profit": 36,
        "Operating Income": 23,
        "EBIT": 23,
        "Net Income": 12
    },
    "2019-07-31": {
        "Diluted EPS": 0.0,
        "Total Revenue": NaN,
        "Gross Profit": NaN,
        "Operating Income": NaN,
        "EBIT": NaN,
        "Net Income": NaN
    },
    "2023-07-31": {
        "Tax Effect Of Unusual Items": 0.0,
        "Tax Rate For Calcs": 0.277518,
        "Normalized EBITDA": 35715000.0,
        "Net Income From Continuing Operation Net Minority Interest": 17769000.0,
        "Reconciled Depreciation": 7240000.0,
        "Reconciled Cost Of Revenue": 44813000.0,
        "EBITDA": 35715000.0,
        "EBIT": 28475000.0,
        "Net Interest Income": -3882000.0,
        "Interest Expense": 3882000.0,
        "Normalized Income": 17769000.0,
        "Net Income From Continuing And Discontinued Operation": 17769000.0,
        "Total Expenses": 75217000.0,
        "Total Operating Income As Reported": 24878000.0,
        "Diluted Average Shares": 115355026.0,
        "Basic Average Shares": 115302619.0,
        "Diluted EPS": 0.15,
        "Basic EPS": 0.15,
        "Diluted NI Availto Com Stockholders": 17769000.0,
        "Net Income Common Stockholders": 17769000.0,
        "Net Income": 17769000.0,
        "Minority Interests": 1000.0,
        "Net Income Including Noncontrolling Interests": 17768000.0,
        "Net Income Continuous Operations": 17768000.0,
        "Tax Provision": 6825000.0,
        "Pretax Income": 24593000.0,
        "Other Income Expense": 3597000.0,
        "Other Non Operating Income Expenses": 3597000.0,
        "Net Non Operating Interest Income Expense": -3882000.0,
        "Interest Expense Non Operating": 3882000.0,
        "Operating Income": 24878000.0,
        "Operating Expense": 30404000.0,
        "Selling General And Administration": 30404000.0,
        "Selling And Marketing Expense": 17068000.0,
        "General And Administrative Expense": 13336000.0,
        "Other Gand A": 13336000.0,
        "Gross Profit": 55282000.0,
        "Cost Of Revenue": 44813000.0,
        "Total Revenue": 100095000.0,
        "Excise Taxes": 1267000.0,
        "Operating Revenue": 101362000.0
    },
    "2023-10-31": {
        "Tax Effect Of Unusual Items": 0.0,
        "Tax Rate For Calcs": 0.266,
        "Normalized EBITDA": 32512000.0,
        "Net Income From Continuing Operation Net Minority Interest": 15537000.0,
        "Reconciled Depreciation": 7329000.0,
        "Reconciled Cost Of Revenue": 48656000.0,
        "EBITDA": 32512000.0,
        "EBIT": 25183000.0,
        "Net Interest Income": -4004000.0,
        "Interest Expense": 4004000.0,
        "Normalized Income": 15537000.0,
        "Net Income From Continuing And Discontinued Operation": 15537000.0,
        "Total Expenses": 79139000.0,
        "Total Operating Income As Reported": 23370000.0,
        "Diluted Average Shares": 115451719.0,
        "Basic Average Shares": 115339774.0,
        "Diluted EPS": 0.13,
        "Basic EPS": 0.13,
        "Diluted NI Availto Com Stockholders": 15537000.0,
        "Net Income Common Stockholders": 15537000.0,
        "Net Income": 15537000.0,
        "Minority Interests": -13000.0,
        "Net Income Including Noncontrolling Interests": 15550000.0,
        "Net Income Continuous Operations": 15550000.0,
        "Tax Provision": 5629000.0,
        "Pretax Income": 21179000.0,
        "Other Income Expense": 1813000.0,
        "Other Non Operating Income Expenses": 1813000.0,
        "Net Non Operating Interest Income Expense": -4004000.0,
        "Interest Expense Non Operating": 4004000.0,
        "Operating Income": 23370000.0,
        "Operating Expense": 30483000.0,
        "Selling General And Administration": 30483000.0,
        "Selling And Marketing Expense": 15444000.0,
        "General And Administrative Expense": 15039000.0,
        "Other Gand A": 15039000.0,
        "Gross Profit": 53853000.0,
        "Cost Of Revenue": 48656000.0,
        "Total Revenue": 102509000.0,
        "Excise Taxes": 1394000.0,
        "Operating Revenue": 103903000.0
    },
    "2024-01-31": {
        "Tax Effect Of Unusual Items": 0.0,
        "Tax Rate For Calcs": 0.275,
        "Normalized EBITDA": 36083000.0,
        "Net Income From Continuing Operation Net Minority Interest": 15857000.0,
        "Reconciled Depreciation": 9708000.0,
        "Reconciled Cost Of Revenue": 44727000.0,
        "EBITDA": 36083000.0,
        "EBIT": 26375000.0,
        "Net Interest Income": -4500000.0,
        "Interest Expense": 4500000.0,
        "Normalized Income": 15857000.0,
        "Net Income From Continuing And Discontinued Operation": 15857000.0,
        "Total Expenses": 73974000.0,
        "Total Operating Income As Reported": 29071000.0,
        "Diluted Average Shares": 115415348.0,
        "Basic Average Shares": 115376711.0,
        "Diluted EPS": 0.14,
        "Basic EPS": 0.14,
        "Diluted NI Availto Com Stockholders": 15857000.0,
        "Net Income Common Stockholders": 15857000.0,
        "Net Income": 15857000.0,
        "Minority Interests": 3000.0,
        "Net Income Including Noncontrolling Interests": 15854000.0,
        "Net Income Continuous Operations": 15854000.0,
        "Tax Provision": 6021000.0,
        "Pretax Income": 21875000.0,
        "Other Income Expense": -2696000.0,
        "Other Non Operating Income Expenses": -2696000.0,
        "Net Non Operating Interest Income Expense": -4500000.0,
        "Interest Expense Non Operating": 4500000.0,
        "Operating Income": 29071000.0,
        "Operating Expense": 29247000.0,
        "Selling General And Administration": 29247000.0,
        "Selling And Marketing Expense": 15579000.0,
        "General And Administrative Expense": 13668000.0,
        "Other Gand A": 13668000.0,
        "Gross Profit": 58318000.0,
        "Cost Of Revenue": 44727000.0,
        "Total Revenue": 103045000.0,
        "Excise Taxes": 1407000.0,
        "Operating Revenue": 104452000.0
    },
    "2024-04-30": {
        "Tax Effect Of Unusual Items": 0.0,
        "Tax Rate For Calcs": 0.341,
        "Normalized EBITDA": 34419000.0,
        "Net Income From Continuing Operation Net Minority Interest": 13323000.0,
        "Reconciled Depreciation": 9661000.0,
        "Reconciled Cost Of Revenue": 41089000.0,
        "EBITDA": 34419000.0,
        "EBIT": 24758000.0,
        "Net Interest Income": -4531000.0,
        "Interest Expense": 4531000.0,
        "Normalized Income": 13323000.0,
        "Net Income From Continuing And Discontinued Operation": 13323000.0,
        "Total Expenses": 70828000.0,
        "Total Operating Income As Reported": 21704000.0,
        "Diluted Average Shares": 115834119.0,
        "Basic Average Shares": 115804326.0,
        "Diluted EPS": 0.12,
        "Basic EPS": 0.12,
        "Diluted NI Availto Com Stockholders": 13323000.0,
        "Net Income Common Stockholders": 13323000.0,
        "Net Income": 13323000.0,
        "Minority Interests": 2000.0,
        "Net Income Including Noncontrolling Interests": 13321000.0,
        "Net Income Continuous Operations": 13321000.0,
        "Tax Provision": 6906000.0,
        "Pretax Income": 20227000.0,
        "Other Income Expense": 3054000.0,
        "Other Non Operating Income Expenses": 3054000.0,
        "Net Non Operating Interest Income Expense": -4531000.0,
        "Interest Expense Non Operating": 4531000.0,
        "Operating Income": 21704000.0,
        "Operating Expense": 29739000.0,
        "Selling General And Administration": 29739000.0,
        "Selling And Marketing Expense": 13572000.0,
        "General And Administrative Expense": 16167000.0,
        "Other Gand A": 16167000.0,
        "Gross Profit": 51443000.0,
        "Cost Of Revenue": 41089000.0,
        "Total Revenue": 92532000.0,
        "Excise Taxes": 1114000.0,
        "Operating Revenue": 93646000.0
    },
    "2024-07-31": {
        "Tax Effect Of Unusual Items": 0.0,
        "Tax Rate For Calcs": 0.165916,
        "Normalized EBITDA": 29081000.0,
        "Net Income From Continuing Operation Net Minority Interest": 11296000.0,
        "Reconciled Depreciation": 10470000.0,
        "Reconciled Cost Of Revenue": 56083000.0,
        "EBITDA": 29081000.0,
        "EBIT": 18611000.0,
        "Net Interest Income": -5068000.0,
        "Interest Expense": 5068000.0,
        "Normalized Income": 11296000.0,
        "Net Income From Continuing And Discontinued Operation": 11296000.0,
        "Total Expenses": 86697000.0,
        "Total Operating Income As Reported": 20698000.0,
        "Diluted Average Shares": NaN,
        "Basic Average Shares": NaN,
        "Diluted EPS": NaN,
        "Basic EPS": NaN,
        "Diluted NI Availto Com Stockholders": 11296000.0,
        "Net Income Common Stockholders": 11296000.0,
        "Net Income": 11296000.0,
        "Minority Interests": 0.0,
        "Net Income Including Noncontrolling Interests": 11296000.0,
        "Net Income Continuous Operations": 11296000.0,
        "Tax Provision": 2247000.0,
        "Pretax Income": 13543000.0,
        "Other Income Expense": -2087000.0,
        "Other Non Operating Income Expenses": -2087000.0,
        "Net Non Operating Interest Income Expense": -5068000.0,
        "Interest Expense Non Operating": 5068000.0,
        "Operating Income": 20698000.0,
        "Operating Expense": 30614000.0,
        "Selling General And Administration": 30614000.0,
        "Selling And Marketing Expense": 14966000.0,
        "General And Administrative Expense": 15648000.0,
        "Other Gand A": 15648000.0,
        "Gross Profit": 51312000.0,
        "Cost Of Revenue": 56083000.0,
        "Total Revenue": 107395000.0,
        "Excise Taxes": 1570000.0,
        "Operating Revenue": 108965000.0
    }
}