{
    "2023-03-31": {
        "Tax Effect Of Unusual Items": NaN,
        "Tax Rate For Calcs": NaN,
        "Normalized EBITDA": NaN,
        "Total Unusual Items": 0.0,
        "Total Unusual Items Excluding Goodwill": 0.0,
        "Net Income From Continuing Operation Net Minority Interest": NaN,
        "Reconciled Depreciation": NaN,
        "Reconciled Cost Of Revenue": NaN,
        "EBITDA": NaN,
        "EBIT": NaN,
        "Net Interest Income": NaN,
        "Interest Expense": NaN,
        "Interest Income": NaN,
        "Normalized Income": NaN,
        "Net Income From Continuing And Discontinued Operation": NaN,
        "Total Expenses": NaN,
        "Total Operating Income As Reported": NaN,
        "Diluted Average Shares": 54756024.0,
        "Basic Average Shares": 54756024.0,
        "Diluted EPS": -0.04,
        "Basic EPS": -0.04,
        "Diluted NI Availto Com Stockholders": NaN,
        "Net Income Common Stockholders": NaN,
        "Net Income": NaN,
        "Net Income Including Noncontrolling Interests": NaN,
        "Net Income Continuous Operations": NaN,
        "Tax Provision": NaN,
        "Pretax Income": NaN,
        "Other Income Expense": NaN,
        "Other Non Operating Income Expenses": NaN,
        "Special Income Charges": 0.0,
        "Restructuring And Mergern Acquisition": 0.0,
        "Net Non Operating Interest Income Expense": NaN,
        "Interest Expense Non Operating": NaN,
        "Interest Income Non Operating": NaN,
        "Operating Income": NaN,
        "Operating Expense": NaN,
        "Depreciation Amortization Depletion Income Statement": 0.0,
        "Depreciation And Amortization In Income Statement": 0.0,
        "Amortization": 0.0,
        "Amortization Of Intangibles Income Statement": 0.0,
        "Research And Development": NaN,
        "Selling General And Administration": NaN,
        "Gross Profit": NaN,
        "Cost Of Revenue": NaN,
        "Total Revenue": NaN,
        "Operating Revenue": NaN
    },
    "2022-12-31": {
        "Tax Effect Of Unusual Items": NaN,
        "Tax Rate For Calcs": NaN,
        "Normalized EBITDA": NaN,
        "Total Unusual Items": NaN,
        "Total Unusual Items Excluding Goodwill": NaN,
        "Net Income From Continuing Operation Net Minority Interest": NaN,
        "Reconciled Depreciation": NaN,
        "Reconciled Cost Of Revenue": NaN,
        "EBITDA": NaN,
        "EBIT": NaN,
        "Net Interest Income": NaN,
        "Interest Expense": NaN,
        "Interest Income": NaN,
        "Normalized Income": NaN,
        "Net Income From Continuing And Discontinued Operation": NaN,
        "Total Expenses": NaN,
        "Total Operating Income As Reported": NaN,
        "Diluted Average Shares": 53610347.0,
        "Basic Average Shares": 53610347.0,
        "Diluted EPS": -0.11,
        "Basic EPS": -0.11,
        "Diluted NI Availto Com Stockholders": NaN,
        "Net Income Common Stockholders": NaN,
        "Net Income": NaN,
        "Net Income Including Noncontrolling Interests": NaN,
        "Net Income Continuous Operations": NaN,
        "Tax Provision": NaN,
        "Pretax Income": NaN,
        "Other Income Expense": NaN,
        "Other Non Operating Income Expenses": NaN,
        "Special Income Charges": NaN,
        "Restructuring And Mergern Acquisition": NaN,
        "Net Non Operating Interest Income Expense": NaN,
        "Interest Expense Non Operating": NaN,
        "Interest Income Non Operating": NaN,
        "Operating Income": NaN,
        "Operating Expense": NaN,
        "Depreciation Amortization Depletion Income Statement": NaN,
        "Depreciation And Amortization In Income Statement": NaN,
        "Amortization": NaN,
        "Amortization Of Intangibles Income Statement": NaN,
        "Research And Development": NaN,
        "Selling General And Administration": NaN,
        "Gross Profit": NaN,
        "Cost Of Revenue": NaN,
        "Total Revenue": NaN,
        "Operating Revenue": NaN
    },
    "2022-09-30": {
        "Tax Effect Of Unusual Items": 0.0,
        "Tax Rate For Calcs": 0.09,
        "Normalized EBITDA": -7495000.0,
        "Net Income From Continuing Operation Net Minority Interest": -10153000.0,
        "Reconciled Depreciation": 1744000.0,
        "Reconciled Cost Of Revenue": 11064000.0,
        "EBITDA": -7495000.0,
        "EBIT": -9239000.0,
        "Net Interest Income": 544000.0,
        "Interest Expense": 74000.0,
        "Interest Income": 618000.0,
        "Normalized Income": -10153000.0,
        "Net Income From Continuing And Discontinued Operation": -10153000.0,
        "Total Expenses": 106002000.0,
        "Total Operating Income As Reported": -9798000.0,
        "Diluted Average Shares": 53491625.0,
        "Basic Average Shares": 53491625.0,
        "Diluted EPS": -0.19,
        "Basic EPS": -0.19,
        "Diluted NI Availto Com Stockholders": -10153000.0,
        "Net Income Common Stockholders": -10153000.0,
        "Net Income": -10153000.0,
        "Net Income Including Noncontrolling Interests": -10153000.0,
        "Net Income Continuous Operations": -10153000.0,
        "Tax Provision": 840000.0,
        "Pretax Income": -9313000.0,
        "Other Income Expense": -59000.0,
        "Other Non Operating Income Expenses": -59000.0,
        "Net Non Operating Interest Income Expense": 544000.0,
        "Interest Expense Non Operating": 74000.0,
        "Interest Income Non Operating": 618000.0,
        "Operating Income": -9798000.0,
        "Operating Expense": 94938000.0,
        "Research And Development": 19105000.0,
        "Selling General And Administration": 75833000.0,
        "Gross Profit": 85140000.0,
        "Cost Of Revenue": 11064000.0,
        "Total Revenue": 96204000.0,
        "Operating Revenue": 96204000.0
    },
    "2022-06-30": {
        "Tax Effect Of Unusual Items": 0.0,
        "Tax Rate For Calcs": 0.4,
        "Normalized EBITDA": -7044000.0,
        "Net Income From Continuing Operation Net Minority Interest": -10187000.0,
        "Reconciled Depreciation": 1818000.0,
        "Reconciled Cost Of Revenue": 10347000.0,
        "EBITDA": -7044000.0,
        "EBIT": -8862000.0,
        "Net Interest Income": 141000.0,
        "Interest Expense": 73000.0,
        "Interest Income": 214000.0,
        "Normalized Income": -10187000.0,
        "Net Income From Continuing And Discontinued Operation": -10187000.0,
        "Total Expenses": 102072000.0,
        "Total Operating Income As Reported": -9328000.0,
        "Diluted Average Shares": 53183767.0,
        "Basic Average Shares": 53183767.0,
        "Diluted EPS": -0.19,
        "Basic EPS": -0.19,
        "Diluted NI Availto Com Stockholders": -10187000.0,
        "Net Income Common Stockholders": -10187000.0,
        "Net Income": -10187000.0,
        "Net Income Including Noncontrolling Interests": -10187000.0,
        "Net Income Continuous Operations": -10187000.0,
        "Tax Provision": 1252000.0,
        "Pretax Income": -8935000.0,
        "Other Income Expense": 252000.0,
        "Other Non Operating Income Expenses": 252000.0,
        "Net Non Operating Interest Income Expense": 141000.0,
        "Interest Expense Non Operating": 73000.0,
        "Interest Income Non Operating": 214000.0,
        "Operating Income": -9328000.0,
        "Operating Expense": 91725000.0,
        "Research And Development": 18569000.0,
        "Selling General And Administration": 73156000.0,
        "Gross Profit": 82397000.0,
        "Cost Of Revenue": 10347000.0,
        "Total Revenue": 92744000.0,
        "Operating Revenue": 92744000.0
    },
    "2023-06-30": {
        "Tax Effect Of Unusual Items": NaN,
        "Tax Rate For Calcs": NaN,
        "Normalized EBITDA": NaN,
        "Total Unusual Items": 0.0,
        "Total Unusual Items Excluding Goodwill": 0.0,
        "Net Income From Continuing Operation Net Minority Interest": NaN,
        "Reconciled Depreciation": NaN,
        "Reconciled Cost Of Revenue": NaN,
        "EBITDA": NaN,
        "EBIT": NaN,
        "Net Interest Income": NaN,
        "Interest Expense": NaN,
        "Interest Income": NaN,
        "Normalized Income": NaN,
        "Net Income From Continuing And Discontinued Operation": NaN,
        "Total Expenses": NaN,
        "Total Operating Income As Reported": NaN,
        "Diluted Average Shares": 58496350.0,
        "Basic Average Shares": 57207902.0,
        "Diluted EPS": 0.04,
        "Basic EPS": 0.04,
        "Diluted NI Availto Com Stockholders": NaN,
        "Net Income Common Stockholders": NaN,
        "Net Income": NaN,
        "Net Income Including Noncontrolling Interests": NaN,
        "Net Income Continuous Operations": NaN,
        "Tax Provision": NaN,
        "Pretax Income": NaN,
        "Other Income Expense": NaN,
        "Other Non Operating Income Expenses": NaN,
        "Special Income Charges": 0.0,
        "Restructuring And Mergern Acquisition": 0.0,
        "Net Non Operating Interest Income Expense": NaN,
        "Interest Expense Non Operating": NaN,
        "Interest Income Non Operating": NaN,
        "Operating Income": NaN,
        "Operating Expense": NaN,
        "Depreciation Amortization Depletion Income Statement": 0.0,
        "Depreciation And Amortization In Income Statement": 0.0,
        "Amortization": 0.0,
        "Amortization Of Intangibles Income Statement": 0.0,
        "Research And Development": NaN,
        "Selling General And Administration": NaN,
        "Gross Profit": NaN,
        "Cost Of Revenue": NaN,
        "Total Revenue": NaN,
        "Operating Revenue": NaN
    },
    "2022-03-31": {
        "Diluted EPS": -0.06,
        "Total Revenue": 87,
        "Gross Profit": 77,
        "Operating Income": -3,
        "EBIT": -1,
        "Net Income": -3
    },
    "2021-12-31": {
        "Diluted EPS": 0.04,
        "Total Revenue": 83,
        "Gross Profit": 75,
        "Operating Income": 2,
        "EBIT": 3,
        "Net Income": 1
    },
    "2021-09-30": {
        "Diluted EPS": -0.06,
        "Total Revenue": 73,
        "Gross Profit": 66,
        "Operating Income": -3,
        "EBIT": -2,
        "Net Income": -3
    },
    "2021-06-30": {
        "Diluted EPS": 0.07,
        "Total Revenue": 63,
        "Gross Profit": 59,
        "Operating Income": 4,
        "EBIT": 5,
        "Net Income": 4
    },
    "2021-03-31": {
        "Diluted EPS": 0.13,
        "Total Revenue": 57,
        "Gross Profit": 53,
        "Operating Income": 8,
        "EBIT": 9,
        "Net Income": 7
    },
    "2020-12-31": {
        "Diluted EPS": 0.22,
        "Total Revenue": 49,
        "Gross Profit": 45,
        "Operating Income": 7,
        "EBIT": 7,
        "Net Income": 7
    },
    "2020-09-30": {
        "Diluted EPS": 0.12,
        "Total Revenue": 39,
        "Gross Profit": 35,
        "Operating Income": 7,
        "EBIT": 8,
        "Net Income": 6
    },
    "2020-06-30": {
        "Diluted EPS": -0.16,
        "Total Revenue": 25,
        "Gross Profit": 22,
        "Operating Income": -1,
        "EBIT": 0,
        "Net Income": -4
    },
    "2020-03-31": {
        "Diluted EPS": 0.09,
        "Total Revenue": 27,
        "Gross Profit": 24,
        "Operating Income": 5,
        "EBIT": 5,
        "Net Income": 4
    },
    "2019-12-31": {
        "Diluted EPS": 0.0,
        "Total Revenue": NaN,
        "Gross Profit": NaN,
        "Operating Income": NaN,
        "EBIT": NaN,
        "Net Income": NaN
    },
    "2019-09-30": {
        "Diluted EPS": 0.01,
        "Total Revenue": 14,
        "Gross Profit": 13,
        "Operating Income": 1,
        "EBIT": 1,
        "Net Income": 0
    },
    "2019-06-30": {
        "Diluted EPS": -0.17,
        "Total Revenue": 10,
        "Gross Profit": 9,
        "Operating Income": -1,
        "EBIT": -1,
        "Net Income": -1
    },
    "2018-12-31": {
        "Diluted EPS": 0.0,
        "Total Revenue": NaN,
        "Gross Profit": NaN,
        "Operating Income": NaN,
        "EBIT": NaN,
        "Net Income": NaN
    },
    "2023-09-30": {
        "Tax Effect Of Unusual Items": -563010.0,
        "Tax Rate For Calcs": 0.21,
        "Normalized EBITDA": 10486000.0,
        "Total Unusual Items": -2681000.0,
        "Total Unusual Items Excluding Goodwill": -2681000.0,
        "Net Income From Continuing Operation Net Minority Interest": 3162000.0,
        "Reconciled Depreciation": 2172000.0,
        "Reconciled Cost Of Revenue": 12305000.0,
        "EBITDA": 7805000.0,
        "EBIT": 5633000.0,
        "Net Interest Income": 4159000.0,
        "Interest Expense": 43000.0,
        "Interest Income": 4202000.0,
        "Normalized Income": 5279990.0,
        "Net Income From Continuing And Discontinued Operation": 3162000.0,
        "Total Expenses": 121572000.0,
        "Total Operating Income As Reported": 2113000.0,
        "Diluted Average Shares": 58588452.0,
        "Basic Average Shares": 57384884.0,
        "Diluted EPS": 0.05,
        "Basic EPS": 0.06,
        "Diluted NI Availto Com Stockholders": 3162000.0,
        "Net Income Common Stockholders": 3162000.0,
        "Net Income": 3162000.0,
        "Net Income Including Noncontrolling Interests": 3162000.0,
        "Net Income Continuous Operations": 3162000.0,
        "Tax Provision": 2428000.0,
        "Pretax Income": 5590000.0,
        "Other Income Expense": -3363000.0,
        "Other Non Operating Income Expenses": -682000.0,
        "Special Income Charges": -2681000.0,
        "Restructuring And Mergern Acquisition": 2681000.0,
        "Net Non Operating Interest Income Expense": 4159000.0,
        "Interest Expense Non Operating": 43000.0,
        "Interest Income Non Operating": 4202000.0,
        "Operating Income": 4794000.0,
        "Operating Expense": 107095000.0,
        "Depreciation Amortization Depletion Income Statement": 0.0,
        "Depreciation And Amortization In Income Statement": 0.0,
        "Amortization": 0.0,
        "Amortization Of Intangibles Income Statement": 0.0,
        "Research And Development": 21492000.0,
        "Selling General And Administration": 85603000.0,
        "Gross Profit": 111889000.0,
        "Cost Of Revenue": 14477000.0,
        "Total Revenue": 126366000.0,
        "Operating Revenue": 126366000.0
    },
    "2023-12-31": {
        "Tax Effect Of Unusual Items": 0.0,
        "Tax Rate For Calcs": 0.21,
        "Normalized EBITDA": 345000.0,
        "Total Unusual Items": NaN,
        "Total Unusual Items Excluding Goodwill": NaN,
        "Net Income From Continuing Operation Net Minority Interest": -4665000.0,
        "Reconciled Depreciation": 3450000.0,
        "Reconciled Cost Of Revenue": 17006000.0,
        "EBITDA": 345000.0,
        "EBIT": -3105000.0,
        "Net Interest Income": 2645000.0,
        "Interest Expense": 69000.0,
        "Interest Income": 2714000.0,
        "Normalized Income": -4665000.0,
        "Net Income From Continuing And Discontinued Operation": -4665000.0,
        "Total Expenses": 141391000.0,
        "Total Operating Income As Reported": -9297000.0,
        "Diluted Average Shares": NaN,
        "Basic Average Shares": NaN,
        "Diluted EPS": NaN,
        "Basic EPS": NaN,
        "Diluted NI Availto Com Stockholders": -4665000.0,
        "Net Income Common Stockholders": -4665000.0,
        "Net Income": -4665000.0,
        "Net Income Including Noncontrolling Interests": -4665000.0,
        "Net Income Continuous Operations": -4665000.0,
        "Tax Provision": 1491000.0,
        "Pretax Income": -3174000.0,
        "Other Income Expense": 3478000.0,
        "Other Non Operating Income Expenses": 3478000.0,
        "Special Income Charges": NaN,
        "Restructuring And Mergern Acquisition": NaN,
        "Net Non Operating Interest Income Expense": 2645000.0,
        "Interest Expense Non Operating": 69000.0,
        "Interest Income Non Operating": 2714000.0,
        "Operating Income": -9297000.0,
        "Operating Expense": 124385000.0,
        "Depreciation Amortization Depletion Income Statement": NaN,
        "Depreciation And Amortization In Income Statement": NaN,
        "Amortization": NaN,
        "Amortization Of Intangibles Income Statement": NaN,
        "Research And Development": 22892000.0,
        "Selling General And Administration": 101493000.0,
        "Gross Profit": 115088000.0,
        "Cost Of Revenue": 17006000.0,
        "Total Revenue": 132094000.0,
        "Operating Revenue": 132094000.0
    },
    "2024-03-31": {
        "Tax Effect Of Unusual Items": -1907220.0,
        "Tax Rate For Calcs": 0.21,
        "Normalized EBITDA": -2311000.0,
        "Total Unusual Items": -9082000.0,
        "Total Unusual Items Excluding Goodwill": -9082000.0,
        "Net Income From Continuing Operation Net Minority Interest": -24202000.0,
        "Reconciled Depreciation": 4616000.0,
        "Reconciled Cost Of Revenue": 16738000.0,
        "EBITDA": -11393000.0,
        "EBIT": -16009000.0,
        "Net Interest Income": 1113000.0,
        "Interest Expense": 78000.0,
        "Interest Income": 1191000.0,
        "Normalized Income": -17027220.0,
        "Net Income From Continuing And Discontinued Operation": -24202000.0,
        "Total Expenses": 151289000.0,
        "Total Operating Income As Reported": -17177000.0,
        "Diluted Average Shares": 57938115.0,
        "Basic Average Shares": 57938115.0,
        "Diluted EPS": -0.42,
        "Basic EPS": -0.42,
        "Diluted NI Availto Com Stockholders": -24202000.0,
        "Net Income Common Stockholders": -24202000.0,
        "Net Income": -24202000.0,
        "Net Income Including Noncontrolling Interests": -24202000.0,
        "Net Income Continuous Operations": -24202000.0,
        "Tax Provision": 8115000.0,
        "Pretax Income": -16087000.0,
        "Other Income Expense": -9105000.0,
        "Other Non Operating Income Expenses": -23000.0,
        "Special Income Charges": -9082000.0,
        "Restructuring And Mergern Acquisition": 9082000.0,
        "Net Non Operating Interest Income Expense": 1113000.0,
        "Interest Expense Non Operating": 78000.0,
        "Interest Income Non Operating": 1191000.0,
        "Operating Income": -8095000.0,
        "Operating Expense": 132396000.0,
        "Depreciation Amortization Depletion Income Statement": 2461000.0,
        "Depreciation And Amortization In Income Statement": 2461000.0,
        "Amortization": 2461000.0,
        "Amortization Of Intangibles Income Statement": 2461000.0,
        "Research And Development": 26880000.0,
        "Selling General And Administration": 103055000.0,
        "Gross Profit": 124301000.0,
        "Cost Of Revenue": 18893000.0,
        "Total Revenue": 143194000.0,
        "Operating Revenue": 143194000.0
    },
    "2024-06-30": {
        "Tax Effect Of Unusual Items": -1420440.0,
        "Tax Rate For Calcs": 0.21,
        "Normalized EBITDA": -9844000.0,
        "Total Unusual Items": -6764000.0,
        "Total Unusual Items Excluding Goodwill": -6764000.0,
        "Net Income From Continuing Operation Net Minority Interest": -31348000.0,
        "Reconciled Depreciation": 4737000.0,
        "Reconciled Cost Of Revenue": 17705000.0,
        "EBITDA": -16608000.0,
        "EBIT": -21345000.0,
        "Net Interest Income": 999000.0,
        "Interest Expense": 77000.0,
        "Interest Income": 1076000.0,
        "Normalized Income": -26004440.0,
        "Net Income From Continuing And Discontinued Operation": -31348000.0,
        "Total Expenses": 161500000.0,
        "Total Operating Income As Reported": -22444000.0,
        "Diluted Average Shares": 58142454.0,
        "Basic Average Shares": 58142454.0,
        "Diluted EPS": -0.54,
        "Basic EPS": -0.54,
        "Diluted NI Availto Com Stockholders": -31348000.0,
        "Net Income Common Stockholders": -31348000.0,
        "Net Income": -31348000.0,
        "Net Income Including Noncontrolling Interests": -31348000.0,
        "Net Income Continuous Operations": -31348000.0,
        "Tax Provision": 9926000.0,
        "Pretax Income": -21422000.0,
        "Other Income Expense": -6741000.0,
        "Other Non Operating Income Expenses": 23000.0,
        "Special Income Charges": -6764000.0,
        "Restructuring And Mergern Acquisition": 6764000.0,
        "Net Non Operating Interest Income Expense": 999000.0,
        "Interest Expense Non Operating": 77000.0,
        "Interest Income Non Operating": 1076000.0,
        "Operating Income": -15680000.0,
        "Operating Expense": 141507000.0,
        "Depreciation Amortization Depletion Income Statement": 2449000.0,
        "Depreciation And Amortization In Income Statement": 2449000.0,
        "Amortization": 2449000.0,
        "Amortization Of Intangibles Income Statement": 2449000.0,
        "Research And Development": 24905000.0,
        "Selling General And Administration": 114153000.0,
        "Gross Profit": 125827000.0,
        "Cost Of Revenue": 19993000.0,
        "Total Revenue": 145820000.0,
        "Operating Revenue": 145820000.0
    },
    "2024-09-30": {
        "Tax Effect Of Unusual Items": -1450260.0,
        "Tax Rate For Calcs": 0.21,
        "Normalized EBITDA": -304000.0,
        "Total Unusual Items": -6906000.0,
        "Total Unusual Items Excluding Goodwill": -6906000.0,
        "Net Income From Continuing Operation Net Minority Interest": -18367000.0,
        "Reconciled Depreciation": 5384000.0,
        "Reconciled Cost Of Revenue": 16966000.0,
        "EBITDA": -7210000.0,
        "EBIT": -12594000.0,
        "Net Interest Income": 1026000.0,
        "Interest Expense": 78000.0,
        "Interest Income": 1104000.0,
        "Normalized Income": -12911260.0,
        "Net Income From Continuing And Discontinued Operation": -18367000.0,
        "Total Expenses": 160052000.0,
        "Total Operating Income As Reported": -13568000.0,
        "Diluted Average Shares": 58366364.0,
        "Basic Average Shares": 58366364.0,
        "Diluted EPS": -0.31,
        "Basic EPS": -0.31,
        "Diluted NI Availto Com Stockholders": -18367000.0,
        "Net Income Common Stockholders": -18367000.0,
        "Net Income": -18367000.0,
        "Net Income Including Noncontrolling Interests": -18367000.0,
        "Net Income Continuous Operations": -18367000.0,
        "Tax Provision": 5695000.0,
        "Pretax Income": -12672000.0,
        "Other Income Expense": -7036000.0,
        "Other Non Operating Income Expenses": -130000.0,
        "Special Income Charges": -6906000.0,
        "Restructuring And Mergern Acquisition": 6906000.0,
        "Net Non Operating Interest Income Expense": 1026000.0,
        "Interest Expense Non Operating": 78000.0,
        "Interest Income Non Operating": 1104000.0,
        "Operating Income": -6662000.0,
        "Operating Expense": 140206000.0,
        "Depreciation Amortization Depletion Income Statement": 2504000.0,
        "Depreciation And Amortization In Income Statement": 2504000.0,
        "Amortization": 2504000.0,
        "Amortization Of Intangibles Income Statement": 2504000.0,
        "Research And Development": 29431000.0,
        "Selling General And Administration": 108271000.0,
        "Gross Profit": 133544000.0,
        "Cost Of Revenue": 19846000.0,
        "Total Revenue": 153390000.0,
        "Operating Revenue": 153390000.0
    }
}