{
    "2023-03-31": {
        "Tax Effect Of Unusual Items": 0.0,
        "Tax Rate For Calcs": 0.21,
        "Normalized EBITDA": 54945000.0,
        "Total Unusual Items": 0.0,
        "Total Unusual Items Excluding Goodwill": 0.0,
        "Net Income From Continuing Operation Net Minority Interest": 46911000.0,
        "Reconciled Cost Of Revenue": 26678000.0,
        "EBITDA": 54945000.0,
        "EBIT": 54945000.0,
        "Net Interest Income": -7765000.0,
        "Interest Expense": 8034000.0,
        "Interest Income": NaN,
        "Normalized Income": 46911000.0,
        "Net Income From Continuing And Discontinued Operation": 46911000.0,
        "Total Expenses": 32418000.0,
        "Total Operating Income As Reported": 54676000.0,
        "Diluted Average Shares": 208796444.0,
        "Basic Average Shares": 208796444.0,
        "Diluted EPS": 0.22,
        "Basic EPS": 0.22,
        "Diluted NI Availto Com Stockholders": 46911000.0,
        "Net Income Common Stockholders": 46911000.0,
        "Net Income": 46911000.0,
        "Net Income Including Noncontrolling Interests": 46911000.0,
        "Net Income Continuous Operations": 46911000.0,
        "Pretax Income": 46911000.0,
        "Other Income Expense": NaN,
        "Special Income Charges": 0.0,
        "Gain On Sale Of Ppe": NaN,
        "Write Off": 0.0,
        "Impairment Of Capital Assets": NaN,
        "Net Non Operating Interest Income Expense": -7765000.0,
        "Total Other Finance Cost": -269000.0,
        "Interest Expense Non Operating": 8034000.0,
        "Interest Income Non Operating": NaN,
        "Operating Income": 54676000.0,
        "Operating Expense": 5740000.0,
        "Selling General And Administration": 5740000.0,
        "General And Administrative Expense": 5740000.0,
        "Other Gand A": 5740000.0,
        "Gross Profit": 60416000.0,
        "Cost Of Revenue": 26678000.0,
        "Total Revenue": 87094000.0,
        "Operating Revenue": 87094000.0
    },
    "2022-12-31": {
        "Tax Effect Of Unusual Items": 1189230.0,
        "Tax Rate For Calcs": 0.21,
        "Normalized EBITDA": 34839000.0,
        "Total Unusual Items": 5663000.0,
        "Total Unusual Items Excluding Goodwill": 5663000.0,
        "Net Income From Continuing Operation Net Minority Interest": 36032000.0,
        "Reconciled Cost Of Revenue": 198466000.0,
        "EBITDA": 40502000.0,
        "EBIT": 40502000.0,
        "Net Interest Income": -7668000.0,
        "Interest Expense": 4447000.0,
        "Interest Income": NaN,
        "Normalized Income": 31558230.0,
        "Net Income From Continuing And Discontinued Operation": 36032000.0,
        "Total Expenses": 203552000.0,
        "Total Operating Income As Reported": 43723000.0,
        "Diluted Average Shares": 208796444.0,
        "Basic Average Shares": 208796444.0,
        "Diluted EPS": 0.17,
        "Basic EPS": 0.17,
        "Diluted NI Availto Com Stockholders": 36032000.0,
        "Net Income Common Stockholders": 36032000.0,
        "Net Income": 36032000.0,
        "Net Income Including Noncontrolling Interests": 36032000.0,
        "Net Income Continuous Operations": 36032000.0,
        "Pretax Income": 36055000.0,
        "Other Income Expense": 5663000.0,
        "Special Income Charges": 5663000.0,
        "Gain On Sale Of Ppe": NaN,
        "Write Off": NaN,
        "Impairment Of Capital Assets": 342000.0,
        "Net Non Operating Interest Income Expense": -7668000.0,
        "Total Other Finance Cost": 3221000.0,
        "Interest Expense Non Operating": 4447000.0,
        "Interest Income Non Operating": NaN,
        "Operating Income": 38060000.0,
        "Operating Expense": 5086000.0,
        "Selling General And Administration": 5086000.0,
        "General And Administrative Expense": 5086000.0,
        "Other Gand A": 5086000.0,
        "Gross Profit": 43146000.0,
        "Cost Of Revenue": 198466000.0,
        "Total Revenue": 241612000.0,
        "Operating Revenue": 241612000.0
    },
    "2022-09-30": {
        "Tax Effect Of Unusual Items": NaN,
        "Tax Rate For Calcs": NaN,
        "Normalized EBITDA": NaN,
        "Total Unusual Items": NaN,
        "Total Unusual Items Excluding Goodwill": NaN,
        "Net Income From Continuing Operation Net Minority Interest": NaN,
        "Reconciled Cost Of Revenue": NaN,
        "EBITDA": NaN,
        "EBIT": NaN,
        "Net Interest Income": NaN,
        "Interest Expense": NaN,
        "Interest Income": 98000.0,
        "Normalized Income": NaN,
        "Net Income From Continuing And Discontinued Operation": NaN,
        "Total Expenses": NaN,
        "Total Operating Income As Reported": NaN,
        "Diluted Average Shares": 206904866.0,
        "Basic Average Shares": 206904866.0,
        "Diluted EPS": 0.05,
        "Basic EPS": 0.05,
        "Diluted NI Availto Com Stockholders": NaN,
        "Net Income Common Stockholders": NaN,
        "Net Income": NaN,
        "Net Income Including Noncontrolling Interests": NaN,
        "Net Income Continuous Operations": NaN,
        "Pretax Income": NaN,
        "Other Income Expense": 1173000.0,
        "Special Income Charges": NaN,
        "Gain On Sale Of Ppe": 1173000.0,
        "Write Off": NaN,
        "Impairment Of Capital Assets": -1173000.0,
        "Net Non Operating Interest Income Expense": NaN,
        "Total Other Finance Cost": NaN,
        "Interest Expense Non Operating": NaN,
        "Interest Income Non Operating": 98000.0,
        "Operating Income": NaN,
        "Operating Expense": NaN,
        "Selling General And Administration": NaN,
        "General And Administrative Expense": NaN,
        "Other Gand A": NaN,
        "Gross Profit": NaN,
        "Cost Of Revenue": NaN,
        "Total Revenue": NaN,
        "Operating Revenue": NaN
    },
    "2022-06-30": {
        "Tax Effect Of Unusual Items": 0.0,
        "Tax Rate For Calcs": 0.0,
        "Normalized EBITDA": 1551000.0,
        "Total Unusual Items": 127000.0,
        "Total Unusual Items Excluding Goodwill": 127000.0,
        "Net Income From Continuing Operation Net Minority Interest": -3954000.0,
        "Reconciled Cost Of Revenue": 29228000.0,
        "EBITDA": 1678000.0,
        "EBIT": 1678000.0,
        "Net Interest Income": -5870000.0,
        "Interest Expense": 5633000.0,
        "Normalized Income": -4081000.0,
        "Net Income From Continuing And Discontinued Operation": -3954000.0,
        "Total Expenses": 32962000.0,
        "Total Operating Income As Reported": 1916000.0,
        "Diluted Average Shares": 201038067.0,
        "Basic Average Shares": 201038067.0,
        "Diluted EPS": -0.02,
        "Basic EPS": -0.02,
        "Diluted NI Availto Com Stockholders": -3954000.0,
        "Net Income Common Stockholders": -3954000.0,
        "Net Income": -3954000.0,
        "Net Income Including Noncontrolling Interests": -3955000.0,
        "Net Income Continuous Operations": -3955000.0,
        "Pretax Income": -3955000.0,
        "Other Income Expense": 127000.0,
        "Special Income Charges": 127000.0,
        "Gain On Sale Of Ppe": NaN,
        "Write Off": NaN,
        "Impairment Of Capital Assets": -127000.0,
        "Net Non Operating Interest Income Expense": -5870000.0,
        "Total Other Finance Cost": 237000.0,
        "Interest Expense Non Operating": 5633000.0,
        "Operating Income": 1788000.0,
        "Operating Expense": 3734000.0,
        "Selling General And Administration": 3734000.0,
        "General And Administrative Expense": 3734000.0,
        "Other Gand A": 3734000.0,
        "Gross Profit": 5522000.0,
        "Cost Of Revenue": 29228000.0,
        "Total Revenue": 34750000.0,
        "Operating Revenue": 34750000.0
    },
    "2022-03-31": {
        "Diluted EPS": -0.14,
        "Total Revenue": 16,
        "Gross Profit": -1,
        "Operating Income": -21,
        "EBIT": -21,
        "Net Income": -27
    },
    "2021-12-31": {
        "Diluted EPS": -0.44,
        "Total Revenue": 151,
        "Gross Profit": 6,
        "Operating Income": -66,
        "EBIT": -66,
        "Net Income": -73
    },
    "2021-09-30": {
        "Diluted EPS": -0.27,
        "Total Revenue": 9,
        "Gross Profit": -8,
        "Operating Income": -38,
        "EBIT": -38,
        "Net Income": -45
    },
    "2021-06-30": {
        "Diluted EPS": -0.18,
        "Total Revenue": 17,
        "Gross Profit": -1,
        "Operating Income": -22,
        "EBIT": -22,
        "Net Income": -29
    },
    "2021-03-31": {
        "Diluted EPS": -0.16,
        "Total Revenue": 19,
        "Gross Profit": 2,
        "Operating Income": -18,
        "EBIT": -18,
        "Net Income": -25
    },
    "2020-12-31": {
        "Diluted EPS": -0.19,
        "Total Revenue": 137,
        "Gross Profit": 0,
        "Operating Income": -22,
        "EBIT": -22,
        "Net Income": -29
    },
    "2020-09-30": {
        "Diluted EPS": -0.07,
        "Total Revenue": 37,
        "Gross Profit": 20,
        "Operating Income": -2,
        "EBIT": -2,
        "Net Income": -10
    },
    "2020-06-30": {
        "Diluted EPS": 0.0,
        "Total Revenue": NaN,
        "Gross Profit": NaN,
        "Operating Income": NaN,
        "Net Income": NaN
    },
    "2020-03-31": {
        "Diluted EPS": 0.27,
        "Total Revenue": 86,
        "Gross Profit": 69,
        "Operating Income": 48,
        "EBIT": 48,
        "Net Income": 40
    },
    "2019-12-31": {
        "Diluted EPS": 0.1,
        "Total Revenue": 201,
        "Gross Profit": 41,
        "Operating Income": 21,
        "EBIT": 21,
        "Net Income": 13
    },
    "2019-09-30": {
        "Diluted EPS": -0.1,
        "Total Revenue": 32,
        "Gross Profit": 16,
        "Operating Income": -3,
        "EBIT": -3,
        "Net Income": -14
    },
    "2019-06-30": {
        "Diluted EPS": -0.11,
        "Total Revenue": 31,
        "Gross Profit": 15,
        "Operating Income": -5,
        "EBIT": -5,
        "Net Income": -15
    },
    "2019-03-31": {
        "Diluted EPS": 0.04,
        "Total Revenue": 54,
        "Gross Profit": 38,
        "Operating Income": 18,
        "EBIT": 18,
        "Net Income": 6
    },
    "2018-12-31": {
        "Diluted EPS": -0.07,
        "Total Revenue": 209,
        "Gross Profit": 26,
        "Operating Income": 4,
        "EBIT": 4,
        "Net Income": -10
    },
    "2018-09-30": {
        "Diluted EPS": -0.27,
        "Total Revenue": 23,
        "Gross Profit": 6,
        "Operating Income": -15,
        "EBIT": -15,
        "Net Income": -38
    },
    "2018-06-30": {
        "Diluted EPS": -0.19,
        "Total Revenue": 27,
        "Gross Profit": 4,
        "Operating Income": -16,
        "EBIT": -16,
        "Net Income": -27
    },
    "2018-03-31": {
        "Diluted EPS": -0.14,
        "Total Revenue": 30,
        "Gross Profit": 8,
        "Operating Income": -11,
        "EBIT": -11,
        "Net Income": -20
    },
    "2017-06-30": {
        "Diluted EPS": -0.16,
        "Total Revenue": 39,
        "Gross Profit": 18,
        "Operating Income": -10,
        "EBIT": -10,
        "Net Income": -16
    },
    "2017-03-31": {
        "Diluted EPS": -0.03,
        "Total Revenue": 55,
        "Gross Profit": 33,
        "Operating Income": 5,
        "EBIT": 5,
        "Net Income": -3
    },
    "2016-12-31": {
        "Diluted EPS": -0.45,
        "Total Revenue": 173,
        "Gross Profit": 26,
        "Operating Income": 4,
        "EBIT": 4,
        "Net Income": -39
    },
    "2016-09-30": {
        "Diluted EPS": -0.08,
        "Total Revenue": 46,
        "Gross Profit": 24,
        "Operating Income": -2,
        "EBIT": -2,
        "Net Income": -8
    },
    "2016-06-30": {
        "Diluted EPS": 0.15,
        "Total Revenue": 62,
        "Gross Profit": 43,
        "Operating Income": 18,
        "EBIT": 18,
        "Net Income": 13
    },
    "2016-03-31": {
        "Diluted EPS": 0.33,
        "Total Revenue": 77,
        "Gross Profit": 59,
        "Operating Income": 34,
        "EBIT": 34,
        "Net Income": 29
    },
    "2015-12-31": {
        "Diluted EPS": 0.34,
        "Total Revenue": 236,
        "Gross Profit": 60,
        "Operating Income": 34,
        "EBIT": 34,
        "Net Income": 30
    },
    "2015-09-30": {
        "Diluted EPS": 0.29,
        "Total Revenue": 67,
        "Gross Profit": 51,
        "Operating Income": 29,
        "EBIT": 29,
        "Net Income": 26
    },
    "2015-06-30": {
        "Diluted EPS": 0.35,
        "Total Revenue": 73,
        "Gross Profit": 57,
        "Operating Income": 34,
        "EBIT": 34,
        "Net Income": 31
    },
    "2015-03-31": {
        "Diluted EPS": 0.31,
        "Total Revenue": 70,
        "Gross Profit": 53,
        "Operating Income": 31,
        "EBIT": 31,
        "Net Income": 28
    },
    "2014-12-31": {
        "Diluted EPS": 0.0,
        "Total Revenue": NaN,
        "Gross Profit": NaN,
        "Operating Income": NaN,
        "EBIT": NaN,
        "Net Income": NaN
    },
    "2014-09-30": {
        "Diluted EPS": 0.01,
        "Total Revenue": 41,
        "Gross Profit": 25,
        "Operating Income": 1,
        "EBIT": 1,
        "Net Income": 0
    },
    "2014-06-30": {
        "Diluted EPS": -0.19,
        "Total Revenue": 23,
        "Gross Profit": 7,
        "Operating Income": -16,
        "EBIT": -16,
        "Net Income": -17
    },
    "2014-03-31": {
        "Diluted EPS": 0.0,
        "Total Revenue": NaN,
        "Gross Profit": NaN,
        "Operating Income": NaN,
        "EBIT": NaN,
        "Net Income": NaN
    },
    "2013-12-31": {
        "Diluted EPS": 0.0,
        "Total Revenue": NaN,
        "Gross Profit": NaN,
        "Operating Income": NaN,
        "EBIT": NaN,
        "Net Income": NaN
    },
    "2013-09-30": {
        "Diluted EPS": 0.0,
        "Total Revenue": NaN,
        "Gross Profit": NaN,
        "Operating Income": NaN,
        "EBIT": NaN,
        "Net Income": NaN
    },
    "2013-06-30": {
        "Diluted EPS": 0.0,
        "Total Revenue": 10,
        "Gross Profit": -7,
        "Operating Income": -29,
        "EBIT": -29,
        "Net Income": -32
    },
    "2013-03-31": {
        "Diluted EPS": 0.0,
        "Total Revenue": 17,
        "Gross Profit": 1,
        "Operating Income": -29,
        "EBIT": -29,
        "Net Income": -32
    },
    "2012-12-31": {
        "Diluted EPS": 0.0,
        "Total Revenue": 56,
        "Gross Profit": 2,
        "Operating Income": -30,
        "EBIT": -30,
        "Net Income": -33
    },
    "2012-09-30": {
        "Diluted EPS": 0.0,
        "Total Revenue": 15,
        "Gross Profit": -1,
        "Operating Income": -22,
        "EBIT": -22,
        "Net Income": -23
    },
    "2012-06-30": {
        "Diluted EPS": 0.0,
        "Total Revenue": 29,
        "Gross Profit": 13,
        "Operating Income": -7,
        "EBIT": -7,
        "Net Income": -8
    },
    "2012-03-31": {
        "Diluted EPS": 0.0,
        "Total Revenue": 30,
        "Gross Profit": 14,
        "Operating Income": -9,
        "EBIT": -9,
        "Net Income": -9
    },
    "2011-12-31": {
        "Diluted EPS": 0.0,
        "Total Revenue": 34,
        "Gross Profit": 4,
        "Operating Income": -18,
        "EBIT": -18,
        "Net Income": -18
    },
    "2011-09-30": {
        "Diluted EPS": 0.0,
        "Total Revenue": 11,
        "Gross Profit": -3,
        "Operating Income": -37,
        "EBIT": -37,
        "Net Income": -38
    },
    "2011-06-30": {
        "Diluted EPS": 0.0,
        "Total Revenue": 24,
        "Gross Profit": 11,
        "Operating Income": -10,
        "EBIT": -10,
        "Net Income": -10
    },
    "2011-03-31": {
        "Diluted EPS": 0.0,
        "Total Revenue": 26,
        "Gross Profit": 13,
        "Operating Income": -7,
        "EBIT": -7,
        "Net Income": -7
    },
    "2010-12-31": {
        "Diluted EPS": 0.0,
        "Total Revenue": 20,
        "Gross Profit": 9,
        "Operating Income": -12,
        "EBIT": -12,
        "Net Income": -13
    },
    "2010-09-30": {
        "Diluted EPS": 0.0,
        "Total Revenue": 26,
        "Gross Profit": 14,
        "Operating Income": -5,
        "EBIT": -5,
        "Net Income": -5
    },
    "2010-06-30": {
        "Diluted EPS": 0.0,
        "Total Revenue": 39,
        "Gross Profit": 27,
        "Operating Income": 8,
        "EBIT": 8,
        "Net Income": 8
    },
    "2010-03-31": {
        "Diluted EPS": 0.0,
        "Total Revenue": 42,
        "Gross Profit": 30,
        "Operating Income": 10,
        "EBIT": 10,
        "Net Income": 10
    },
    "2009-12-31": {
        "Diluted EPS": 0.0,
        "Total Revenue": NaN,
        "Gross Profit": NaN,
        "Operating Income": NaN,
        "EBIT": NaN,
        "Net Income": NaN
    },
    "2009-09-30": {
        "Diluted EPS": 0.0,
        "Total Revenue": 18,
        "Gross Profit": 6,
        "Operating Income": -11,
        "EBIT": -11,
        "Net Income": -12
    },
    "2009-06-30": {
        "Diluted EPS": 0.0,
        "Total Revenue": NaN,
        "Gross Profit": NaN,
        "Operating Income": NaN,
        "EBIT": NaN,
        "Net Income": NaN
    },
    "2009-03-31": {
        "Diluted EPS": 0.0,
        "Total Revenue": 44,
        "Gross Profit": 35,
        "Operating Income": 18,
        "EBIT": 18,
        "Net Income": 17
    },
    "2023-06-30": {
        "Tax Effect Of Unusual Items": 0.0,
        "Tax Rate For Calcs": 0.21,
        "Normalized EBITDA": 34514000.0,
        "Total Unusual Items": 0.0,
        "Total Unusual Items Excluding Goodwill": 0.0,
        "Net Income From Continuing Operation Net Minority Interest": 26810000.0,
        "Reconciled Cost Of Revenue": 94291000.0,
        "EBITDA": 34514000.0,
        "EBIT": 34514000.0,
        "Net Interest Income": -7337000.0,
        "Interest Expense": 7704000.0,
        "Interest Income": NaN,
        "Normalized Income": 26810000.0,
        "Net Income From Continuing And Discontinued Operation": 26810000.0,
        "Total Expenses": 99293000.0,
        "Total Operating Income As Reported": 34147000.0,
        "Diluted Average Shares": NaN,
        "Basic Average Shares": NaN,
        "Diluted EPS": NaN,
        "Basic EPS": NaN,
        "Diluted NI Availto Com Stockholders": 26810000.0,
        "Net Income Common Stockholders": 26810000.0,
        "Net Income": 26810000.0,
        "Net Income Including Noncontrolling Interests": 26810000.0,
        "Net Income Continuous Operations": 26810000.0,
        "Pretax Income": 26810000.0,
        "Other Income Expense": NaN,
        "Special Income Charges": 0.0,
        "Gain On Sale Of Ppe": NaN,
        "Write Off": NaN,
        "Impairment Of Capital Assets": 0.0,
        "Net Non Operating Interest Income Expense": -7337000.0,
        "Total Other Finance Cost": -367000.0,
        "Interest Expense Non Operating": 7704000.0,
        "Interest Income Non Operating": NaN,
        "Operating Income": 34147000.0,
        "Operating Expense": 5002000.0,
        "Selling General And Administration": 5002000.0,
        "General And Administrative Expense": 5002000.0,
        "Other Gand A": 5002000.0,
        "Gross Profit": 39149000.0,
        "Cost Of Revenue": 94291000.0,
        "Total Revenue": 133440000.0,
        "Operating Revenue": 133440000.0
    },
    "2023-09-30": {
        "Tax Effect Of Unusual Items": 0.0,
        "Tax Rate For Calcs": 0.21,
        "Normalized EBITDA": 15043000.0,
        "Total Unusual Items": 0.0,
        "Total Unusual Items Excluding Goodwill": 0.0,
        "Net Income From Continuing Operation Net Minority Interest": 7487000.0,
        "Reconciled Cost Of Revenue": 27276000.0,
        "EBITDA": 15043000.0,
        "EBIT": 15043000.0,
        "Net Interest Income": -6981000.0,
        "Interest Expense": 7556000.0,
        "Interest Income": 604000.0,
        "Normalized Income": 7487000.0,
        "Net Income From Continuing And Discontinued Operation": 7487000.0,
        "Total Expenses": 33568000.0,
        "Total Operating Income As Reported": 14468000.0,
        "Diluted Average Shares": 208796444.0,
        "Basic Average Shares": 208796444.0,
        "Diluted EPS": 0.04,
        "Basic EPS": 0.04,
        "Diluted NI Availto Com Stockholders": 7487000.0,
        "Net Income Common Stockholders": 7487000.0,
        "Net Income": 7487000.0,
        "Net Income Including Noncontrolling Interests": 7487000.0,
        "Net Income Continuous Operations": 7487000.0,
        "Pretax Income": 7487000.0,
        "Other Income Expense": NaN,
        "Special Income Charges": 0.0,
        "Gain On Sale Of Ppe": 0.0,
        "Write Off": NaN,
        "Impairment Of Capital Assets": NaN,
        "Net Non Operating Interest Income Expense": -6981000.0,
        "Total Other Finance Cost": 29000.0,
        "Interest Expense Non Operating": 7556000.0,
        "Interest Income Non Operating": 604000.0,
        "Operating Income": 14468000.0,
        "Operating Expense": 6292000.0,
        "Selling General And Administration": 6292000.0,
        "General And Administrative Expense": 6292000.0,
        "Other Gand A": 6292000.0,
        "Gross Profit": 20760000.0,
        "Cost Of Revenue": 27276000.0,
        "Total Revenue": 48036000.0,
        "Operating Revenue": 48036000.0
    },
    "2023-12-31": {
        "Tax Effect Of Unusual Items": 0.0,
        "Tax Rate For Calcs": 0.21,
        "Normalized EBITDA": 23369000.0,
        "Total Unusual Items": 0.0,
        "Total Unusual Items Excluding Goodwill": 0.0,
        "Net Income From Continuing Operation Net Minority Interest": 17503000.0,
        "Reconciled Cost Of Revenue": 158305000.0,
        "EBITDA": 23369000.0,
        "EBIT": 23369000.0,
        "Net Interest Income": -6976000.0,
        "Interest Expense": 5746000.0,
        "Interest Income": 42000.0,
        "Normalized Income": 17503000.0,
        "Net Income From Continuing And Discontinued Operation": 17503000.0,
        "Total Expenses": 164161000.0,
        "Total Operating Income As Reported": 24599000.0,
        "Diluted Average Shares": 208796444.0,
        "Basic Average Shares": 208796444.0,
        "Diluted EPS": 0.08,
        "Basic EPS": 0.08,
        "Diluted NI Availto Com Stockholders": 17503000.0,
        "Net Income Common Stockholders": 17503000.0,
        "Net Income": 17503000.0,
        "Net Income Including Noncontrolling Interests": 17503000.0,
        "Net Income Continuous Operations": 17503000.0,
        "Pretax Income": 17623000.0,
        "Other Income Expense": NaN,
        "Special Income Charges": 0.0,
        "Gain On Sale Of Ppe": 0.0,
        "Write Off": NaN,
        "Impairment Of Capital Assets": NaN,
        "Net Non Operating Interest Income Expense": -6976000.0,
        "Total Other Finance Cost": 1272000.0,
        "Interest Expense Non Operating": 5746000.0,
        "Interest Income Non Operating": 42000.0,
        "Operating Income": 24599000.0,
        "Operating Expense": 5856000.0,
        "Selling General And Administration": 5856000.0,
        "General And Administrative Expense": 5856000.0,
        "Other Gand A": 5856000.0,
        "Gross Profit": 30455000.0,
        "Cost Of Revenue": 158305000.0,
        "Total Revenue": 188760000.0,
        "Operating Revenue": 188760000.0
    }
}