{
    "2023-03-31": {
        "Tax Effect Of Unusual Items": NaN,
        "Tax Rate For Calcs": NaN,
        "Normalized EBITDA": NaN,
        "Net Income From Continuing Operation Net Minority Interest": NaN,
        "Reconciled Depreciation": NaN,
        "Reconciled Cost Of Revenue": NaN,
        "EBITDA": NaN,
        "EBIT": NaN,
        "Normalized Income": NaN,
        "Net Income From Continuing And Discontinued Operation": NaN,
        "Total Expenses": NaN,
        "Total Operating Income As Reported": NaN,
        "Diluted Average Shares": 19433000.0,
        "Basic Average Shares": 19061000.0,
        "Diluted EPS": 0.04,
        "Basic EPS": 0.05,
        "Diluted NI Availto Com Stockholders": NaN,
        "Net Income Common Stockholders": NaN,
        "Net Income": NaN,
        "Minority Interests": NaN,
        "Net Income Including Noncontrolling Interests": NaN,
        "Net Income Continuous Operations": NaN,
        "Tax Provision": NaN,
        "Pretax Income": NaN,
        "Other Income Expense": NaN,
        "Other Non Operating Income Expenses": 1514000.0,
        "Operating Income": NaN,
        "Operating Expense": NaN,
        "Selling General And Administration": NaN,
        "Selling And Marketing Expense": NaN,
        "General And Administrative Expense": NaN,
        "Other Gand A": NaN,
        "Gross Profit": NaN,
        "Cost Of Revenue": NaN,
        "Total Revenue": NaN,
        "Operating Revenue": NaN
    },
    "2022-12-31": {
        "Tax Effect Of Unusual Items": NaN,
        "Tax Rate For Calcs": NaN,
        "Normalized EBITDA": NaN,
        "Net Income From Continuing Operation Net Minority Interest": NaN,
        "Reconciled Depreciation": NaN,
        "Reconciled Cost Of Revenue": NaN,
        "EBITDA": NaN,
        "EBIT": NaN,
        "Normalized Income": NaN,
        "Net Income From Continuing And Discontinued Operation": NaN,
        "Total Expenses": NaN,
        "Total Operating Income As Reported": NaN,
        "Diluted Average Shares": 19299000.0,
        "Basic Average Shares": 19155000.0,
        "Diluted EPS": 0.1,
        "Basic EPS": 0.1,
        "Diluted NI Availto Com Stockholders": NaN,
        "Net Income Common Stockholders": NaN,
        "Net Income": NaN,
        "Minority Interests": NaN,
        "Net Income Including Noncontrolling Interests": NaN,
        "Net Income Continuous Operations": NaN,
        "Tax Provision": NaN,
        "Pretax Income": NaN,
        "Other Income Expense": NaN,
        "Other Non Operating Income Expenses": NaN,
        "Operating Income": NaN,
        "Operating Expense": NaN,
        "Selling General And Administration": NaN,
        "Selling And Marketing Expense": NaN,
        "General And Administrative Expense": NaN,
        "Other Gand A": NaN,
        "Gross Profit": NaN,
        "Cost Of Revenue": NaN,
        "Total Revenue": NaN,
        "Operating Revenue": NaN
    },
    "2022-09-30": {
        "Tax Effect Of Unusual Items": NaN,
        "Tax Rate For Calcs": NaN,
        "Normalized EBITDA": NaN,
        "Net Income From Continuing Operation Net Minority Interest": NaN,
        "Reconciled Depreciation": NaN,
        "Reconciled Cost Of Revenue": NaN,
        "EBITDA": NaN,
        "EBIT": NaN,
        "Normalized Income": NaN,
        "Net Income From Continuing And Discontinued Operation": NaN,
        "Total Expenses": NaN,
        "Total Operating Income As Reported": NaN,
        "Diluted Average Shares": NaN,
        "Basic Average Shares": NaN,
        "Diluted EPS": NaN,
        "Basic EPS": NaN,
        "Diluted NI Availto Com Stockholders": NaN,
        "Net Income Common Stockholders": NaN,
        "Net Income": NaN,
        "Minority Interests": NaN,
        "Net Income Including Noncontrolling Interests": NaN,
        "Net Income Continuous Operations": NaN,
        "Tax Provision": NaN,
        "Pretax Income": NaN,
        "Other Income Expense": NaN,
        "Other Non Operating Income Expenses": -2281000.0,
        "Operating Income": NaN,
        "Operating Expense": NaN,
        "Selling General And Administration": NaN,
        "Selling And Marketing Expense": NaN,
        "General And Administrative Expense": NaN,
        "Other Gand A": NaN,
        "Gross Profit": NaN,
        "Cost Of Revenue": NaN,
        "Total Revenue": NaN,
        "Operating Revenue": NaN
    },
    "2022-06-30": {
        "Tax Effect Of Unusual Items": 0.0,
        "Tax Rate For Calcs": 0.4,
        "Normalized EBITDA": 8440000.0,
        "Net Income From Continuing Operation Net Minority Interest": 516000.0,
        "Reconciled Depreciation": 2685000.0,
        "Reconciled Cost Of Revenue": 29471000.0,
        "EBITDA": 8440000.0,
        "EBIT": 5755000.0,
        "Normalized Income": 516000.0,
        "Net Income From Continuing And Discontinued Operation": 516000.0,
        "Total Expenses": 98406000.0,
        "Total Operating Income As Reported": 5755000.0,
        "Diluted Average Shares": 19594000.0,
        "Basic Average Shares": 19386000.0,
        "Diluted EPS": 0.03,
        "Basic EPS": 0.03,
        "Diluted NI Availto Com Stockholders": 516000.0,
        "Net Income Common Stockholders": 516000.0,
        "Net Income": 516000.0,
        "Minority Interests": -436000.0,
        "Net Income Including Noncontrolling Interests": 952000.0,
        "Net Income Continuous Operations": 952000.0,
        "Tax Provision": 4361000.0,
        "Pretax Income": 5313000.0,
        "Other Income Expense": -442000.0,
        "Other Non Operating Income Expenses": -442000.0,
        "Operating Income": 5755000.0,
        "Operating Expense": 68935000.0,
        "Selling General And Administration": 68935000.0,
        "Selling And Marketing Expense": 32069000.0,
        "General And Administrative Expense": 36866000.0,
        "Other Gand A": 36866000.0,
        "Gross Profit": 74690000.0,
        "Cost Of Revenue": 29471000.0,
        "Total Revenue": 104161000.0,
        "Operating Revenue": 104161000.0
    },
    "2022-03-31": {
        "Diluted EPS": -0.15,
        "Total Revenue": 110,
        "Gross Profit": 76,
        "Operating Income": 1,
        "EBIT": 4,
        "Net Income": -3
    },
    "2021-12-31": {
        "Diluted EPS": 0.66,
        "Total Revenue": 118,
        "Gross Profit": 87,
        "Operating Income": 8,
        "EBIT": 10,
        "Net Income": 13
    },
    "2021-09-30": {
        "Diluted EPS": 0.24,
        "Total Revenue": 115,
        "Gross Profit": 85,
        "Operating Income": 10,
        "EBIT": 13,
        "Net Income": 5
    },
    "2021-06-30": {
        "Diluted EPS": 0.32,
        "Total Revenue": 109,
        "Gross Profit": 81,
        "Operating Income": 9,
        "EBIT": 12,
        "Net Income": 7
    },
    "2021-03-31": {
        "Diluted EPS": 0.2,
        "Total Revenue": 102,
        "Gross Profit": 75,
        "Operating Income": 8,
        "EBIT": 10,
        "Net Income": 4
    },
    "2020-12-31": {
        "Diluted EPS": 0.29,
        "Total Revenue": 102,
        "Gross Profit": 75,
        "Operating Income": 2,
        "EBIT": 5,
        "Net Income": 6
    },
    "2020-09-30": {
        "Diluted EPS": 0.34,
        "Total Revenue": 100,
        "Gross Profit": 73,
        "Operating Income": 5,
        "EBIT": 8,
        "Net Income": 7
    },
    "2020-06-30": {
        "Diluted EPS": 0.29,
        "Total Revenue": 87,
        "Gross Profit": 64,
        "Operating Income": 7,
        "EBIT": 9,
        "Net Income": 6
    },
    "2020-03-31": {
        "Diluted EPS": 0.15,
        "Total Revenue": 96,
        "Gross Profit": 71,
        "Operating Income": 7,
        "EBIT": 10,
        "Net Income": 3
    },
    "2019-12-31": {
        "Diluted EPS": 0.04,
        "Total Revenue": 92,
        "Gross Profit": 68,
        "Operating Income": 4,
        "EBIT": 7,
        "Net Income": 1
    },
    "2019-09-30": {
        "Diluted EPS": 0.07,
        "Total Revenue": 89,
        "Gross Profit": 66,
        "Operating Income": 5,
        "EBIT": 7,
        "Net Income": 1
    },
    "2019-06-30": {
        "Diluted EPS": 0.14,
        "Total Revenue": 91,
        "Gross Profit": 67,
        "Operating Income": 5,
        "EBIT": 7,
        "Net Income": 3
    },
    "2019-03-31": {
        "Diluted EPS": 0.09,
        "Total Revenue": 91,
        "Gross Profit": 68,
        "Operating Income": 3,
        "EBIT": 5,
        "Net Income": 2
    },
    "2018-12-31": {
        "Diluted EPS": -0.15,
        "Total Revenue": 97,
        "Gross Profit": 72,
        "Operating Income": -1,
        "EBIT": 1,
        "Net Income": -3
    },
    "2018-09-30": {
        "Diluted EPS": 0.08,
        "Total Revenue": 89,
        "Gross Profit": 66,
        "Operating Income": 4,
        "EBIT": 6,
        "Net Income": 1
    },
    "2018-06-30": {
        "Diluted EPS": 0.0,
        "Total Revenue": 91,
        "Gross Profit": 67,
        "Operating Income": 2,
        "EBIT": 5,
        "Net Income": 0
    },
    "2018-03-31": {
        "Diluted EPS": 0.03,
        "Total Revenue": 87,
        "Gross Profit": 65,
        "Operating Income": 1,
        "EBIT": 3,
        "Net Income": 0
    },
    "2017-12-31": {
        "Diluted EPS": -0.92,
        "Total Revenue": 88,
        "Gross Profit": 64,
        "Operating Income": -3,
        "EBIT": 0,
        "Net Income": -17
    },
    "2017-09-30": {
        "Diluted EPS": 0.13,
        "Total Revenue": 89,
        "Gross Profit": 66,
        "Operating Income": 2,
        "EBIT": 5,
        "Net Income": 2
    },
    "2017-06-30": {
        "Diluted EPS": -0.01,
        "Total Revenue": 81,
        "Gross Profit": 60,
        "Operating Income": 0,
        "EBIT": 2,
        "Net Income": 0
    },
    "2017-03-31": {
        "Diluted EPS": 0.11,
        "Total Revenue": 83,
        "Gross Profit": 61,
        "Operating Income": 2,
        "EBIT": 4,
        "Net Income": 2
    },
    "2016-12-31": {
        "Diluted EPS": -0.36,
        "Total Revenue": 84,
        "Gross Profit": 60,
        "Operating Income": -1,
        "EBIT": 0,
        "Net Income": -7
    },
    "2016-09-30": {
        "Diluted EPS": 0.22,
        "Total Revenue": 85,
        "Gross Profit": 64,
        "Operating Income": 5,
        "EBIT": 6,
        "Net Income": 4
    },
    "2016-06-30": {
        "Diluted EPS": 0.14,
        "Total Revenue": 89,
        "Gross Profit": 66,
        "Operating Income": 4,
        "EBIT": 5,
        "Net Income": 3
    },
    "2016-03-31": {
        "Diluted EPS": 0.11,
        "Total Revenue": 82,
        "Gross Profit": 60,
        "Operating Income": 2,
        "EBIT": 3,
        "Net Income": 2
    },
    "2015-12-31": {
        "Diluted EPS": 0.19,
        "Total Revenue": 80,
        "Gross Profit": 58,
        "Operating Income": 2,
        "EBIT": 3,
        "Net Income": 4
    },
    "2015-09-30": {
        "Diluted EPS": 0.15,
        "Total Revenue": 80,
        "Gross Profit": 59,
        "Operating Income": 3,
        "EBIT": 4,
        "Net Income": 3
    },
    "2015-06-30": {
        "Diluted EPS": 0.13,
        "Total Revenue": 81,
        "Gross Profit": 60,
        "Operating Income": 3,
        "EBIT": 4,
        "Net Income": 3
    },
    "2015-03-31": {
        "Diluted EPS": 0.3,
        "Total Revenue": 84,
        "Gross Profit": 62,
        "Operating Income": 5,
        "EBIT": 6,
        "Net Income": 6
    },
    "2014-12-31": {
        "Diluted EPS": -0.28,
        "Total Revenue": 87,
        "Gross Profit": 63,
        "Operating Income": 1,
        "EBIT": 2,
        "Net Income": -4
    },
    "2014-09-30": {
        "Diluted EPS": 0.06,
        "Total Revenue": 93,
        "Gross Profit": 71,
        "Operating Income": 6,
        "EBIT": 7,
        "Net Income": 1
    },
    "2014-06-30": {
        "Diluted EPS": 0.2,
        "Total Revenue": 93,
        "Gross Profit": 70,
        "Operating Income": 6,
        "EBIT": 7,
        "Net Income": 3
    },
    "2014-03-31": {
        "Diluted EPS": 0.58,
        "Total Revenue": 93,
        "Gross Profit": 71,
        "Operating Income": 7,
        "EBIT": 8,
        "Net Income": 10
    },
    "2013-12-31": {
        "Diluted EPS": 0.1,
        "Total Revenue": 87,
        "Gross Profit": 66,
        "Operating Income": 2,
        "EBIT": 3,
        "Net Income": 2
    },
    "2013-09-30": {
        "Diluted EPS": 0.29,
        "Total Revenue": 92,
        "Gross Profit": 69,
        "Operating Income": 7,
        "EBIT": 8,
        "Net Income": 5
    },
    "2013-06-30": {
        "Diluted EPS": 0.38,
        "Total Revenue": 94,
        "Gross Profit": 71,
        "Operating Income": 8,
        "EBIT": 9,
        "Net Income": 6
    },
    "2013-03-31": {
        "Diluted EPS": 0.3,
        "Total Revenue": 96,
        "Gross Profit": 72,
        "Operating Income": 7,
        "EBIT": 8,
        "Net Income": 5
    },
    "2012-12-31": {
        "Diluted EPS": 0.27,
        "Total Revenue": 84,
        "Gross Profit": 62,
        "Operating Income": 6,
        "EBIT": 7,
        "Net Income": 4
    },
    "2012-09-30": {
        "Diluted EPS": 0.4,
        "Total Revenue": 91,
        "Gross Profit": 68,
        "Operating Income": 9,
        "EBIT": 10,
        "Net Income": 6
    },
    "2012-06-30": {
        "Diluted EPS": 0.46,
        "Total Revenue": 93,
        "Gross Profit": 70,
        "Operating Income": 10,
        "EBIT": 11,
        "Net Income": 7
    },
    "2012-03-31": {
        "Diluted EPS": 0.46,
        "Total Revenue": 93,
        "Gross Profit": 69,
        "Operating Income": 9,
        "EBIT": 10,
        "Net Income": 7
    },
    "2011-12-31": {
        "Diluted EPS": 0.47,
        "Total Revenue": 92,
        "Gross Profit": 55,
        "Operating Income": 10,
        "EBIT": 11,
        "Net Income": 8
    },
    "2011-09-30": {
        "Diluted EPS": -0.14,
        "Total Revenue": 91,
        "Gross Profit": 74,
        "Operating Income": -5,
        "EBIT": -4,
        "Net Income": -2
    },
    "2011-06-30": {
        "Diluted EPS": 0.36,
        "Total Revenue": 92,
        "Gross Profit": 75,
        "Operating Income": 8,
        "EBIT": 9,
        "Net Income": 6
    },
    "2011-03-31": {
        "Diluted EPS": 0.43,
        "Total Revenue": 93,
        "Gross Profit": 74,
        "Operating Income": 8,
        "EBIT": 9,
        "Net Income": 7
    },
    "2010-12-31": {
        "Diluted EPS": -0.05,
        "Total Revenue": 90,
        "Gross Profit": 52,
        "Operating Income": 4,
        "EBIT": 5,
        "Net Income": -1
    },
    "2010-09-30": {
        "Diluted EPS": -0.37,
        "Total Revenue": 86,
        "Gross Profit": 69,
        "Operating Income": 4,
        "EBIT": 5,
        "Net Income": -6
    },
    "2010-06-30": {
        "Diluted EPS": 0.07,
        "Total Revenue": 87,
        "Gross Profit": 70,
        "Operating Income": 3,
        "EBIT": 5,
        "Net Income": 1
    },
    "2010-03-31": {
        "Diluted EPS": 0.27,
        "Total Revenue": 87,
        "Gross Profit": 69,
        "Operating Income": 1,
        "EBIT": 2,
        "Net Income": 4
    },
    "2009-12-31": {
        "Diluted EPS": 0.25,
        "Total Revenue": 89,
        "Gross Profit": 71,
        "Operating Income": 7,
        "EBIT": 8,
        "Net Income": 4
    },
    "2009-09-30": {
        "Diluted EPS": 0.13,
        "Total Revenue": 86,
        "Gross Profit": 68,
        "Operating Income": 7,
        "EBIT": 8,
        "Net Income": 2
    },
    "2009-06-30": {
        "Diluted EPS": 0.1,
        "Total Revenue": 84,
        "Gross Profit": 68,
        "Operating Income": 2,
        "EBIT": 3,
        "Net Income": 2
    },
    "2009-03-31": {
        "Diluted EPS": -0.09,
        "Total Revenue": 83,
        "Gross Profit": 66,
        "Operating Income": -3,
        "EBIT": -1,
        "Net Income": -1
    },
    "2023-06-30": {
        "Tax Effect Of Unusual Items": NaN,
        "Tax Rate For Calcs": NaN,
        "Normalized EBITDA": NaN,
        "Net Income From Continuing Operation Net Minority Interest": NaN,
        "Reconciled Depreciation": NaN,
        "Reconciled Cost Of Revenue": NaN,
        "EBITDA": NaN,
        "EBIT": NaN,
        "Normalized Income": NaN,
        "Net Income From Continuing And Discontinued Operation": NaN,
        "Total Expenses": NaN,
        "Total Operating Income As Reported": NaN,
        "Diluted Average Shares": 19747000.0,
        "Basic Average Shares": 19293000.0,
        "Diluted EPS": 0.12,
        "Basic EPS": 0.13,
        "Diluted NI Availto Com Stockholders": NaN,
        "Net Income Common Stockholders": NaN,
        "Net Income": NaN,
        "Minority Interests": NaN,
        "Net Income Including Noncontrolling Interests": NaN,
        "Net Income Continuous Operations": NaN,
        "Tax Provision": NaN,
        "Pretax Income": NaN,
        "Other Income Expense": NaN,
        "Other Non Operating Income Expenses": -1087000.0,
        "Operating Income": NaN,
        "Operating Expense": NaN,
        "Selling General And Administration": NaN,
        "Selling And Marketing Expense": NaN,
        "General And Administrative Expense": NaN,
        "Other Gand A": NaN,
        "Gross Profit": NaN,
        "Cost Of Revenue": NaN,
        "Total Revenue": NaN,
        "Operating Revenue": NaN
    },
    "2023-09-30": {
        "Tax Effect Of Unusual Items": 0.0,
        "Tax Rate For Calcs": 0.359,
        "Normalized EBITDA": 8957000.0,
        "Net Income From Continuing Operation Net Minority Interest": 2832000.0,
        "Reconciled Depreciation": 3125000.0,
        "Reconciled Cost Of Revenue": 29964000.0,
        "EBITDA": 8957000.0,
        "EBIT": 5832000.0,
        "Normalized Income": 2832000.0,
        "Net Income From Continuing And Discontinued Operation": 2832000.0,
        "Total Expenses": 105370000.0,
        "Total Operating Income As Reported": 5832000.0,
        "Diluted Average Shares": 19492000.0,
        "Basic Average Shares": 19133000.0,
        "Diluted EPS": 0.15,
        "Basic EPS": 0.15,
        "Diluted NI Availto Com Stockholders": 2832000.0,
        "Net Income Common Stockholders": 2832000.0,
        "Net Income": 2832000.0,
        "Minority Interests": -310000.0,
        "Net Income Including Noncontrolling Interests": 3142000.0,
        "Net Income Continuous Operations": 3142000.0,
        "Tax Provision": 1763000.0,
        "Pretax Income": 4905000.0,
        "Other Income Expense": -927000.0,
        "Other Non Operating Income Expenses": -927000.0,
        "Operating Income": 5832000.0,
        "Operating Expense": 75406000.0,
        "Selling General And Administration": 75406000.0,
        "Selling And Marketing Expense": 34118000.0,
        "General And Administrative Expense": 41288000.0,
        "Other Gand A": 41288000.0,
        "Gross Profit": 81238000.0,
        "Cost Of Revenue": 29964000.0,
        "Total Revenue": 111202000.0,
        "Operating Revenue": 111202000.0
    },
    "2023-12-31": {
        "Tax Effect Of Unusual Items": 0.0,
        "Tax Rate For Calcs": 0.21,
        "Normalized EBITDA": 10267000.0,
        "Net Income From Continuing Operation Net Minority Interest": 8962000.0,
        "Reconciled Depreciation": 3037000.0,
        "Reconciled Cost Of Revenue": 30613000.0,
        "EBITDA": 10267000.0,
        "EBIT": 7230000.0,
        "Normalized Income": 8962000.0,
        "Net Income From Continuing And Discontinued Operation": 8962000.0,
        "Total Expenses": 103228000.0,
        "Total Operating Income As Reported": 5708000.0,
        "Diluted Average Shares": NaN,
        "Basic Average Shares": NaN,
        "Diluted EPS": NaN,
        "Basic EPS": NaN,
        "Diluted NI Availto Com Stockholders": 8962000.0,
        "Net Income Common Stockholders": 8962000.0,
        "Net Income": 8962000.0,
        "Minority Interests": -382000.0,
        "Net Income Including Noncontrolling Interests": 9344000.0,
        "Net Income Continuous Operations": 9344000.0,
        "Tax Provision": -1683000.0,
        "Pretax Income": 7661000.0,
        "Other Income Expense": 1470000.0,
        "Other Non Operating Income Expenses": NaN,
        "Operating Income": 5708000.0,
        "Operating Expense": 72615000.0,
        "Selling General And Administration": 72615000.0,
        "Selling And Marketing Expense": 32760000.0,
        "General And Administrative Expense": 39855000.0,
        "Other Gand A": 39855000.0,
        "Gross Profit": 78323000.0,
        "Cost Of Revenue": 30613000.0,
        "Total Revenue": 108936000.0,
        "Operating Revenue": 108936000.0
    },
    "2024-03-31": {
        "Tax Effect Of Unusual Items": 0.0,
        "Tax Rate For Calcs": 0.21,
        "Normalized EBITDA": 7784000.0,
        "Net Income From Continuing Operation Net Minority Interest": 2321000.0,
        "Reconciled Depreciation": 3160000.0,
        "Reconciled Cost Of Revenue": 32015000.0,
        "EBITDA": 7784000.0,
        "EBIT": 4624000.0,
        "Normalized Income": 2321000.0,
        "Net Income From Continuing And Discontinued Operation": 2321000.0,
        "Total Expenses": 106369000.0,
        "Total Operating Income As Reported": 4624000.0,
        "Diluted Average Shares": 19224000.0,
        "Basic Average Shares": 18828000.0,
        "Diluted EPS": 0.12,
        "Basic EPS": 0.12,
        "Diluted NI Availto Com Stockholders": 2321000.0,
        "Net Income Common Stockholders": 2321000.0,
        "Net Income": 2321000.0,
        "Minority Interests": -169000.0,
        "Net Income Including Noncontrolling Interests": 2490000.0,
        "Net Income Continuous Operations": 2490000.0,
        "Tax Provision": 2165000.0,
        "Pretax Income": 4655000.0,
        "Other Income Expense": 31000.0,
        "Other Non Operating Income Expenses": 31000.0,
        "Operating Income": 4624000.0,
        "Operating Expense": 74354000.0,
        "Selling General And Administration": 74354000.0,
        "Selling And Marketing Expense": 33570000.0,
        "General And Administrative Expense": 40784000.0,
        "Other Gand A": 40784000.0,
        "Gross Profit": 78978000.0,
        "Cost Of Revenue": 32015000.0,
        "Total Revenue": 110993000.0,
        "Operating Revenue": 110993000.0
    },
    "2024-06-30": {
        "Tax Effect Of Unusual Items": 0.0,
        "Tax Rate For Calcs": 0.21,
        "Normalized EBITDA": 9136000.0,
        "Net Income From Continuing Operation Net Minority Interest": 1349000.0,
        "Reconciled Depreciation": 3499000.0,
        "Reconciled Cost Of Revenue": 31664000.0,
        "EBITDA": 9136000.0,
        "EBIT": 5637000.0,
        "Normalized Income": 1349000.0,
        "Net Income From Continuing And Discontinued Operation": 1349000.0,
        "Total Expenses": 104914000.0,
        "Total Operating Income As Reported": 5637000.0,
        "Diluted Average Shares": 19119000.0,
        "Basic Average Shares": 18647000.0,
        "Diluted EPS": 0.07,
        "Basic EPS": 0.07,
        "Diluted NI Availto Com Stockholders": 1349000.0,
        "Net Income Common Stockholders": 1349000.0,
        "Net Income": 1349000.0,
        "Minority Interests": -139000.0,
        "Net Income Including Noncontrolling Interests": 1488000.0,
        "Net Income Continuous Operations": 1488000.0,
        "Tax Provision": 2935000.0,
        "Pretax Income": 4423000.0,
        "Other Income Expense": -1214000.0,
        "Other Non Operating Income Expenses": -1214000.0,
        "Operating Income": 5637000.0,
        "Operating Expense": 73250000.0,
        "Selling General And Administration": 73250000.0,
        "Selling And Marketing Expense": 34693000.0,
        "General And Administrative Expense": 38557000.0,
        "Other Gand A": 38557000.0,
        "Gross Profit": 78887000.0,
        "Cost Of Revenue": 31664000.0,
        "Total Revenue": 110551000.0,
        "Operating Revenue": 110551000.0
    },
    "2024-09-30": {
        "Tax Effect Of Unusual Items": 0.0,
        "Tax Rate For Calcs": 0.21,
        "Normalized EBITDA": 8820000.0,
        "Net Income From Continuing Operation Net Minority Interest": 4347000.0,
        "Reconciled Depreciation": 3536000.0,
        "Reconciled Cost Of Revenue": 32856000.0,
        "EBITDA": 8820000.0,
        "EBIT": 5284000.0,
        "Normalized Income": 4347000.0,
        "Net Income From Continuing And Discontinued Operation": 4347000.0,
        "Total Expenses": 109331000.0,
        "Total Operating Income As Reported": 5284000.0,
        "Diluted Average Shares": 18890000.0,
        "Basic Average Shares": 18512000.0,
        "Diluted EPS": 0.23,
        "Basic EPS": 0.23,
        "Diluted NI Availto Com Stockholders": 4347000.0,
        "Net Income Common Stockholders": 4347000.0,
        "Net Income": 4347000.0,
        "Minority Interests": -299000.0,
        "Net Income Including Noncontrolling Interests": 4646000.0,
        "Net Income Continuous Operations": 4646000.0,
        "Tax Provision": 3253000.0,
        "Pretax Income": 7899000.0,
        "Other Income Expense": 2615000.0,
        "Other Non Operating Income Expenses": 2615000.0,
        "Operating Income": 5284000.0,
        "Operating Expense": 76475000.0,
        "Selling General And Administration": 76475000.0,
        "Selling And Marketing Expense": 35521000.0,
        "General And Administrative Expense": 40954000.0,
        "Other Gand A": 40954000.0,
        "Gross Profit": 81759000.0,
        "Cost Of Revenue": 32856000.0,
        "Total Revenue": 114615000.0,
        "Operating Revenue": 114615000.0
    }
}