{
    "2023-03-31": {
        "Tax Effect Of Unusual Items": NaN,
        "Tax Rate For Calcs": NaN,
        "Normalized EBITDA": NaN,
        "Net Income From Continuing Operation Net Minority Interest": NaN,
        "Reconciled Depreciation": NaN,
        "EBITDA": NaN,
        "EBIT": NaN,
        "Net Interest Income": NaN,
        "Interest Income": NaN,
        "Normalized Income": NaN,
        "Net Income From Continuing And Discontinued Operation": NaN,
        "Total Expenses": NaN,
        "Diluted Average Shares": NaN,
        "Basic Average Shares": NaN,
        "Diluted EPS": NaN,
        "Basic EPS": NaN,
        "Diluted NI Availto Com Stockholders": NaN,
        "Net Income Common Stockholders": NaN,
        "Net Income": NaN,
        "Net Income Including Noncontrolling Interests": NaN,
        "Net Income Continuous Operations": NaN,
        "Pretax Income": NaN,
        "Other Income Expense": -3000.0,
        "Other Non Operating Income Expenses": -3000.0,
        "Net Non Operating Interest Income Expense": NaN,
        "Interest Income Non Operating": NaN,
        "Operating Income": NaN,
        "Operating Expense": NaN,
        "Research And Development": NaN,
        "Selling General And Administration": NaN,
        "General And Administrative Expense": NaN,
        "Other Gand A": NaN,
        "Total Revenue": NaN,
        "Operating Revenue": NaN
    },
    "2022-12-31": {
        "Tax Effect Of Unusual Items": NaN,
        "Tax Rate For Calcs": NaN,
        "Normalized EBITDA": NaN,
        "Net Income From Continuing Operation Net Minority Interest": NaN,
        "Reconciled Depreciation": NaN,
        "EBITDA": NaN,
        "EBIT": NaN,
        "Net Interest Income": NaN,
        "Interest Income": NaN,
        "Normalized Income": NaN,
        "Net Income From Continuing And Discontinued Operation": NaN,
        "Total Expenses": NaN,
        "Diluted Average Shares": NaN,
        "Basic Average Shares": NaN,
        "Diluted EPS": NaN,
        "Basic EPS": NaN,
        "Diluted NI Availto Com Stockholders": NaN,
        "Net Income Common Stockholders": NaN,
        "Net Income": NaN,
        "Net Income Including Noncontrolling Interests": NaN,
        "Net Income Continuous Operations": NaN,
        "Pretax Income": NaN,
        "Other Income Expense": 9000.0,
        "Other Non Operating Income Expenses": 9000.0,
        "Net Non Operating Interest Income Expense": NaN,
        "Interest Income Non Operating": NaN,
        "Operating Income": NaN,
        "Operating Expense": NaN,
        "Research And Development": NaN,
        "Selling General And Administration": NaN,
        "General And Administrative Expense": NaN,
        "Other Gand A": NaN,
        "Total Revenue": NaN,
        "Operating Revenue": NaN
    },
    "2022-09-30": {
        "Tax Effect Of Unusual Items": NaN,
        "Tax Rate For Calcs": NaN,
        "Normalized EBITDA": NaN,
        "Net Income From Continuing Operation Net Minority Interest": NaN,
        "Reconciled Depreciation": NaN,
        "EBITDA": NaN,
        "EBIT": NaN,
        "Net Interest Income": NaN,
        "Interest Income": NaN,
        "Normalized Income": NaN,
        "Net Income From Continuing And Discontinued Operation": NaN,
        "Total Expenses": NaN,
        "Diluted Average Shares": NaN,
        "Basic Average Shares": NaN,
        "Diluted EPS": NaN,
        "Basic EPS": NaN,
        "Diluted NI Availto Com Stockholders": NaN,
        "Net Income Common Stockholders": NaN,
        "Net Income": NaN,
        "Net Income Including Noncontrolling Interests": NaN,
        "Net Income Continuous Operations": NaN,
        "Pretax Income": NaN,
        "Other Income Expense": -132000.0,
        "Other Non Operating Income Expenses": -132000.0,
        "Net Non Operating Interest Income Expense": NaN,
        "Interest Income Non Operating": NaN,
        "Operating Income": NaN,
        "Operating Expense": NaN,
        "Research And Development": NaN,
        "Selling General And Administration": NaN,
        "General And Administrative Expense": NaN,
        "Other Gand A": NaN,
        "Total Revenue": NaN,
        "Operating Revenue": NaN
    },
    "2022-06-30": {
        "Tax Effect Of Unusual Items": 0.0,
        "Tax Rate For Calcs": 0.0,
        "Normalized EBITDA": -14643000.0,
        "Net Income From Continuing Operation Net Minority Interest": -14689000.0,
        "Reconciled Depreciation": 829000.0,
        "EBITDA": -14643000.0,
        "EBIT": -15472000.0,
        "Net Interest Income": NaN,
        "Interest Income": NaN,
        "Normalized Income": -14689000.0,
        "Net Income From Continuing And Discontinued Operation": -14689000.0,
        "Total Expenses": 15472000.0,
        "Diluted Average Shares": 124494036.0,
        "Basic Average Shares": 124494036.0,
        "Diluted EPS": -0.12,
        "Basic EPS": -0.12,
        "Diluted NI Availto Com Stockholders": -14689000.0,
        "Net Income Common Stockholders": -14689000.0,
        "Net Income": -14689000.0,
        "Net Income Including Noncontrolling Interests": -14689000.0,
        "Net Income Continuous Operations": -14689000.0,
        "Pretax Income": -14689000.0,
        "Other Income Expense": 783000.0,
        "Other Non Operating Income Expenses": 783000.0,
        "Net Non Operating Interest Income Expense": NaN,
        "Interest Income Non Operating": NaN,
        "Operating Income": -15472000.0,
        "Operating Expense": 15472000.0,
        "Research And Development": 8856000.0,
        "Selling General And Administration": 6616000.0,
        "General And Administrative Expense": 6616000.0,
        "Other Gand A": 6616000.0,
        "Total Revenue": 0.0,
        "Operating Revenue": 0.0
    },
    "2023-06-30": {
        "Tax Effect Of Unusual Items": NaN,
        "Tax Rate For Calcs": NaN,
        "Normalized EBITDA": NaN,
        "Net Income From Continuing Operation Net Minority Interest": NaN,
        "Reconciled Depreciation": NaN,
        "EBITDA": NaN,
        "EBIT": NaN,
        "Net Interest Income": NaN,
        "Interest Income": NaN,
        "Normalized Income": NaN,
        "Net Income From Continuing And Discontinued Operation": NaN,
        "Total Expenses": NaN,
        "Diluted Average Shares": 124603181.0,
        "Basic Average Shares": 124603181.0,
        "Diluted EPS": -0.13,
        "Basic EPS": -0.13,
        "Diluted NI Availto Com Stockholders": NaN,
        "Net Income Common Stockholders": NaN,
        "Net Income": NaN,
        "Net Income Including Noncontrolling Interests": NaN,
        "Net Income Continuous Operations": NaN,
        "Pretax Income": NaN,
        "Other Income Expense": -14000.0,
        "Other Non Operating Income Expenses": -14000.0,
        "Net Non Operating Interest Income Expense": NaN,
        "Interest Income Non Operating": NaN,
        "Operating Income": NaN,
        "Operating Expense": NaN,
        "Research And Development": NaN,
        "Selling General And Administration": NaN,
        "General And Administrative Expense": NaN,
        "Other Gand A": NaN,
        "Total Revenue": NaN,
        "Operating Revenue": NaN
    },
    "2022-03-31": {
        "Diluted EPS": -0.13,
        "Total Revenue": NaN,
        "Gross Profit": NaN,
        "Operating Income": -16,
        "EBIT": -15,
        "Net Income": -16
    },
    "2021-12-31": {
        "Diluted EPS": -0.04,
        "Total Revenue": NaN,
        "Gross Profit": NaN,
        "Operating Income": -17,
        "EBIT": -16,
        "Net Income": -17
    },
    "2021-09-30": {
        "Diluted EPS": -0.12,
        "Total Revenue": NaN,
        "Gross Profit": NaN,
        "Operating Income": -15,
        "EBIT": -14,
        "Net Income": -15
    },
    "2021-06-30": {
        "Diluted EPS": -0.19,
        "Total Revenue": NaN,
        "Gross Profit": NaN,
        "Operating Income": -11,
        "EBIT": -10,
        "Net Income": -11
    },
    "2021-03-31": {
        "Diluted EPS": -0.25,
        "Total Revenue": NaN,
        "Gross Profit": NaN,
        "Operating Income": -8,
        "EBIT": -8,
        "Net Income": -8
    },
    "2020-12-31": {
        "Diluted EPS": 0.0,
        "Total Revenue": NaN,
        "Gross Profit": NaN,
        "Operating Income": NaN,
        "EBIT": NaN,
        "Net Income": NaN
    },
    "2020-09-30": {
        "Diluted EPS": -0.13,
        "Total Revenue": NaN,
        "Gross Profit": NaN,
        "Operating Income": -4,
        "EBIT": -3,
        "Net Income": -4
    },
    "2020-06-30": {
        "Diluted EPS": -0.12,
        "Total Revenue": NaN,
        "Gross Profit": NaN,
        "Operating Income": -3,
        "EBIT": -3,
        "Net Income": -3
    },
    "2023-09-30": {
        "Tax Effect Of Unusual Items": 0.0,
        "Tax Rate For Calcs": 0.0,
        "Normalized EBITDA": -17592000.0,
        "Net Income From Continuing Operation Net Minority Interest": -15878000.0,
        "Reconciled Depreciation": 1483000.0,
        "EBITDA": -17592000.0,
        "EBIT": -19075000.0,
        "Net Interest Income": 3197000.0,
        "Interest Income": 3197000.0,
        "Normalized Income": -15878000.0,
        "Net Income From Continuing And Discontinued Operation": -15878000.0,
        "Total Expenses": 19075000.0,
        "Diluted Average Shares": 124933837.0,
        "Basic Average Shares": 124933837.0,
        "Diluted EPS": -0.13,
        "Basic EPS": -0.13,
        "Diluted NI Availto Com Stockholders": -15878000.0,
        "Net Income Common Stockholders": -15878000.0,
        "Net Income": -15878000.0,
        "Net Income Including Noncontrolling Interests": -15878000.0,
        "Net Income Continuous Operations": -15878000.0,
        "Pretax Income": -15878000.0,
        "Other Income Expense": NaN,
        "Other Non Operating Income Expenses": NaN,
        "Net Non Operating Interest Income Expense": 3197000.0,
        "Interest Income Non Operating": 3197000.0,
        "Operating Income": -19075000.0,
        "Operating Expense": 19075000.0,
        "Research And Development": 11996000.0,
        "Selling General And Administration": 7079000.0,
        "General And Administrative Expense": 7079000.0,
        "Other Gand A": 7079000.0,
        "Total Revenue": 0.0,
        "Operating Revenue": 0.0
    },
    "2023-12-31": {
        "Tax Effect Of Unusual Items": 0.0,
        "Tax Rate For Calcs": 0.0,
        "Normalized EBITDA": -18411000.0,
        "Net Income From Continuing Operation Net Minority Interest": -17024000.0,
        "Reconciled Depreciation": 1590000.0,
        "EBITDA": -18411000.0,
        "EBIT": -20001000.0,
        "Net Interest Income": 3033000.0,
        "Interest Income": 3033000.0,
        "Normalized Income": -17024000.0,
        "Net Income From Continuing And Discontinued Operation": -17024000.0,
        "Total Expenses": 20001000.0,
        "Diluted Average Shares": NaN,
        "Basic Average Shares": NaN,
        "Diluted EPS": NaN,
        "Basic EPS": NaN,
        "Diluted NI Availto Com Stockholders": -17024000.0,
        "Net Income Common Stockholders": -17024000.0,
        "Net Income": -17024000.0,
        "Net Income Including Noncontrolling Interests": -17024000.0,
        "Net Income Continuous Operations": -17024000.0,
        "Pretax Income": -17024000.0,
        "Other Income Expense": -56000.0,
        "Other Non Operating Income Expenses": -56000.0,
        "Net Non Operating Interest Income Expense": 3033000.0,
        "Interest Income Non Operating": 3033000.0,
        "Operating Income": -20001000.0,
        "Operating Expense": 20001000.0,
        "Research And Development": 12466000.0,
        "Selling General And Administration": 7535000.0,
        "General And Administrative Expense": 7535000.0,
        "Other Gand A": 7535000.0,
        "Total Revenue": 0.0,
        "Operating Revenue": 0.0
    },
    "2024-03-31": {
        "Tax Effect Of Unusual Items": 0.0,
        "Tax Rate For Calcs": 0.0,
        "Normalized EBITDA": -20016000.0,
        "Net Income From Continuing Operation Net Minority Interest": -18730000.0,
        "Reconciled Depreciation": 1591000.0,
        "EBITDA": -20016000.0,
        "EBIT": -21607000.0,
        "Net Interest Income": 2877000.0,
        "Interest Income": 2877000.0,
        "Normalized Income": -18730000.0,
        "Net Income From Continuing And Discontinued Operation": -18730000.0,
        "Total Expenses": 21607000.0,
        "Diluted Average Shares": 125135451.0,
        "Basic Average Shares": 125135451.0,
        "Diluted EPS": -0.15,
        "Basic EPS": -0.15,
        "Diluted NI Availto Com Stockholders": -18730000.0,
        "Net Income Common Stockholders": -18730000.0,
        "Net Income": -18730000.0,
        "Net Income Including Noncontrolling Interests": -18730000.0,
        "Net Income Continuous Operations": -18730000.0,
        "Pretax Income": -18730000.0,
        "Other Income Expense": NaN,
        "Other Non Operating Income Expenses": NaN,
        "Net Non Operating Interest Income Expense": 2877000.0,
        "Interest Income Non Operating": 2877000.0,
        "Operating Income": -21607000.0,
        "Operating Expense": 21607000.0,
        "Research And Development": 12930000.0,
        "Selling General And Administration": 8677000.0,
        "General And Administrative Expense": 8677000.0,
        "Other Gand A": 8677000.0,
        "Total Revenue": 0.0,
        "Operating Revenue": 0.0
    },
    "2024-06-30": {
        "Tax Effect Of Unusual Items": 0.0,
        "Tax Rate For Calcs": 0.0,
        "Normalized EBITDA": -19192000.0,
        "Net Income From Continuing Operation Net Minority Interest": -18010000.0,
        "Reconciled Depreciation": 1597000.0,
        "EBITDA": -19192000.0,
        "EBIT": -20789000.0,
        "Net Interest Income": 2798000.0,
        "Interest Income": 2798000.0,
        "Normalized Income": -18010000.0,
        "Net Income From Continuing And Discontinued Operation": -18010000.0,
        "Total Expenses": 20789000.0,
        "Diluted Average Shares": 125317650.0,
        "Basic Average Shares": 125317650.0,
        "Diluted EPS": -0.14,
        "Basic EPS": -0.14,
        "Diluted NI Availto Com Stockholders": -18010000.0,
        "Net Income Common Stockholders": -18010000.0,
        "Net Income": -18010000.0,
        "Net Income Including Noncontrolling Interests": -18010000.0,
        "Net Income Continuous Operations": -18010000.0,
        "Pretax Income": -18010000.0,
        "Other Income Expense": -19000.0,
        "Other Non Operating Income Expenses": -19000.0,
        "Net Non Operating Interest Income Expense": 2798000.0,
        "Interest Income Non Operating": 2798000.0,
        "Operating Income": -20789000.0,
        "Operating Expense": 20789000.0,
        "Research And Development": 12436000.0,
        "Selling General And Administration": 8353000.0,
        "General And Administrative Expense": 8353000.0,
        "Other Gand A": 8353000.0,
        "Total Revenue": 0.0,
        "Operating Revenue": 0.0
    },
    "2024-09-30": {
        "Tax Effect Of Unusual Items": 0.0,
        "Tax Rate For Calcs": 0.0,
        "Normalized EBITDA": -17488000.0,
        "Net Income From Continuing Operation Net Minority Interest": -16446000.0,
        "Reconciled Depreciation": 1612000.0,
        "EBITDA": -17488000.0,
        "EBIT": -19100000.0,
        "Net Interest Income": 2674000.0,
        "Interest Income": 2674000.0,
        "Normalized Income": -16446000.0,
        "Net Income From Continuing And Discontinued Operation": -16446000.0,
        "Total Expenses": 19100000.0,
        "Diluted Average Shares": 125452572.0,
        "Basic Average Shares": 125452572.0,
        "Diluted EPS": -0.13,
        "Basic EPS": -0.13,
        "Diluted NI Availto Com Stockholders": -16446000.0,
        "Net Income Common Stockholders": -16446000.0,
        "Net Income": -16446000.0,
        "Net Income Including Noncontrolling Interests": -16446000.0,
        "Net Income Continuous Operations": -16446000.0,
        "Pretax Income": -16446000.0,
        "Other Income Expense": -20000.0,
        "Other Non Operating Income Expenses": -20000.0,
        "Net Non Operating Interest Income Expense": 2674000.0,
        "Interest Income Non Operating": 2674000.0,
        "Operating Income": -19100000.0,
        "Operating Expense": 19100000.0,
        "Research And Development": 12288000.0,
        "Selling General And Administration": 6812000.0,
        "General And Administrative Expense": 6812000.0,
        "Other Gand A": 6812000.0,
        "Total Revenue": 0.0,
        "Operating Revenue": 0.0
    }
}