{
    "2023-06-30": {
        "Tax Effect Of Unusual Items": 0.0,
        "Tax Rate For Calcs": 0.204,
        "Total Unusual Items": NaN,
        "Total Unusual Items Excluding Goodwill": NaN,
        "Net Income From Continuing Operation Net Minority Interest": 32557000.0,
        "Reconciled Depreciation": 2007000.0,
        "Net Interest Income": 91226000.0,
        "Interest Expense": 31285000.0,
        "Interest Income": 122511000.0,
        "Normalized Income": 32557000.0,
        "Net Income From Continuing And Discontinued Operation": 32557000.0,
        "Diluted Average Shares": 38107326.0,
        "Basic Average Shares": 37957287.0,
        "Diluted EPS": 0.85,
        "Basic EPS": 0.86,
        "Diluted NI Availto Com Stockholders": 32557000.0,
        "Net Income Common Stockholders": 32557000.0,
        "Otherunder Preferred Stock Dividend": NaN,
        "Net Income": 32557000.0,
        "Net Income Including Noncontrolling Interests": 32557000.0,
        "Net Income Continuous Operations": 32557000.0,
        "Tax Provision": 9811000.0,
        "Pretax Income": 42368000.0,
        "Other Non Operating Income Expenses": NaN,
        "Special Income Charges": NaN,
        "Restructuring And Mergern Acquisition": NaN,
        "Gain On Sale Of Security": 0.0,
        "Depreciation Amortization Depletion Income Statement": 2007000.0,
        "Depreciation And Amortization In Income Statement": 2007000.0,
        "Amortization": 2007000.0,
        "Amortization Of Intangibles Income Statement": 2007000.0,
        "Selling General And Administration": 35215000.0,
        "Selling And Marketing Expense": 1090000.0,
        "General And Administrative Expense": 35215000.0,
        "Other Gand A": NaN,
        "Insurance And Claims": 1569000.0,
        "Salaries And Wages": 35215000.0,
        "Total Revenue": 105049000.0,
        "Operating Revenue": 105049000.0
    },
    "2023-03-31": {
        "Tax Effect Of Unusual Items": 0.0,
        "Tax Rate For Calcs": 0.2,
        "Total Unusual Items": NaN,
        "Total Unusual Items Excluding Goodwill": NaN,
        "Net Income From Continuing Operation Net Minority Interest": 40283000.0,
        "Reconciled Depreciation": 1363000.0,
        "Net Interest Income": 96303000.0,
        "Interest Expense": 18644000.0,
        "Interest Income": 114947000.0,
        "Normalized Income": 40283000.0,
        "Net Income From Continuing And Discontinued Operation": 40283000.0,
        "Diluted Average Shares": 38074973.0,
        "Basic Average Shares": 37785488.0,
        "Diluted EPS": 1.06,
        "Basic EPS": 1.06,
        "Diluted NI Availto Com Stockholders": 40283000.0,
        "Net Income Common Stockholders": 40283000.0,
        "Otherunder Preferred Stock Dividend": NaN,
        "Net Income": 40283000.0,
        "Net Income Including Noncontrolling Interests": 40283000.0,
        "Net Income Continuous Operations": 40283000.0,
        "Tax Provision": 11493000.0,
        "Pretax Income": 51776000.0,
        "Other Non Operating Income Expenses": NaN,
        "Special Income Charges": NaN,
        "Restructuring And Mergern Acquisition": NaN,
        "Gain On Sale Of Security": 0.0,
        "Depreciation Amortization Depletion Income Statement": 1363000.0,
        "Depreciation And Amortization In Income Statement": 1363000.0,
        "Amortization": 1363000.0,
        "Amortization Of Intangibles Income Statement": 1363000.0,
        "Selling General And Administration": 32989000.0,
        "Selling And Marketing Expense": 870000.0,
        "General And Administrative Expense": 32989000.0,
        "Other Gand A": NaN,
        "Insurance And Claims": 2178000.0,
        "Salaries And Wages": 32989000.0,
        "Total Revenue": 110968000.0,
        "Operating Revenue": 110968000.0
    },
    "2022-12-31": {
        "Tax Effect Of Unusual Items": 0.0,
        "Tax Rate For Calcs": 0.15,
        "Total Unusual Items": 0.0,
        "Total Unusual Items Excluding Goodwill": 0.0,
        "Net Income From Continuing Operation Net Minority Interest": 16721000.0,
        "Reconciled Depreciation": 1363000.0,
        "Net Interest Income": 96520000.0,
        "Interest Expense": 8892000.0,
        "Interest Income": 105412000.0,
        "Normalized Income": 16721000.0,
        "Net Income From Continuing And Discontinued Operation": 16721000.0,
        "Diluted Average Shares": 38219838.0,
        "Basic Average Shares": 37822222.0,
        "Diluted EPS": 0.44,
        "Basic EPS": 0.44,
        "Diluted NI Availto Com Stockholders": 16721000.0,
        "Net Income Common Stockholders": 16721000.0,
        "Otherunder Preferred Stock Dividend": 41000.0,
        "Net Income": 16721000.0,
        "Net Income Including Noncontrolling Interests": 16721000.0,
        "Net Income Continuous Operations": 16721000.0,
        "Tax Provision": 4406000.0,
        "Pretax Income": 21127000.0,
        "Other Non Operating Income Expenses": NaN,
        "Special Income Charges": 0.0,
        "Restructuring And Mergern Acquisition": 0.0,
        "Gain On Sale Of Security": 0.0,
        "Depreciation Amortization Depletion Income Statement": 1363000.0,
        "Depreciation And Amortization In Income Statement": 1363000.0,
        "Amortization": 1363000.0,
        "Amortization Of Intangibles Income Statement": 1363000.0,
        "Selling General And Administration": 36319000.0,
        "Selling And Marketing Expense": 1495000.0,
        "General And Administrative Expense": 36319000.0,
        "Other Gand A": NaN,
        "Insurance And Claims": 645000.0,
        "Salaries And Wages": 36319000.0,
        "Total Revenue": 110658000.0,
        "Operating Revenue": 110658000.0
    },
    "2022-09-30": {
        "Tax Effect Of Unusual Items": 76179.0,
        "Tax Rate For Calcs": 0.201,
        "Total Unusual Items": 379000.0,
        "Total Unusual Items Excluding Goodwill": 379000.0,
        "Net Income From Continuing Operation Net Minority Interest": 15839000.0,
        "Reconciled Depreciation": 383000.0,
        "Net Interest Income": 70500000.0,
        "Interest Expense": 3278000.0,
        "Interest Income": 73778000.0,
        "Normalized Income": 15536179.0,
        "Net Income From Continuing And Discontinued Operation": 15839000.0,
        "Diluted Average Shares": 31531075.0,
        "Basic Average Shares": 31259188.0,
        "Diluted EPS": 0.5,
        "Basic EPS": 0.51,
        "Diluted NI Availto Com Stockholders": 15839000.0,
        "Net Income Common Stockholders": 15839000.0,
        "Otherunder Preferred Stock Dividend": 39000.0,
        "Net Income": 15839000.0,
        "Net Income Including Noncontrolling Interests": 15839000.0,
        "Net Income Continuous Operations": 15839000.0,
        "Tax Provision": 5403000.0,
        "Pretax Income": 21242000.0,
        "Other Non Operating Income Expenses": NaN,
        "Special Income Charges": 0.0,
        "Restructuring And Mergern Acquisition": 0.0,
        "Gain On Sale Of Security": 0.0,
        "Depreciation Amortization Depletion Income Statement": 383000.0,
        "Depreciation And Amortization In Income Statement": 383000.0,
        "Amortization": 383000.0,
        "Amortization Of Intangibles Income Statement": 383000.0,
        "Selling General And Administration": 30540000.0,
        "Selling And Marketing Expense": 979000.0,
        "General And Administrative Expense": 30540000.0,
        "Other Gand A": 2899000.0,
        "Insurance And Claims": 508000.0,
        "Salaries And Wages": 30540000.0,
        "Total Revenue": 88236000.0,
        "Operating Revenue": 88236000.0
    },
    "2022-06-30": {
        "Tax Effect Of Unusual Items": 0.0,
        "Tax Rate For Calcs": 0.176,
        "Total Unusual Items": 0.0,
        "Total Unusual Items Excluding Goodwill": 0.0,
        "Net Income From Continuing Operation Net Minority Interest": 20362000.0,
        "Reconciled Depreciation": 296000.0,
        "Net Interest Income": 57353000.0,
        "Interest Expense": 2819000.0,
        "Interest Income": 60172000.0,
        "Normalized Income": 20362000.0,
        "Net Income From Continuing And Discontinued Operation": 20362000.0,
        "Diluted Average Shares": 30493265.0,
        "Basic Average Shares": 30225898.0,
        "Diluted EPS": 0.67,
        "Basic EPS": 0.67,
        "Diluted NI Availto Com Stockholders": 20362000.0,
        "Net Income Common Stockholders": 20362000.0,
        "Otherunder Preferred Stock Dividend": 37000.0,
        "Net Income": 20362000.0,
        "Net Income Including Noncontrolling Interests": 20362000.0,
        "Net Income Continuous Operations": 20362000.0,
        "Tax Provision": 5697000.0,
        "Pretax Income": 26059000.0,
        "Other Non Operating Income Expenses": 1336000.0,
        "Special Income Charges": 0.0,
        "Restructuring And Mergern Acquisition": 0.0,
        "Gain On Sale Of Security": 0.0,
        "Depreciation Amortization Depletion Income Statement": 296000.0,
        "Depreciation And Amortization In Income Statement": 296000.0,
        "Amortization": 296000.0,
        "Amortization Of Intangibles Income Statement": 296000.0,
        "Selling General And Administration": 28776000.0,
        "Selling And Marketing Expense": 674000.0,
        "General And Administrative Expense": 28776000.0,
        "Other Gand A": 2453000.0,
        "Insurance And Claims": 486000.0,
        "Salaries And Wages": 28776000.0,
        "Total Revenue": 74110000.0,
        "Operating Revenue": 74110000.0
    },
    "2022-03-31": {
        "Diluted EPS": 0.6,
        "Total Revenue": 69,
        "Gross Profit": 66,
        "Operating Income": 22,
        "EBIT": NaN,
        "Net Income": 18
    },
    "2021-12-31": {
        "Diluted EPS": 0.74,
        "Total Revenue": 76,
        "Gross Profit": 73,
        "Operating Income": 28,
        "EBIT": NaN,
        "Net Income": 23
    },
    "2021-09-30": {
        "Diluted EPS": 0.64,
        "Total Revenue": 79,
        "Gross Profit": 76,
        "Operating Income": 25,
        "EBIT": NaN,
        "Net Income": 20
    },
    "2021-06-30": {
        "Diluted EPS": 0.77,
        "Total Revenue": 74,
        "Gross Profit": 70,
        "Operating Income": 30,
        "EBIT": NaN,
        "Net Income": 24
    },
    "2021-03-31": {
        "Diluted EPS": 0.86,
        "Total Revenue": 83,
        "Gross Profit": 79,
        "Operating Income": 32,
        "EBIT": NaN,
        "Net Income": 27
    },
    "2020-12-31": {
        "Diluted EPS": 0.88,
        "Total Revenue": 87,
        "Gross Profit": 82,
        "Operating Income": 33,
        "EBIT": NaN,
        "Net Income": 27
    },
    "2020-09-30": {
        "Diluted EPS": 0.9,
        "Total Revenue": 97,
        "Gross Profit": 91,
        "Operating Income": 35,
        "EBIT": NaN,
        "Net Income": 28
    },
    "2020-06-30": {
        "Diluted EPS": 0.57,
        "Total Revenue": 93,
        "Gross Profit": 86,
        "Operating Income": 22,
        "EBIT": NaN,
        "Net Income": 18
    },
    "2020-03-31": {
        "Diluted EPS": 0.5,
        "Total Revenue": 82,
        "Gross Profit": 74,
        "Operating Income": 19,
        "EBIT": NaN,
        "Net Income": 16
    },
    "2019-12-31": {
        "Diluted EPS": 0.62,
        "Total Revenue": 80,
        "Gross Profit": 71,
        "Operating Income": 23,
        "EBIT": NaN,
        "Net Income": 20
    },
    "2019-09-30": {
        "Diluted EPS": 0.69,
        "Total Revenue": 86,
        "Gross Profit": 77,
        "Operating Income": 27,
        "EBIT": NaN,
        "Net Income": 22
    },
    "2019-06-30": {
        "Diluted EPS": 0.64,
        "Total Revenue": 83,
        "Gross Profit": 73,
        "Operating Income": 23,
        "EBIT": NaN,
        "Net Income": 20
    },
    "2019-03-31": {
        "Diluted EPS": 0.6,
        "Total Revenue": 76,
        "Gross Profit": 68,
        "Operating Income": 22,
        "EBIT": NaN,
        "Net Income": 19
    },
    "2018-12-31": {
        "Diluted EPS": 0.54,
        "Total Revenue": 73,
        "Gross Profit": 66,
        "Operating Income": 21,
        "EBIT": NaN,
        "Net Income": 17
    },
    "2018-09-30": {
        "Diluted EPS": 0.58,
        "Total Revenue": 74,
        "Gross Profit": 68,
        "Operating Income": 23,
        "EBIT": NaN,
        "Net Income": 18
    },
    "2018-06-30": {
        "Diluted EPS": 0.56,
        "Total Revenue": 74,
        "Gross Profit": 69,
        "Operating Income": 20,
        "EBIT": NaN,
        "Net Income": 18
    },
    "2018-03-31": {
        "Diluted EPS": 0.27,
        "Total Revenue": 71,
        "Gross Profit": 65,
        "Operating Income": 10,
        "EBIT": NaN,
        "Net Income": 8
    },
    "2017-12-31": {
        "Diluted EPS": -0.36,
        "Total Revenue": 51,
        "Gross Profit": 46,
        "Operating Income": 8,
        "EBIT": NaN,
        "Net Income": -10
    },
    "2017-09-30": {
        "Diluted EPS": 0.26,
        "Total Revenue": 52,
        "Gross Profit": 47,
        "Operating Income": 9,
        "EBIT": NaN,
        "Net Income": 7
    },
    "2017-06-30": {
        "Diluted EPS": 0.33,
        "Total Revenue": 53,
        "Gross Profit": 49,
        "Operating Income": 11,
        "EBIT": NaN,
        "Net Income": 9
    },
    "2017-03-31": {
        "Diluted EPS": 0.3,
        "Total Revenue": 47,
        "Gross Profit": 43,
        "Operating Income": 7,
        "EBIT": NaN,
        "Net Income": 8
    },
    "2016-12-31": {
        "Diluted EPS": 0.33,
        "Total Revenue": 50,
        "Gross Profit": 46,
        "Operating Income": 10,
        "EBIT": NaN,
        "Net Income": 10
    },
    "2016-09-30": {
        "Diluted EPS": 0.3,
        "Total Revenue": 52,
        "Gross Profit": 49,
        "Operating Income": 10,
        "EBIT": NaN,
        "Net Income": 8
    },
    "2016-06-30": {
        "Diluted EPS": 0.15,
        "Total Revenue": 49,
        "Gross Profit": 45,
        "Operating Income": 5,
        "EBIT": NaN,
        "Net Income": 5
    },
    "2016-03-31": {
        "Diluted EPS": 0.01,
        "Total Revenue": 49,
        "Gross Profit": 46,
        "Operating Income": 0,
        "EBIT": NaN,
        "Net Income": 0
    },
    "2015-12-31": {
        "Diluted EPS": 0.1,
        "Total Revenue": 59,
        "Gross Profit": 55,
        "Operating Income": 8,
        "EBIT": NaN,
        "Net Income": 3
    },
    "2015-09-30": {
        "Diluted EPS": 0.05,
        "Total Revenue": 46,
        "Gross Profit": 42,
        "Operating Income": 0,
        "EBIT": NaN,
        "Net Income": 2
    },
    "2015-06-30": {
        "Diluted EPS": -0.04,
        "Total Revenue": 45,
        "Gross Profit": 42,
        "Operating Income": -1,
        "EBIT": NaN,
        "Net Income": -1
    },
    "2015-03-31": {
        "Diluted EPS": 0.03,
        "Total Revenue": 43,
        "Gross Profit": 39,
        "Operating Income": 1,
        "EBIT": NaN,
        "Net Income": 1
    },
    "2014-12-31": {
        "Diluted EPS": 0.06,
        "Total Revenue": 41,
        "Gross Profit": 37,
        "Operating Income": 3,
        "EBIT": NaN,
        "Net Income": 2
    },
    "2014-09-30": {
        "Diluted EPS": 0.08,
        "Total Revenue": 47,
        "Gross Profit": 44,
        "Operating Income": 4,
        "EBIT": NaN,
        "Net Income": 3
    },
    "2014-06-30": {
        "Diluted EPS": 0.05,
        "Total Revenue": 48,
        "Gross Profit": 45,
        "Operating Income": 3,
        "EBIT": NaN,
        "Net Income": 2
    },
    "2014-03-31": {
        "Diluted EPS": 0.03,
        "Total Revenue": 47,
        "Gross Profit": 43,
        "Operating Income": 2,
        "EBIT": NaN,
        "Net Income": 1
    },
    "2013-12-31": {
        "Diluted EPS": 0.02,
        "Total Revenue": 50,
        "Gross Profit": 46,
        "Operating Income": -7,
        "EBIT": NaN,
        "Net Income": 1
    },
    "2013-09-30": {
        "Diluted EPS": 0.02,
        "Total Revenue": 53,
        "Gross Profit": 49,
        "Operating Income": 2,
        "EBIT": NaN,
        "Net Income": 1
    },
    "2013-06-30": {
        "Diluted EPS": 0.06,
        "Total Revenue": 56,
        "Gross Profit": 52,
        "Operating Income": 5,
        "EBIT": NaN,
        "Net Income": 3
    },
    "2013-03-31": {
        "Diluted EPS": 0.04,
        "Total Revenue": 57,
        "Gross Profit": 53,
        "Operating Income": 3,
        "EBIT": NaN,
        "Net Income": 2
    },
    "2012-12-31": {
        "Diluted EPS": 0.06,
        "Total Revenue": 64,
        "Gross Profit": 59,
        "Operating Income": 5,
        "EBIT": NaN,
        "Net Income": 3
    },
    "2012-09-30": {
        "Diluted EPS": -0.15,
        "Total Revenue": 64,
        "Gross Profit": 58,
        "Operating Income": -8,
        "EBIT": NaN,
        "Net Income": -8
    },
    "2012-06-30": {
        "Diluted EPS": 0.05,
        "Total Revenue": 70,
        "Gross Profit": 62,
        "Operating Income": 4,
        "EBIT": NaN,
        "Net Income": 3
    },
    "2012-03-31": {
        "Diluted EPS": 0.03,
        "Total Revenue": 73,
        "Gross Profit": 64,
        "Operating Income": 4,
        "EBIT": NaN,
        "Net Income": 2
    },
    "2011-12-31": {
        "Diluted EPS": 0.0,
        "Total Revenue": NaN,
        "Gross Profit": NaN,
        "Operating Income": NaN,
        "EBIT": NaN,
        "Net Income": NaN
    },
    "2011-09-30": {
        "Diluted EPS": 0.65,
        "Total Revenue": 115,
        "Gross Profit": 105,
        "Operating Income": 58,
        "EBIT": NaN,
        "Net Income": 34
    },
    "2010-12-31": {
        "Diluted EPS": 0.0,
        "Total Revenue": NaN,
        "Gross Profit": NaN,
        "Operating Income": NaN,
        "EBIT": NaN,
        "Net Income": NaN
    }
}