{
    "2023-03-31": {
        "Tax Effect Of Unusual Items": NaN,
        "Tax Rate For Calcs": NaN,
        "Normalized EBITDA": NaN,
        "Total Unusual Items": NaN,
        "Total Unusual Items Excluding Goodwill": NaN,
        "Net Income From Continuing Operation Net Minority Interest": NaN,
        "Reconciled Depreciation": NaN,
        "Reconciled Cost Of Revenue": NaN,
        "EBITDA": NaN,
        "EBIT": NaN,
        "Net Interest Income": NaN,
        "Interest Expense": NaN,
        "Normalized Income": NaN,
        "Net Income From Continuing And Discontinued Operation": NaN,
        "Total Expenses": NaN,
        "Total Operating Income As Reported": NaN,
        "Diluted Average Shares": NaN,
        "Basic Average Shares": NaN,
        "Diluted EPS": NaN,
        "Basic EPS": NaN,
        "Diluted NI Availto Com Stockholders": NaN,
        "Net Income Common Stockholders": NaN,
        "Net Income": NaN,
        "Net Income Including Noncontrolling Interests": NaN,
        "Net Income Continuous Operations": NaN,
        "Tax Provision": NaN,
        "Pretax Income": NaN,
        "Other Income Expense": NaN,
        "Other Non Operating Income Expenses": NaN,
        "Special Income Charges": NaN,
        "Other Special Charges": 143900000.0,
        "Gain On Sale Of Security": NaN,
        "Net Non Operating Interest Income Expense": NaN,
        "Total Other Finance Cost": NaN,
        "Interest Expense Non Operating": NaN,
        "Operating Income": NaN,
        "Operating Expense": NaN,
        "Research And Development": NaN,
        "Selling General And Administration": NaN,
        "Gross Profit": NaN,
        "Cost Of Revenue": NaN,
        "Total Revenue": NaN,
        "Operating Revenue": NaN
    },
    "2022-12-31": {
        "Tax Effect Of Unusual Items": NaN,
        "Tax Rate For Calcs": NaN,
        "Normalized EBITDA": NaN,
        "Total Unusual Items": NaN,
        "Total Unusual Items Excluding Goodwill": NaN,
        "Net Income From Continuing Operation Net Minority Interest": NaN,
        "Reconciled Depreciation": NaN,
        "Reconciled Cost Of Revenue": NaN,
        "EBITDA": NaN,
        "EBIT": NaN,
        "Net Interest Income": NaN,
        "Interest Expense": NaN,
        "Normalized Income": NaN,
        "Net Income From Continuing And Discontinued Operation": NaN,
        "Total Expenses": NaN,
        "Total Operating Income As Reported": NaN,
        "Diluted Average Shares": NaN,
        "Basic Average Shares": NaN,
        "Diluted EPS": NaN,
        "Basic EPS": NaN,
        "Diluted NI Availto Com Stockholders": NaN,
        "Net Income Common Stockholders": NaN,
        "Net Income": NaN,
        "Net Income Including Noncontrolling Interests": NaN,
        "Net Income Continuous Operations": NaN,
        "Tax Provision": NaN,
        "Pretax Income": NaN,
        "Other Income Expense": NaN,
        "Other Non Operating Income Expenses": NaN,
        "Special Income Charges": NaN,
        "Other Special Charges": 0.0,
        "Gain On Sale Of Security": NaN,
        "Net Non Operating Interest Income Expense": NaN,
        "Total Other Finance Cost": NaN,
        "Interest Expense Non Operating": NaN,
        "Operating Income": NaN,
        "Operating Expense": NaN,
        "Research And Development": NaN,
        "Selling General And Administration": NaN,
        "Gross Profit": NaN,
        "Cost Of Revenue": NaN,
        "Total Revenue": NaN,
        "Operating Revenue": NaN
    },
    "2022-09-30": {
        "Tax Effect Of Unusual Items": 3393462.717058,
        "Tax Rate For Calcs": 0.300306,
        "Normalized EBITDA": 91800000.0,
        "Total Unusual Items": 11300000.0,
        "Total Unusual Items Excluding Goodwill": 11300000.0,
        "Net Income From Continuing Operation Net Minority Interest": 68500000.0,
        "Reconciled Depreciation": 4000000.0,
        "Reconciled Cost Of Revenue": 6100000.0,
        "EBITDA": 103100000.0,
        "EBIT": 99100000.0,
        "Net Interest Income": -1200000.0,
        "Interest Expense": 1200000.0,
        "Normalized Income": 60593462.717058,
        "Net Income From Continuing And Discontinued Operation": 68500000.0,
        "Total Expenses": 300100000.0,
        "Total Operating Income As Reported": 87800000.0,
        "Diluted Average Shares": 99000000.0,
        "Basic Average Shares": 95800000.0,
        "Diluted EPS": 0.69,
        "Basic EPS": 0.72,
        "Diluted NI Availto Com Stockholders": 68500000.0,
        "Net Income Common Stockholders": 68500000.0,
        "Net Income": 68500000.0,
        "Net Income Including Noncontrolling Interests": 68500000.0,
        "Net Income Continuous Operations": 68500000.0,
        "Tax Provision": 29400000.0,
        "Pretax Income": 97900000.0,
        "Other Income Expense": 11300000.0,
        "Special Income Charges": 0.0,
        "Other Special Charges": NaN,
        "Gain On Sale Of Security": 11300000.0,
        "Net Non Operating Interest Income Expense": -1200000.0,
        "Interest Expense Non Operating": 1200000.0,
        "Operating Income": 87800000.0,
        "Operating Expense": 294000000.0,
        "Research And Development": 107700000.0,
        "Selling General And Administration": 186300000.0,
        "Gross Profit": 381800000.0,
        "Cost Of Revenue": 6100000.0,
        "Total Revenue": 387900000.0,
        "Operating Revenue": 387900000.0
    },
    "2022-06-30": {
        "Tax Effect Of Unusual Items": -20820600.858369,
        "Tax Rate For Calcs": 0.274678,
        "Normalized EBITDA": 58600000.0,
        "Total Unusual Items": -75800000.0,
        "Total Unusual Items Excluding Goodwill": -75800000.0,
        "Net Income From Continuing Operation Net Minority Interest": -16900000.0,
        "Reconciled Depreciation": 3900000.0,
        "Reconciled Cost Of Revenue": 4800000.0,
        "EBITDA": -17200000.0,
        "EBIT": -21100000.0,
        "Net Interest Income": -2200000.0,
        "Interest Expense": 2200000.0,
        "Normalized Income": 38079399.141631,
        "Net Income From Continuing And Discontinued Operation": -16900000.0,
        "Total Expenses": 323500000.0,
        "Total Operating Income As Reported": 54700000.0,
        "Diluted Average Shares": 95600000.0,
        "Basic Average Shares": 95600000.0,
        "Diluted EPS": -0.18,
        "Basic EPS": -0.18,
        "Diluted NI Availto Com Stockholders": -16900000.0,
        "Net Income Common Stockholders": -16900000.0,
        "Net Income": -16900000.0,
        "Net Income Including Noncontrolling Interests": -16900000.0,
        "Net Income Continuous Operations": -16900000.0,
        "Tax Provision": -6400000.0,
        "Pretax Income": -23300000.0,
        "Other Income Expense": -75800000.0,
        "Special Income Charges": -70000000.0,
        "Other Special Charges": 70000000.0,
        "Gain On Sale Of Security": -5800000.0,
        "Net Non Operating Interest Income Expense": -2200000.0,
        "Interest Expense Non Operating": 2200000.0,
        "Operating Income": 54700000.0,
        "Operating Expense": 318700000.0,
        "Research And Development": 135900000.0,
        "Selling General And Administration": 182800000.0,
        "Gross Profit": 373400000.0,
        "Cost Of Revenue": 4800000.0,
        "Total Revenue": 378200000.0,
        "Operating Revenue": 378200000.0
    },
    "2023-06-30": {
        "Tax Effect Of Unusual Items": NaN,
        "Tax Rate For Calcs": NaN,
        "Normalized EBITDA": NaN,
        "Total Unusual Items": NaN,
        "Total Unusual Items Excluding Goodwill": NaN,
        "Net Income From Continuing Operation Net Minority Interest": NaN,
        "Reconciled Depreciation": NaN,
        "Reconciled Cost Of Revenue": NaN,
        "EBITDA": NaN,
        "EBIT": NaN,
        "Net Interest Income": 0.0,
        "Interest Expense": 0.0,
        "Normalized Income": NaN,
        "Net Income From Continuing And Discontinued Operation": NaN,
        "Total Expenses": NaN,
        "Total Operating Income As Reported": NaN,
        "Diluted Average Shares": NaN,
        "Basic Average Shares": NaN,
        "Diluted EPS": NaN,
        "Basic EPS": NaN,
        "Diluted NI Availto Com Stockholders": NaN,
        "Net Income Common Stockholders": NaN,
        "Net Income": NaN,
        "Net Income Including Noncontrolling Interests": NaN,
        "Net Income Continuous Operations": NaN,
        "Tax Provision": NaN,
        "Pretax Income": NaN,
        "Other Income Expense": NaN,
        "Other Non Operating Income Expenses": NaN,
        "Special Income Charges": NaN,
        "Other Special Charges": NaN,
        "Gain On Sale Of Security": NaN,
        "Net Non Operating Interest Income Expense": 0.0,
        "Total Other Finance Cost": NaN,
        "Interest Expense Non Operating": 0.0,
        "Operating Income": NaN,
        "Operating Expense": NaN,
        "Research And Development": NaN,
        "Selling General And Administration": NaN,
        "Gross Profit": NaN,
        "Cost Of Revenue": NaN,
        "Total Revenue": NaN,
        "Operating Revenue": NaN
    },
    "2022-03-31": {
        "Diluted EPS": 0.14,
        "Total Revenue": 311,
        "Gross Profit": 306,
        "Operating Income": 3,
        "EBIT": 7,
        "Net Income": 14
    },
    "2021-12-31": {
        "Diluted EPS": -0.07,
        "Total Revenue": 312,
        "Gross Profit": 308,
        "Operating Income": -36,
        "EBIT": -29,
        "Net Income": -7
    },
    "2021-09-30": {
        "Diluted EPS": 0.23,
        "Total Revenue": 296,
        "Gross Profit": 292,
        "Operating Income": 45,
        "EBIT": 52,
        "Net Income": 23
    },
    "2021-06-30": {
        "Diluted EPS": 0.43,
        "Total Revenue": 289,
        "Gross Profit": 286,
        "Operating Income": 63,
        "EBIT": 70,
        "Net Income": 42
    },
    "2021-03-31": {
        "Diluted EPS": 0.33,
        "Total Revenue": 237,
        "Gross Profit": 234,
        "Operating Income": 32,
        "EBIT": 38,
        "Net Income": 32
    },
    "2020-12-31": {
        "Diluted EPS": 3.58,
        "Total Revenue": 248,
        "Gross Profit": 245,
        "Operating Income": 72,
        "EBIT": 79,
        "Net Income": 348
    },
    "2020-09-30": {
        "Diluted EPS": -0.62,
        "Total Revenue": 259,
        "Gross Profit": 256,
        "Operating Income": -44,
        "EBIT": -37,
        "Net Income": -58
    },
    "2020-06-30": {
        "Diluted EPS": 0.81,
        "Total Revenue": 302,
        "Gross Profit": 300,
        "Operating Income": 77,
        "EBIT": 84,
        "Net Income": 80
    },
    "2020-03-31": {
        "Diluted EPS": 0.39,
        "Total Revenue": 237,
        "Gross Profit": 235,
        "Operating Income": 59,
        "EBIT": 66,
        "Net Income": 37
    },
    "2019-12-31": {
        "Diluted EPS": 0.41,
        "Total Revenue": 244,
        "Gross Profit": 242,
        "Operating Income": 49,
        "EBIT": 56,
        "Net Income": 34
    },
    "2019-09-30": {
        "Diluted EPS": 0.56,
        "Total Revenue": 222,
        "Gross Profit": 220,
        "Operating Income": 90,
        "EBIT": 97,
        "Net Income": 54
    },
    "2019-06-30": {
        "Diluted EPS": 0.54,
        "Total Revenue": 184,
        "Gross Profit": 182,
        "Operating Income": 34,
        "EBIT": 41,
        "Net Income": 51
    },
    "2019-03-31": {
        "Diluted EPS": -1.12,
        "Total Revenue": 138,
        "Gross Profit": 137,
        "Operating Income": -101,
        "EBIT": -95,
        "Net Income": -102
    },
    "2018-12-31": {
        "Diluted EPS": 0.24,
        "Total Revenue": 131,
        "Gross Profit": 130,
        "Operating Income": 22,
        "EBIT": 26,
        "Net Income": 18
    },
    "2018-09-30": {
        "Diluted EPS": 0.52,
        "Total Revenue": 152,
        "Gross Profit": 150,
        "Operating Income": 54,
        "EBIT": 61,
        "Net Income": 51
    },
    "2018-06-30": {
        "Diluted EPS": -0.07,
        "Total Revenue": 97,
        "Gross Profit": 96,
        "Operating Income": -2,
        "EBIT": 4,
        "Net Income": -6
    },
    "2018-03-31": {
        "Diluted EPS": -0.47,
        "Total Revenue": 71,
        "Gross Profit": 70,
        "Operating Income": -37,
        "EBIT": -32,
        "Net Income": -42
    },
    "2017-12-31": {
        "Diluted EPS": 0.09,
        "Total Revenue": 95,
        "Gross Profit": 94,
        "Operating Income": 12,
        "EBIT": 18,
        "Net Income": 7
    },
    "2017-09-30": {
        "Diluted EPS": -0.13,
        "Total Revenue": 61,
        "Gross Profit": 60,
        "Operating Income": -6,
        "EBIT": 0,
        "Net Income": -11
    },
    "2017-06-30": {
        "Diluted EPS": -0.68,
        "Total Revenue": 6,
        "Gross Profit": 6,
        "Operating Income": -57,
        "EBIT": -53,
        "Net Income": -60
    },
    "2017-03-31": {
        "Diluted EPS": -0.9,
        "Total Revenue": NaN,
        "Gross Profit": NaN,
        "Operating Income": -80,
        "EBIT": -79,
        "Net Income": -78
    },
    "2016-12-31": {
        "Diluted EPS": -0.52,
        "Total Revenue": NaN,
        "Gross Profit": NaN,
        "Operating Income": -46,
        "EBIT": -45,
        "Net Income": -45
    },
    "2016-09-30": {
        "Diluted EPS": -0.43,
        "Total Revenue": NaN,
        "Gross Profit": NaN,
        "Operating Income": -38,
        "EBIT": -37,
        "Net Income": -37
    },
    "2016-06-30": {
        "Diluted EPS": -0.46,
        "Total Revenue": NaN,
        "Gross Profit": NaN,
        "Operating Income": -42,
        "EBIT": -40,
        "Net Income": -40
    },
    "2016-03-31": {
        "Diluted EPS": -0.22,
        "Total Revenue": 15,
        "Gross Profit": 15,
        "Operating Income": -21,
        "EBIT": -19,
        "Net Income": -19
    },
    "2015-12-31": {
        "Diluted EPS": -0.36,
        "Total Revenue": NaN,
        "Gross Profit": NaN,
        "Operating Income": -31,
        "EBIT": -29,
        "Net Income": -29
    },
    "2015-09-30": {
        "Diluted EPS": -0.4,
        "Total Revenue": NaN,
        "Gross Profit": NaN,
        "Operating Income": -36,
        "EBIT": -34,
        "Net Income": -34
    },
    "2015-06-30": {
        "Diluted EPS": -0.28,
        "Total Revenue": NaN,
        "Gross Profit": NaN,
        "Operating Income": -25,
        "EBIT": -24,
        "Net Income": -24
    },
    "2015-03-31": {
        "Diluted EPS": -0.01,
        "Total Revenue": 20,
        "Gross Profit": 20,
        "Operating Income": -2,
        "EBIT": -1,
        "Net Income": -1
    },
    "2014-12-31": {
        "Diluted EPS": -0.25,
        "Total Revenue": NaN,
        "Gross Profit": NaN,
        "Operating Income": -20,
        "EBIT": -19,
        "Net Income": -19
    },
    "2014-09-30": {
        "Diluted EPS": -0.21,
        "Total Revenue": NaN,
        "Gross Profit": NaN,
        "Operating Income": -17,
        "EBIT": -15,
        "Net Income": -16
    },
    "2014-06-30": {
        "Diluted EPS": -0.18,
        "Total Revenue": NaN,
        "Gross Profit": NaN,
        "Operating Income": -14,
        "EBIT": -13,
        "Net Income": -13
    },
    "2014-03-31": {
        "Diluted EPS": -0.17,
        "Total Revenue": NaN,
        "Gross Profit": NaN,
        "Operating Income": -13,
        "EBIT": -12,
        "Net Income": -12
    },
    "2013-12-31": {
        "Diluted EPS": -0.16,
        "Total Revenue": 1,
        "Gross Profit": 1,
        "Operating Income": -12,
        "EBIT": -11,
        "Net Income": -11
    },
    "2013-09-30": {
        "Diluted EPS": -0.17,
        "Total Revenue": 1,
        "Gross Profit": 1,
        "Operating Income": -12,
        "EBIT": -11,
        "Net Income": -11
    },
    "2013-06-30": {
        "Diluted EPS": -0.18,
        "Total Revenue": 1,
        "Gross Profit": 1,
        "Operating Income": -13,
        "EBIT": -12,
        "Net Income": -12
    },
    "2013-03-31": {
        "Diluted EPS": -0.18,
        "Total Revenue": 1,
        "Gross Profit": 1,
        "Operating Income": -13,
        "EBIT": -12,
        "Net Income": -12
    },
    "2012-12-31": {
        "Diluted EPS": 0.15,
        "Total Revenue": 22,
        "Gross Profit": 22,
        "Operating Income": 9,
        "EBIT": 9,
        "Net Income": 9
    },
    "2012-09-30": {
        "Diluted EPS": -0.05,
        "Total Revenue": 9,
        "Gross Profit": 9,
        "Operating Income": -4,
        "EBIT": -3,
        "Net Income": -3
    },
    "2012-06-30": {
        "Diluted EPS": -0.01,
        "Total Revenue": 11,
        "Gross Profit": 11,
        "Operating Income": -1,
        "EBIT": 0,
        "Net Income": -1
    },
    "2012-03-31": {
        "Diluted EPS": -0.01,
        "Total Revenue": 11,
        "Gross Profit": 11,
        "Operating Income": -2,
        "EBIT": -1,
        "Net Income": -1
    },
    "2011-12-31": {
        "Diluted EPS": 0.02,
        "Total Revenue": 11,
        "Gross Profit": 11,
        "Operating Income": 0,
        "EBIT": 1,
        "Net Income": 1
    },
    "2011-09-30": {
        "Diluted EPS": 0.56,
        "Total Revenue": 42,
        "Gross Profit": 42,
        "Operating Income": 30,
        "EBIT": 31,
        "Net Income": 31
    },
    "2011-06-30": {
        "Diluted EPS": 0.04,
        "Total Revenue": 12,
        "Gross Profit": 12,
        "Operating Income": 1,
        "EBIT": 2,
        "Net Income": 2
    },
    "2011-03-31": {
        "Diluted EPS": 0.05,
        "Total Revenue": 13,
        "Gross Profit": 13,
        "Operating Income": 2,
        "EBIT": 3,
        "Net Income": 3
    },
    "2010-12-31": {
        "Diluted EPS": 0.07,
        "Total Revenue": 14,
        "Gross Profit": 14,
        "Operating Income": 0,
        "EBIT": 1,
        "Net Income": 2
    },
    "2010-09-30": {
        "Diluted EPS": 0.06,
        "Total Revenue": 14,
        "Gross Profit": 14,
        "Operating Income": 2,
        "EBIT": 3,
        "Net Income": 3
    },
    "2010-06-30": {
        "Diluted EPS": -0.09,
        "Total Revenue": 5,
        "Gross Profit": 5,
        "Operating Income": -6,
        "EBIT": -5,
        "Net Income": -5
    },
    "2010-03-31": {
        "Diluted EPS": -0.19,
        "Total Revenue": 1,
        "Gross Profit": 1,
        "Operating Income": -10,
        "EBIT": -10,
        "Net Income": -9
    },
    "2009-12-31": {
        "Diluted EPS": -0.19,
        "Total Revenue": 1,
        "Gross Profit": 1,
        "Operating Income": -9,
        "EBIT": -8,
        "Net Income": -8
    },
    "2009-09-30": {
        "Diluted EPS": -0.21,
        "Total Revenue": 1,
        "Gross Profit": 1,
        "Operating Income": -10,
        "EBIT": -9,
        "Net Income": -8
    },
    "2009-06-30": {
        "Diluted EPS": -0.39,
        "Total Revenue": 1,
        "Gross Profit": 1,
        "Operating Income": -16,
        "EBIT": -15,
        "Net Income": -15
    },
    "2009-03-31": {
        "Diluted EPS": -0.51,
        "Total Revenue": 1,
        "Gross Profit": 1,
        "Operating Income": -19,
        "EBIT": -18,
        "Net Income": -20
    },
    "2023-09-30": {
        "Tax Effect Of Unusual Items": -7197231.83391,
        "Tax Rate For Calcs": 0.281142,
        "Normalized EBITDA": 172300000.0,
        "Total Unusual Items": -25600000.0,
        "Total Unusual Items Excluding Goodwill": -25600000.0,
        "Net Income From Continuing Operation Net Minority Interest": 83100000.0,
        "Reconciled Depreciation": 5500000.0,
        "Reconciled Cost Of Revenue": 11200000.0,
        "EBITDA": 146700000.0,
        "EBIT": 141200000.0,
        "Net Interest Income": -1100000.0,
        "Interest Expense": 1100000.0,
        "Normalized Income": 101502768.16609,
        "Net Income From Continuing And Discontinued Operation": 83100000.0,
        "Total Expenses": 357600000.0,
        "Total Operating Income As Reported": 141200000.0,
        "Diluted Average Shares": 101100000.0,
        "Basic Average Shares": 97900000.0,
        "Diluted EPS": 0.82,
        "Basic EPS": 0.85,
        "Diluted NI Availto Com Stockholders": 83100000.0,
        "Net Income Common Stockholders": 83100000.0,
        "Net Income": 83100000.0,
        "Net Income Including Noncontrolling Interests": 83100000.0,
        "Net Income Continuous Operations": 83100000.0,
        "Tax Provision": 32500000.0,
        "Pretax Income": 115600000.0,
        "Other Income Expense": -25600000.0,
        "Other Non Operating Income Expenses": NaN,
        "Special Income Charges": 0.0,
        "Other Special Charges": NaN,
        "Gain On Sale Of Security": -25600000.0,
        "Net Non Operating Interest Income Expense": -1100000.0,
        "Total Other Finance Cost": NaN,
        "Interest Expense Non Operating": 1100000.0,
        "Operating Income": 141200000.0,
        "Operating Expense": 346400000.0,
        "Research And Development": 142200000.0,
        "Selling General And Administration": 204200000.0,
        "Gross Profit": 487600000.0,
        "Cost Of Revenue": 11200000.0,
        "Total Revenue": 498800000.0,
        "Operating Revenue": 498800000.0
    },
    "2023-12-31": {
        "Tax Effect Of Unusual Items": 12484863.773966,
        "Tax Rate For Calcs": 0.254793,
        "Normalized EBITDA": 156000000.0,
        "Total Unusual Items": 49000000.0,
        "Total Unusual Items Excluding Goodwill": 49000000.0,
        "Net Income From Continuing Operation Net Minority Interest": 147700000.0,
        "Reconciled Depreciation": 5700000.0,
        "Reconciled Cost Of Revenue": 8500000.0,
        "EBITDA": 205000000.0,
        "EBIT": 199300000.0,
        "Net Interest Income": -1100000.0,
        "Interest Expense": 1100000.0,
        "Normalized Income": 111184863.773966,
        "Net Income From Continuing And Discontinued Operation": 147700000.0,
        "Total Expenses": 364900000.0,
        "Total Operating Income As Reported": 150300000.0,
        "Diluted Average Shares": 102300000.0,
        "Basic Average Shares": 98400000.0,
        "Diluted EPS": 1.44,
        "Basic EPS": 1.5,
        "Diluted NI Availto Com Stockholders": 147700000.0,
        "Net Income Common Stockholders": 147700000.0,
        "Net Income": 147700000.0,
        "Net Income Including Noncontrolling Interests": 147700000.0,
        "Net Income Continuous Operations": 147700000.0,
        "Tax Provision": 50500000.0,
        "Pretax Income": 198200000.0,
        "Other Income Expense": 49000000.0,
        "Other Non Operating Income Expenses": NaN,
        "Special Income Charges": 0.0,
        "Other Special Charges": 0.0,
        "Gain On Sale Of Security": 49000000.0,
        "Net Non Operating Interest Income Expense": -1100000.0,
        "Total Other Finance Cost": NaN,
        "Interest Expense Non Operating": 1100000.0,
        "Operating Income": 150300000.0,
        "Operating Expense": 356400000.0,
        "Research And Development": 137500000.0,
        "Selling General And Administration": 218900000.0,
        "Gross Profit": 506700000.0,
        "Cost Of Revenue": 8500000.0,
        "Total Revenue": 515200000.0,
        "Operating Revenue": 515200000.0
    },
    "2024-03-31": {
        "Tax Effect Of Unusual Items": 3990000.0,
        "Tax Rate For Calcs": 0.21,
        "Normalized EBITDA": 111500000.0,
        "Total Unusual Items": 19000000.0,
        "Total Unusual Items Excluding Goodwill": 19000000.0,
        "Net Income From Continuing Operation Net Minority Interest": 43400000.0,
        "Reconciled Depreciation": 6200000.0,
        "Reconciled Cost Of Revenue": 7500000.0,
        "EBITDA": 130500000.0,
        "EBIT": 124300000.0,
        "Net Interest Income": -89800000.0,
        "Interest Expense": 89800000.0,
        "Normalized Income": 28390000.0,
        "Net Income From Continuing And Discontinued Operation": 43400000.0,
        "Total Expenses": 410000000.0,
        "Total Operating Income As Reported": 99300000.0,
        "Diluted Average Shares": 103600000.0,
        "Basic Average Shares": 99800000.0,
        "Diluted EPS": 0.42,
        "Basic EPS": 0.43,
        "Diluted NI Availto Com Stockholders": 43400000.0,
        "Net Income Common Stockholders": 43400000.0,
        "Net Income": 43400000.0,
        "Net Income Including Noncontrolling Interests": 43400000.0,
        "Net Income Continuous Operations": 43400000.0,
        "Tax Provision": -8900000.0,
        "Pretax Income": 34500000.0,
        "Other Income Expense": 19000000.0,
        "Other Non Operating Income Expenses": -88700000.0,
        "Special Income Charges": -6000000.0,
        "Other Special Charges": 6000000.0,
        "Gain On Sale Of Security": 25000000.0,
        "Net Non Operating Interest Income Expense": -89800000.0,
        "Total Other Finance Cost": 88700000.0,
        "Interest Expense Non Operating": 89800000.0,
        "Operating Income": 105300000.0,
        "Operating Expense": 402500000.0,
        "Research And Development": 159400000.0,
        "Selling General And Administration": 243100000.0,
        "Gross Profit": 507800000.0,
        "Cost Of Revenue": 7500000.0,
        "Total Revenue": 515300000.0,
        "Operating Revenue": 515300000.0
    },
    "2024-06-30": {
        "Tax Effect Of Unusual Items": 136308.31643,
        "Tax Rate For Calcs": 0.340771,
        "Normalized EBITDA": 155200000.0,
        "Total Unusual Items": 400000.0,
        "Total Unusual Items Excluding Goodwill": 400000.0,
        "Net Income From Continuing Operation Net Minority Interest": 65000000.0,
        "Reconciled Depreciation": 7300000.0,
        "Reconciled Cost Of Revenue": 9200000.0,
        "EBITDA": 155600000.0,
        "EBIT": 148300000.0,
        "Net Interest Income": -49700000.0,
        "Interest Expense": 49700000.0,
        "Normalized Income": 64736308.31643,
        "Net Income From Continuing And Discontinued Operation": 65000000.0,
        "Total Expenses": 442300000.0,
        "Total Operating Income As Reported": 145400000.0,
        "Diluted Average Shares": 103900000.0,
        "Basic Average Shares": 100800000.0,
        "Diluted EPS": 0.63,
        "Basic EPS": 0.64,
        "Diluted NI Availto Com Stockholders": 65000000.0,
        "Net Income Common Stockholders": 65000000.0,
        "Net Income": 65000000.0,
        "Net Income Including Noncontrolling Interests": 65000000.0,
        "Net Income Continuous Operations": 65000000.0,
        "Tax Provision": 33600000.0,
        "Pretax Income": 98600000.0,
        "Other Income Expense": 400000.0,
        "Other Non Operating Income Expenses": NaN,
        "Special Income Charges": -2500000.0,
        "Other Special Charges": 2500000.0,
        "Gain On Sale Of Security": 2900000.0,
        "Net Non Operating Interest Income Expense": -49700000.0,
        "Total Other Finance Cost": 49700000.0,
        "Interest Expense Non Operating": 49700000.0,
        "Operating Income": 147900000.0,
        "Operating Expense": 433100000.0,
        "Research And Development": 191100000.0,
        "Selling General And Administration": 242000000.0,
        "Gross Profit": 581000000.0,
        "Cost Of Revenue": 9200000.0,
        "Total Revenue": 590200000.0,
        "Operating Revenue": 590200000.0
    },
    "2024-09-30": {
        "Tax Effect Of Unusual Items": 1748554.913295,
        "Tax Rate For Calcs": 0.317919,
        "Normalized EBITDA": 185800000.0,
        "Total Unusual Items": 5500000.0,
        "Total Unusual Items Excluding Goodwill": 5500000.0,
        "Net Income From Continuing Operation Net Minority Interest": 129800000.0,
        "Reconciled Depreciation": 6500000.0,
        "Reconciled Cost Of Revenue": 8000000.0,
        "EBITDA": 191300000.0,
        "EBIT": 184800000.0,
        "Net Interest Income": NaN,
        "Interest Expense": NaN,
        "Normalized Income": 126048554.913295,
        "Net Income From Continuing And Discontinued Operation": 129800000.0,
        "Total Expenses": 437300000.0,
        "Total Operating Income As Reported": 183800000.0,
        "Diluted Average Shares": 104300000.0,
        "Basic Average Shares": 101100000.0,
        "Diluted EPS": 1.24,
        "Basic EPS": 1.28,
        "Diluted NI Availto Com Stockholders": 129800000.0,
        "Net Income Common Stockholders": 129800000.0,
        "Net Income": 129800000.0,
        "Net Income Including Noncontrolling Interests": 129800000.0,
        "Net Income Continuous Operations": 129800000.0,
        "Tax Provision": 60500000.0,
        "Pretax Income": 190300000.0,
        "Other Income Expense": 5500000.0,
        "Other Non Operating Income Expenses": NaN,
        "Special Income Charges": -1000000.0,
        "Other Special Charges": 1000000.0,
        "Gain On Sale Of Security": 6500000.0,
        "Net Non Operating Interest Income Expense": NaN,
        "Total Other Finance Cost": NaN,
        "Interest Expense Non Operating": NaN,
        "Operating Income": 184800000.0,
        "Operating Expense": 429300000.0,
        "Research And Development": 195000000.0,
        "Selling General And Administration": 234300000.0,
        "Gross Profit": 614100000.0,
        "Cost Of Revenue": 8000000.0,
        "Total Revenue": 622100000.0,
        "Operating Revenue": 622100000.0
    }
}