{
    "2023-03-31": {
        "Tax Effect Of Unusual Items": 0.0,
        "Tax Rate For Calcs": 0.338,
        "Total Unusual Items": 0.0,
        "Total Unusual Items Excluding Goodwill": 0.0,
        "Net Income From Continuing Operation Net Minority Interest": 12517000.0,
        "Reconciled Depreciation": 886000.0,
        "Net Interest Income": 32239000.0,
        "Interest Expense": 21115000.0,
        "Interest Income": 53354000.0,
        "Normalized Income": 12517000.0,
        "Net Income From Continuing And Discontinued Operation": 12517000.0,
        "Diluted NI Availto Com Stockholders": 12517000.0,
        "Net Income Common Stockholders": 12517000.0,
        "Net Income": 12517000.0,
        "Net Income Including Noncontrolling Interests": 12517000.0,
        "Net Income Continuous Operations": 12517000.0,
        "Tax Provision": 6398000.0,
        "Pretax Income": 18915000.0,
        "Gain On Sale Of Security": 80000.0,
        "Selling General And Administration": 9064000.0,
        "Selling And Marketing Expense": 187000.0,
        "General And Administrative Expense": 8877000.0,
        "Insurance And Claims": 443000.0,
        "Salaries And Wages": 8434000.0,
        "Total Revenue": 32976000.0,
        "Operating Revenue": 32976000.0
    },
    "2022-12-31": {
        "Tax Effect Of Unusual Items": -8555.0,
        "Tax Rate For Calcs": 0.295,
        "Total Unusual Items": -29000.0,
        "Total Unusual Items Excluding Goodwill": -29000.0,
        "Net Income From Continuing Operation Net Minority Interest": 11298000.0,
        "Reconciled Depreciation": 968000.0,
        "Net Interest Income": 28752000.0,
        "Interest Expense": 10449000.0,
        "Interest Income": 39201000.0,
        "Normalized Income": 11318445.0,
        "Net Income From Continuing And Discontinued Operation": 11298000.0,
        "Diluted NI Availto Com Stockholders": 11298000.0,
        "Net Income Common Stockholders": 11298000.0,
        "Net Income": 11298000.0,
        "Net Income Including Noncontrolling Interests": 11298000.0,
        "Net Income Continuous Operations": 11298000.0,
        "Tax Provision": 4726000.0,
        "Pretax Income": 16024000.0,
        "Gain On Sale Of Security": 11000.0,
        "Selling General And Administration": 8815000.0,
        "Selling And Marketing Expense": 219000.0,
        "General And Administrative Expense": 8596000.0,
        "Insurance And Claims": 144000.0,
        "Salaries And Wages": 8452000.0,
        "Total Revenue": 29304000.0,
        "Operating Revenue": 29304000.0
    },
    "2022-09-30": {
        "Tax Effect Of Unusual Items": -13156.0,
        "Tax Rate For Calcs": 0.299,
        "Total Unusual Items": -44000.0,
        "Total Unusual Items Excluding Goodwill": -44000.0,
        "Net Income From Continuing Operation Net Minority Interest": 8287000.0,
        "Reconciled Depreciation": 638000.0,
        "Net Interest Income": 23649000.0,
        "Interest Expense": 3215000.0,
        "Interest Income": 26864000.0,
        "Normalized Income": 8317844.0,
        "Net Income From Continuing And Discontinued Operation": 8287000.0,
        "Diluted Average Shares": 7394089.0,
        "Basic Average Shares": 7312291.0,
        "Diluted EPS": 1.12,
        "Basic EPS": 1.13,
        "Diluted NI Availto Com Stockholders": 8287000.0,
        "Net Income Common Stockholders": 8287000.0,
        "Net Income": 8287000.0,
        "Net Income Including Noncontrolling Interests": 8287000.0,
        "Net Income Continuous Operations": 8287000.0,
        "Tax Provision": 3537000.0,
        "Pretax Income": 11824000.0,
        "Gain On Sale Of Security": -122000.0,
        "Selling General And Administration": 9644000.0,
        "Selling And Marketing Expense": 177000.0,
        "General And Administrative Expense": 9467000.0,
        "Other Gand A": 1105000.0,
        "Insurance And Claims": 97000.0,
        "Salaries And Wages": 8265000.0,
        "Total Revenue": 24668000.0,
        "Operating Revenue": 24668000.0
    },
    "2022-06-30": {
        "Tax Effect Of Unusual Items": 34777.651083,
        "Tax Rate For Calcs": 0.347777,
        "Total Unusual Items": 100000.0,
        "Total Unusual Items Excluding Goodwill": 100000.0,
        "Net Income From Continuing Operation Net Minority Interest": 10296000.0,
        "Reconciled Depreciation": 641000.0,
        "Net Interest Income": 23618000.0,
        "Interest Expense": 1257000.0,
        "Interest Income": 24875000.0,
        "Normalized Income": 10230777.651083,
        "Net Income From Continuing And Discontinued Operation": 10296000.0,
        "Diluted Average Shares": 7615777.0,
        "Basic Average Shares": 7504310.0,
        "Diluted EPS": 1.36,
        "Basic EPS": 1.37,
        "Diluted NI Availto Com Stockholders": 10296000.0,
        "Net Income Common Stockholders": 10296000.0,
        "Net Income": 10296000.0,
        "Net Income Including Noncontrolling Interests": 10296000.0,
        "Net Income Continuous Operations": 10296000.0,
        "Tax Provision": 5490000.0,
        "Pretax Income": 15786000.0,
        "Gain On Sale Of Security": -179000.0,
        "Selling General And Administration": 10434000.0,
        "Selling And Marketing Expense": 222000.0,
        "General And Administrative Expense": 10212000.0,
        "Other Gand A": 1203000.0,
        "Insurance And Claims": 97000.0,
        "Salaries And Wages": 8912000.0,
        "Total Revenue": 27471000.0,
        "Operating Revenue": 27471000.0
    },
    "2019-03-31": {
        "Diluted EPS": 0.52,
        "Total Revenue": 22,
        "Gross Profit": 17,
        "Operating Income": 7,
        "EBIT": NaN,
        "Net Income": 5
    },
    "2018-12-31": {
        "Diluted EPS": 0.56,
        "Total Revenue": 22,
        "Gross Profit": 17,
        "Operating Income": 7,
        "EBIT": NaN,
        "Net Income": 5
    },
    "2018-09-30": {
        "Diluted EPS": 0.49,
        "Total Revenue": 20,
        "Gross Profit": 16,
        "Operating Income": 6,
        "EBIT": NaN,
        "Net Income": 5
    },
    "2018-06-30": {
        "Diluted EPS": 0.48,
        "Total Revenue": 20,
        "Gross Profit": 16,
        "Operating Income": 7,
        "EBIT": NaN,
        "Net Income": 4
    },
    "2018-03-31": {
        "Diluted EPS": 0.43,
        "Total Revenue": 18,
        "Gross Profit": 15,
        "Operating Income": 6,
        "EBIT": NaN,
        "Net Income": 4
    },
    "2017-12-31": {
        "Diluted EPS": 0.36,
        "Total Revenue": 16,
        "Gross Profit": 14,
        "Operating Income": 5,
        "EBIT": NaN,
        "Net Income": 3
    },
    "2017-09-30": {
        "Diluted EPS": 0.5,
        "Total Revenue": 18,
        "Gross Profit": 15,
        "Operating Income": 6,
        "EBIT": NaN,
        "Net Income": 5
    },
    "2017-06-30": {
        "Diluted EPS": 0.45,
        "Total Revenue": 19,
        "Gross Profit": 17,
        "Operating Income": 7,
        "EBIT": NaN,
        "Net Income": 4
    },
    "2017-03-31": {
        "Diluted EPS": 0.39,
        "Total Revenue": 17,
        "Gross Profit": 15,
        "Operating Income": 6,
        "EBIT": NaN,
        "Net Income": 3
    },
    "2016-12-31": {
        "Diluted EPS": 0.35,
        "Total Revenue": 17,
        "Gross Profit": 15,
        "Operating Income": 5,
        "EBIT": NaN,
        "Net Income": 3
    },
    "2016-09-30": {
        "Diluted EPS": 0.19,
        "Total Revenue": 14,
        "Gross Profit": 12,
        "Operating Income": 3,
        "EBIT": NaN,
        "Net Income": 2
    },
    "2016-06-30": {
        "Diluted EPS": 0.23,
        "Total Revenue": 15,
        "Gross Profit": 13,
        "Operating Income": 3,
        "EBIT": NaN,
        "Net Income": 2
    },
    "2016-03-31": {
        "Diluted EPS": 0.19,
        "Total Revenue": 13,
        "Gross Profit": 11,
        "Operating Income": 3,
        "EBIT": NaN,
        "Net Income": 2
    },
    "2015-12-31": {
        "Diluted EPS": 0.18,
        "Total Revenue": 14,
        "Gross Profit": 12,
        "Operating Income": 3,
        "EBIT": NaN,
        "Net Income": 2
    },
    "2015-09-30": {
        "Diluted EPS": 0.2,
        "Total Revenue": 13,
        "Gross Profit": 11,
        "Operating Income": 3,
        "EBIT": NaN,
        "Net Income": 2
    },
    "2015-06-30": {
        "Diluted EPS": 0.22,
        "Total Revenue": 14,
        "Gross Profit": 12,
        "Operating Income": 3,
        "EBIT": NaN,
        "Net Income": 2
    },
    "2015-03-31": {
        "Diluted EPS": 0.18,
        "Total Revenue": 12,
        "Gross Profit": 11,
        "Operating Income": 3,
        "EBIT": NaN,
        "Net Income": 2
    },
    "2014-12-31": {
        "Diluted EPS": 0.16,
        "Total Revenue": 13,
        "Gross Profit": 11,
        "Operating Income": 2,
        "EBIT": NaN,
        "Net Income": 2
    },
    "2014-09-30": {
        "Diluted EPS": 0.16,
        "Total Revenue": 12,
        "Gross Profit": 11,
        "Operating Income": 3,
        "EBIT": NaN,
        "Net Income": 2
    },
    "2014-06-30": {
        "Diluted EPS": 0.06,
        "Total Revenue": 12,
        "Gross Profit": 10,
        "Operating Income": 1,
        "EBIT": NaN,
        "Net Income": 1
    },
    "2014-03-31": {
        "Diluted EPS": 0.04,
        "Total Revenue": 10,
        "Gross Profit": 8,
        "Operating Income": 1,
        "EBIT": NaN,
        "Net Income": 0
    },
    "2013-12-31": {
        "Diluted EPS": 0.13,
        "Total Revenue": 11,
        "Gross Profit": 10,
        "Operating Income": 2,
        "EBIT": NaN,
        "Net Income": 1
    },
    "2013-09-30": {
        "Diluted EPS": 0.03,
        "Total Revenue": 10,
        "Gross Profit": 8,
        "Operating Income": 0,
        "EBIT": NaN,
        "Net Income": 0
    },
    "2013-06-30": {
        "Diluted EPS": 0.02,
        "Total Revenue": 11,
        "Gross Profit": 9,
        "Operating Income": 0,
        "EBIT": NaN,
        "Net Income": 0
    },
    "2013-03-31": {
        "Diluted EPS": 0.16,
        "Total Revenue": 13,
        "Gross Profit": 11,
        "Operating Income": 2,
        "EBIT": NaN,
        "Net Income": 2
    },
    "2012-12-31": {
        "Diluted EPS": 0.12,
        "Total Revenue": 11,
        "Gross Profit": 10,
        "Operating Income": 2,
        "EBIT": NaN,
        "Net Income": 1
    },
    "2012-09-30": {
        "Diluted EPS": 0.09,
        "Total Revenue": 11,
        "Gross Profit": 9,
        "Operating Income": 2,
        "EBIT": NaN,
        "Net Income": 1
    },
    "2012-06-30": {
        "Diluted EPS": 0.18,
        "Total Revenue": 11,
        "Gross Profit": 9,
        "Operating Income": 1,
        "EBIT": NaN,
        "Net Income": 1
    },
    "2012-03-31": {
        "Diluted EPS": 0.02,
        "Total Revenue": 9,
        "Gross Profit": 8,
        "Operating Income": 0,
        "EBIT": NaN,
        "Net Income": 0
    },
    "2011-12-31": {
        "Diluted EPS": 0.09,
        "Total Revenue": 9,
        "Gross Profit": 8,
        "Operating Income": 1,
        "EBIT": NaN,
        "Net Income": 0
    },
    "2011-09-30": {
        "Diluted EPS": 0.12,
        "Total Revenue": 8,
        "Gross Profit": 6,
        "Operating Income": -1,
        "EBIT": NaN,
        "Net Income": 0
    },
    "2011-06-30": {
        "Diluted EPS": 0.13,
        "Total Revenue": 14,
        "Gross Profit": 18,
        "Operating Income": 27,
        "EBIT": NaN,
        "Net Income": 1
    },
    "2011-03-31": {
        "Diluted EPS": 0.02,
        "Total Revenue": 9,
        "Gross Profit": 7,
        "Operating Income": 0,
        "EBIT": NaN,
        "Net Income": 0
    },
    "2010-12-31": {
        "Diluted EPS": 0.33,
        "Total Revenue": 26,
        "Gross Profit": 23,
        "Operating Income": 13,
        "EBIT": NaN,
        "Net Income": 1
    },
    "2010-09-30": {
        "Diluted EPS": 0.38,
        "Total Revenue": 11,
        "Gross Profit": 8,
        "Operating Income": 1,
        "EBIT": NaN,
        "Net Income": 1
    },
    "2010-06-30": {
        "Diluted EPS": -0.01,
        "Total Revenue": 11,
        "Gross Profit": 15,
        "Operating Income": 25,
        "EBIT": NaN,
        "Net Income": 0
    },
    "2010-03-31": {
        "Diluted EPS": 0.2,
        "Total Revenue": 11,
        "Gross Profit": 8,
        "Operating Income": 1,
        "EBIT": NaN,
        "Net Income": 0
    },
    "2009-12-31": {
        "Diluted EPS": 0.25,
        "Total Revenue": 9,
        "Gross Profit": 5,
        "Operating Income": -1,
        "EBIT": NaN,
        "Net Income": 1
    },
    "2009-09-30": {
        "Diluted EPS": 0.19,
        "Total Revenue": 11,
        "Gross Profit": 7,
        "Operating Income": 1,
        "EBIT": NaN,
        "Net Income": 0
    },
    "2009-06-30": {
        "Diluted EPS": 0.06,
        "Total Revenue": 11,
        "Gross Profit": 7,
        "Operating Income": 1,
        "EBIT": NaN,
        "Net Income": 0
    },
    "2009-03-31": {
        "Diluted EPS": 0.14,
        "Total Revenue": 11,
        "Gross Profit": 7,
        "Operating Income": 0,
        "EBIT": NaN,
        "Net Income": 0
    },
    "2023-06-30": {
        "Tax Effect Of Unusual Items": 0.0,
        "Tax Rate For Calcs": 0.345057,
        "Total Unusual Items": 0.0,
        "Total Unusual Items Excluding Goodwill": 0.0,
        "Net Income From Continuing Operation Net Minority Interest": 12085000.0,
        "Reconciled Depreciation": 720000.0,
        "Net Interest Income": 34155000.0,
        "Interest Expense": 23597000.0,
        "Interest Income": 57752000.0,
        "Normalized Income": 12085000.0,
        "Net Income From Continuing And Discontinued Operation": 12085000.0,
        "Diluted NI Availto Com Stockholders": 12085000.0,
        "Net Income Common Stockholders": 12085000.0,
        "Net Income": 12085000.0,
        "Net Income Including Noncontrolling Interests": 12085000.0,
        "Net Income Continuous Operations": 12085000.0,
        "Tax Provision": 6367000.0,
        "Pretax Income": 18452000.0,
        "Gain On Sale Of Security": -177000.0,
        "Selling General And Administration": 11451000.0,
        "Selling And Marketing Expense": 339000.0,
        "General And Administrative Expense": 11112000.0,
        "Insurance And Claims": 540000.0,
        "Salaries And Wages": 10572000.0,
        "Total Revenue": 34593000.0,
        "Operating Revenue": 34593000.0
    },
    "2023-09-30": {
        "Tax Effect Of Unusual Items": 0.0,
        "Tax Rate For Calcs": 0.32,
        "Total Unusual Items": 0.0,
        "Total Unusual Items Excluding Goodwill": 0.0,
        "Net Income From Continuing Operation Net Minority Interest": 15172000.0,
        "Reconciled Depreciation": 796000.0,
        "Net Interest Income": 37124000.0,
        "Interest Expense": 25573000.0,
        "Interest Income": 62697000.0,
        "Normalized Income": 15172000.0,
        "Net Income From Continuing And Discontinued Operation": 15172000.0,
        "Diluted NI Availto Com Stockholders": 15172000.0,
        "Net Income Common Stockholders": 15172000.0,
        "Net Income": 15172000.0,
        "Net Income Including Noncontrolling Interests": 15172000.0,
        "Net Income Continuous Operations": 15172000.0,
        "Tax Provision": 7152000.0,
        "Pretax Income": 22324000.0,
        "Gain On Sale Of Security": -157000.0,
        "Selling General And Administration": 10339000.0,
        "Selling And Marketing Expense": 261000.0,
        "General And Administrative Expense": 10078000.0,
        "Insurance And Claims": 357000.0,
        "Salaries And Wages": 9721000.0,
        "Total Revenue": 37253000.0,
        "Operating Revenue": 37253000.0
    }
}