{
    "2023-06-30": {
        "Tax Effect Of Unusual Items": 707280.0,
        "Tax Rate For Calcs": 0.21,
        "Normalized EBITDA": 245173000.0,
        "Total Unusual Items": 3368000.0,
        "Total Unusual Items Excluding Goodwill": 3368000.0,
        "Net Income From Continuing Operation Net Minority Interest": 4611000.0,
        "Reconciled Depreciation": 159698000.0,
        "Reconciled Cost Of Revenue": 615229000.0,
        "EBITDA": 248541000.0,
        "EBIT": 88843000.0,
        "Net Interest Income": -35145000.0,
        "Interest Expense": 46164000.0,
        "Interest Income": 11019000.0,
        "Normalized Income": 1950280.0,
        "Net Income From Continuing And Discontinued Operation": 4611000.0,
        "Total Expenses": 691742000.0,
        "Diluted Average Shares": 9195000.0,
        "Basic Average Shares": 9195000.0,
        "Diluted EPS": -0.31,
        "Basic EPS": -0.31,
        "Diluted NI Availto Com Stockholders": -2825000.0,
        "Average Dilution Earnings": 0.0,
        "Net Income Common Stockholders": -2825000.0,
        "Otherunder Preferred Stock Dividend": 7436000.0,
        "Net Income": 4611000.0,
        "Minority Interests": -11620000.0,
        "Net Income Including Noncontrolling Interests": 16231000.0,
        "Net Income Continuous Operations": 16231000.0,
        "Tax Provision": 26448000.0,
        "Pretax Income": 42679000.0,
        "Other Income Expense": 2499000.0,
        "Other Non Operating Income Expenses": -869000.0,
        "Special Income Charges": -4902000.0,
        "Gain On Sale Of Ppe": -592000.0,
        "Other Special Charges": 4310000.0,
        "Restructuring And Mergern Acquisition": 620000.0,
        "Gain On Sale Of Security": 8270000.0,
        "Net Non Operating Interest Income Expense": -35145000.0,
        "Interest Expense Non Operating": 46164000.0,
        "Interest Income Non Operating": 11019000.0,
        "Operating Income": 75325000.0,
        "Operating Expense": 76513000.0,
        "Research And Development": 13281000.0,
        "Selling General And Administration": 63232000.0,
        "General And Administrative Expense": 63232000.0,
        "Other Gand A": 63232000.0,
        "Gross Profit": 151838000.0,
        "Cost Of Revenue": 615229000.0,
        "Total Revenue": 767067000.0,
        "Operating Revenue": 767067000.0
    },
    "2023-03-31": {
        "Tax Effect Of Unusual Items": 13722496.996729,
        "Tax Rate For Calcs": 0.273744,
        "Normalized EBITDA": 242118000.0,
        "Total Unusual Items": 50129000.0,
        "Total Unusual Items Excluding Goodwill": 50129000.0,
        "Net Income From Continuing Operation Net Minority Interest": 49224000.0,
        "Reconciled Depreciation": 163031000.0,
        "Reconciled Cost Of Revenue": 625360000.0,
        "EBITDA": 292247000.0,
        "EBIT": 129216000.0,
        "Net Interest Income": -35627000.0,
        "Interest Expense": 45141000.0,
        "Interest Income": 9514000.0,
        "Normalized Income": 12817496.996729,
        "Net Income From Continuing And Discontinued Operation": 49224000.0,
        "Total Expenses": 702164000.0,
        "Diluted Average Shares": 9867000.0,
        "Basic Average Shares": 9160000.0,
        "Diluted EPS": 4.11,
        "Basic EPS": 4.39,
        "Diluted NI Availto Com Stockholders": 49224000.0,
        "Average Dilution Earnings": NaN,
        "Net Income Common Stockholders": 49224000.0,
        "Otherunder Preferred Stock Dividend": NaN,
        "Net Income": 49224000.0,
        "Minority Interests": -11836000.0,
        "Net Income Including Noncontrolling Interests": 61060000.0,
        "Net Income Continuous Operations": 61060000.0,
        "Tax Provision": 23015000.0,
        "Pretax Income": 84075000.0,
        "Other Income Expense": 42727000.0,
        "Other Non Operating Income Expenses": -7402000.0,
        "Special Income Charges": 21917000.0,
        "Gain On Sale Of Ppe": -336000.0,
        "Other Special Charges": -22253000.0,
        "Restructuring And Mergern Acquisition": 7100000.0,
        "Gain On Sale Of Security": 28212000.0,
        "Net Non Operating Interest Income Expense": -35627000.0,
        "Interest Expense Non Operating": 45141000.0,
        "Interest Income Non Operating": 9514000.0,
        "Operating Income": 76975000.0,
        "Operating Expense": 76804000.0,
        "Research And Development": 15074000.0,
        "Selling General And Administration": 61730000.0,
        "General And Administrative Expense": 61730000.0,
        "Other Gand A": 61730000.0,
        "Gross Profit": 153779000.0,
        "Cost Of Revenue": 625360000.0,
        "Total Revenue": 779139000.0,
        "Operating Revenue": 779139000.0
    },
    "2022-12-31": {
        "Tax Effect Of Unusual Items": -11389770.0,
        "Tax Rate For Calcs": 0.21,
        "Normalized EBITDA": 235329000.0,
        "Total Unusual Items": -54237000.0,
        "Total Unusual Items Excluding Goodwill": -54237000.0,
        "Net Income From Continuing Operation Net Minority Interest": -69065000.0,
        "Reconciled Depreciation": 168841000.0,
        "Reconciled Cost Of Revenue": 626025000.0,
        "EBITDA": 181092000.0,
        "EBIT": 12251000.0,
        "Net Interest Income": -35306000.0,
        "Interest Expense": 44245000.0,
        "Interest Income": 8939000.0,
        "Normalized Income": -26217770.0,
        "Net Income From Continuing And Discontinued Operation": -69065000.0,
        "Total Expenses": 698967000.0,
        "Diluted Average Shares": 9101000.0,
        "Basic Average Shares": 9101000.0,
        "Diluted EPS": -7.87,
        "Basic EPS": -7.87,
        "Diluted NI Availto Com Stockholders": -61345000.0,
        "Average Dilution Earnings": NaN,
        "Net Income Common Stockholders": -61345000.0,
        "Otherunder Preferred Stock Dividend": NaN,
        "Net Income": -69065000.0,
        "Minority Interests": -10911000.0,
        "Net Income Including Noncontrolling Interests": -58154000.0,
        "Net Income Discontinuous Operations": 0.0,
        "Net Income Continuous Operations": -58154000.0,
        "Tax Provision": 26160000.0,
        "Pretax Income": -31994000.0,
        "Other Income Expense": -57869000.0,
        "Other Non Operating Income Expenses": -3632000.0,
        "Special Income Charges": -7557000.0,
        "Gain On Sale Of Ppe": -6221000.0,
        "Other Special Charges": 1336000.0,
        "Restructuring And Mergern Acquisition": NaN,
        "Gain On Sale Of Security": -46680000.0,
        "Net Non Operating Interest Income Expense": -35306000.0,
        "Interest Expense Non Operating": 44245000.0,
        "Interest Income Non Operating": 8939000.0,
        "Operating Income": 61181000.0,
        "Operating Expense": 72942000.0,
        "Research And Development": 13911000.0,
        "Selling General And Administration": 59031000.0,
        "General And Administrative Expense": 59031000.0,
        "Other Gand A": 59031000.0,
        "Gross Profit": 134123000.0,
        "Cost Of Revenue": 626025000.0,
        "Total Revenue": 760148000.0,
        "Operating Revenue": 760148000.0
    },
    "2022-09-30": {
        "Tax Effect Of Unusual Items": 1010730.0,
        "Tax Rate For Calcs": 0.21,
        "Normalized EBITDA": 46919000.0,
        "Total Unusual Items": 4813000.0,
        "Total Unusual Items Excluding Goodwill": 4813000.0,
        "Net Income From Continuing Operation Net Minority Interest": -13783000.0,
        "Reconciled Depreciation": 169857000.0,
        "Reconciled Cost Of Revenue": 602168000.0,
        "EBITDA": 51732000.0,
        "EBIT": 51732000.0,
        "Net Interest Income": -43841000.0,
        "Interest Expense": 43841000.0,
        "Interest Income": 4814000.0,
        "Normalized Income": -17585270.0,
        "Net Income From Continuing And Discontinued Operation": -13783000.0,
        "Total Expenses": 673171000.0,
        "Diluted Average Shares": 9099000.0,
        "Basic Average Shares": 9099000.0,
        "Diluted EPS": -1.8,
        "Basic EPS": -1.8,
        "Diluted NI Availto Com Stockholders": -13783000.0,
        "Average Dilution Earnings": NaN,
        "Net Income Common Stockholders": -13783000.0,
        "Otherunder Preferred Stock Dividend": 2601000.0,
        "Net Income": -13783000.0,
        "Minority Interests": -9322000.0,
        "Net Income Including Noncontrolling Interests": -4461000.0,
        "Net Income Discontinuous Operations": 0.0,
        "Net Income Continuous Operations": -4461000.0,
        "Tax Provision": 12352000.0,
        "Pretax Income": 7891000.0,
        "Other Income Expense": 30767000.0,
        "Other Non Operating Income Expenses": 25954000.0,
        "Special Income Charges": -7726000.0,
        "Gain On Sale Of Ppe": -4650000.0,
        "Other Special Charges": 3076000.0,
        "Impairment Of Capital Assets": 0.0,
        "Restructuring And Mergern Acquisition": NaN,
        "Gain On Sale Of Security": 4813000.0,
        "Net Non Operating Interest Income Expense": -43841000.0,
        "Interest Expense Non Operating": 43841000.0,
        "Interest Income Non Operating": 4814000.0,
        "Operating Income": 20965000.0,
        "Operating Expense": 71003000.0,
        "Research And Development": 13409000.0,
        "Selling General And Administration": 57594000.0,
        "General And Administrative Expense": 57594000.0,
        "Other Gand A": 57594000.0,
        "Gross Profit": 91968000.0,
        "Cost Of Revenue": 602168000.0,
        "Total Revenue": 694136000.0,
        "Operating Revenue": 694136000.0
    },
    "2022-06-30": {
        "Tax Effect Of Unusual Items": 328800.0,
        "Tax Rate For Calcs": 0.4,
        "Normalized EBITDA": -18505000.0,
        "Total Unusual Items": 822000.0,
        "Total Unusual Items Excluding Goodwill": 822000.0,
        "Net Income From Continuing Operation Net Minority Interest": -82917000.0,
        "Reconciled Depreciation": 162014000.0,
        "Reconciled Cost Of Revenue": 565812000.0,
        "EBITDA": -17683000.0,
        "EBIT": -17683000.0,
        "Net Interest Income": -42899000.0,
        "Interest Expense": 42899000.0,
        "Interest Income": 1324000.0,
        "Normalized Income": -83410200.0,
        "Net Income From Continuing And Discontinued Operation": -82917000.0,
        "Total Expenses": 634920000.0,
        "Diluted Average Shares": 9081000.0,
        "Basic Average Shares": 9081000.0,
        "Diluted EPS": -9.41,
        "Basic EPS": -9.41,
        "Diluted NI Availto Com Stockholders": -82917000.0,
        "Average Dilution Earnings": NaN,
        "Net Income Common Stockholders": -82917000.0,
        "Otherunder Preferred Stock Dividend": 2574000.0,
        "Net Income": -82917000.0,
        "Minority Interests": -12982000.0,
        "Net Income Including Noncontrolling Interests": -69935000.0,
        "Net Income Discontinuous Operations": 0.0,
        "Net Income Continuous Operations": -69935000.0,
        "Tax Provision": 9353000.0,
        "Pretax Income": -60582000.0,
        "Other Income Expense": -13706000.0,
        "Other Non Operating Income Expenses": -14528000.0,
        "Special Income Charges": 594000.0,
        "Gain On Sale Of Ppe": 3597000.0,
        "Other Special Charges": 3003000.0,
        "Impairment Of Capital Assets": 0.0,
        "Restructuring And Mergern Acquisition": NaN,
        "Gain On Sale Of Security": 822000.0,
        "Net Non Operating Interest Income Expense": -42899000.0,
        "Interest Expense Non Operating": 42899000.0,
        "Interest Income Non Operating": 1324000.0,
        "Operating Income": -3977000.0,
        "Operating Expense": 69108000.0,
        "Research And Development": 10941000.0,
        "Selling General And Administration": 58167000.0,
        "General And Administrative Expense": 58167000.0,
        "Other Gand A": 58167000.0,
        "Gross Profit": 65131000.0,
        "Cost Of Revenue": 565812000.0,
        "Total Revenue": 630943000.0,
        "Operating Revenue": 630943000.0
    },
    "2022-03-31": {
        "Diluted EPS": -22.51,
        "Total Revenue": 569,
        "Gross Profit": 196,
        "Operating Income": -161,
        "EBIT": 55,
        "Net Income": -184
    },
    "2021-12-31": {
        "Diluted EPS": -14.04,
        "Total Revenue": 544,
        "Gross Profit": 196,
        "Operating Income": -91,
        "EBIT": 127,
        "Net Income": -114
    },
    "2021-09-30": {
        "Diluted EPS": -15.79,
        "Total Revenue": 524,
        "Gross Profit": 188,
        "Operating Income": -113,
        "EBIT": 108,
        "Net Income": -123
    },
    "2021-06-30": {
        "Diluted EPS": -26.59,
        "Total Revenue": 489,
        "Gross Profit": 177,
        "Operating Income": -166,
        "EBIT": 56,
        "Net Income": -196
    },
    "2021-03-31": {
        "Diluted EPS": -20.16,
        "Total Revenue": 462,
        "Gross Profit": 171,
        "Operating Income": -119,
        "EBIT": 107,
        "Net Income": -141
    },
    "2020-12-31": {
        "Diluted EPS": -16.41,
        "Total Revenue": 447,
        "Gross Profit": 172,
        "Operating Income": -65,
        "EBIT": 198,
        "Net Income": -112
    },
    "2020-09-30": {
        "Diluted EPS": -23.42,
        "Total Revenue": 438,
        "Gross Profit": 167,
        "Operating Income": -150,
        "EBIT": 117,
        "Net Income": -161
    },
    "2020-06-30": {
        "Diluted EPS": -22.13,
        "Total Revenue": 536,
        "Gross Profit": 209,
        "Operating Income": -134,
        "EBIT": 137,
        "Net Income": -152
    },
    "2020-03-31": {
        "Diluted EPS": -56.73,
        "Total Revenue": 715,
        "Gross Profit": 253,
        "Operating Income": -357,
        "EBIT": -67,
        "Net Income": -395
    },
    "2019-12-31": {
        "Diluted EPS": -38.7,
        "Total Revenue": 716,
        "Gross Profit": 280,
        "Operating Income": -258,
        "EBIT": 25,
        "Net Income": -267
    },
    "2019-09-30": {
        "Diluted EPS": -18.25,
        "Total Revenue": 757,
        "Gross Profit": 281,
        "Operating Income": -76,
        "EBIT": 204,
        "Net Income": -123
    },
    "2019-06-30": {
        "Diluted EPS": -30.31,
        "Total Revenue": 772,
        "Gross Profit": 275,
        "Operating Income": -181,
        "EBIT": 97,
        "Net Income": -208
    },
    "2019-03-31": {
        "Diluted EPS": -18.13,
        "Total Revenue": 809,
        "Gross Profit": 288,
        "Operating Income": -74,
        "EBIT": 197,
        "Net Income": -122
    },
    "2018-12-31": {
        "Diluted EPS": -28.61,
        "Total Revenue": 777,
        "Gross Profit": 266,
        "Operating Income": -144,
        "EBIT": 147,
        "Net Income": -188
    },
    "2018-09-30": {
        "Diluted EPS": -17.5,
        "Total Revenue": 778,
        "Gross Profit": 281,
        "Operating Income": -83,
        "EBIT": 185,
        "Net Income": -119
    },
    "2018-06-30": {
        "Diluted EPS": -30.5,
        "Total Revenue": 759,
        "Gross Profit": 265,
        "Operating Income": -172,
        "EBIT": 115,
        "Net Income": -202
    },
    "2018-03-31": {
        "Diluted EPS": -23.0,
        "Total Revenue": 735,
        "Gross Profit": 259,
        "Operating Income": -120,
        "EBIT": 163,
        "Net Income": -144
    },
    "2017-12-31": {
        "Diluted EPS": -20.0,
        "Total Revenue": 709,
        "Gross Profit": 238,
        "Operating Income": -138,
        "EBIT": 141,
        "Net Income": -116
    },
    "2017-09-30": {
        "Diluted EPS": -26.0,
        "Total Revenue": 662,
        "Gross Profit": 221,
        "Operating Income": -134,
        "EBIT": 145,
        "Net Income": -149
    },
    "2017-06-30": {
        "Diluted EPS": -23.0,
        "Total Revenue": 630,
        "Gross Profit": 213,
        "Operating Income": -135,
        "EBIT": 135,
        "Net Income": -133
    },
    "2017-03-31": {
        "Diluted EPS": -26.0,
        "Total Revenue": 563,
        "Gross Profit": 176,
        "Operating Income": -173,
        "EBIT": 94,
        "Net Income": -149
    },
    "2016-12-31": {
        "Diluted EPS": -59.5,
        "Total Revenue": 539,
        "Gross Profit": 208,
        "Operating Income": -393,
        "EBIT": -127,
        "Net Income": -336
    },
    "2016-09-30": {
        "Diluted EPS": -19.5,
        "Total Revenue": 520,
        "Gross Profit": 214,
        "Operating Income": -129,
        "EBIT": 141,
        "Net Income": -111
    },
    "2016-06-30": {
        "Diluted EPS": -32.5,
        "Total Revenue": 517,
        "Gross Profit": 176,
        "Operating Income": -228,
        "EBIT": 39,
        "Net Income": -185
    },
    "2016-03-31": {
        "Diluted EPS": -70.5,
        "Total Revenue": 431,
        "Gross Profit": 66,
        "Operating Income": -449,
        "EBIT": -185,
        "Net Income": -398
    },
    "2015-12-31": {
        "Diluted EPS": -28.0,
        "Total Revenue": 694,
        "Gross Profit": 249,
        "Operating Income": -224,
        "EBIT": 61,
        "Net Income": -164
    },
    "2015-09-30": {
        "Diluted EPS": -51.0,
        "Total Revenue": 812,
        "Gross Profit": 294,
        "Operating Income": -332,
        "EBIT": -46,
        "Net Income": -296
    },
    "2015-06-30": {
        "Diluted EPS": -6.5,
        "Total Revenue": 863,
        "Gross Profit": 375,
        "Operating Income": 25,
        "EBIT": 289,
        "Net Income": -37
    },
    "2015-03-31": {
        "Diluted EPS": 21.0,
        "Total Revenue": NaN,
        "Gross Profit": 503,
        "Operating Income": 104,
        "EBIT": 431,
        "Net Income": 124
    },
    "2014-12-31": {
        "Diluted EPS": -150.0,
        "Total Revenue": NaN,
        "Gross Profit": 590,
        "Operating Income": -910,
        "EBIT": -564,
        "Net Income": -891
    },
    "2014-09-30": {
        "Diluted EPS": 17.5,
        "Total Revenue": NaN,
        "Gross Profit": 631,
        "Operating Income": 164,
        "EBIT": 494,
        "Net Income": 106
    },
    "2014-06-30": {
        "Diluted EPS": 10.5,
        "Total Revenue": NaN,
        "Gross Profit": 557,
        "Operating Income": 78,
        "EBIT": 408,
        "Net Income": 64
    },
    "2014-03-31": {
        "Diluted EPS": 8.0,
        "Total Revenue": NaN,
        "Gross Profit": 526,
        "Operating Income": 64,
        "EBIT": 391,
        "Net Income": 50
    },
    "2013-12-31": {
        "Diluted EPS": 25.0,
        "Total Revenue": NaN,
        "Gross Profit": 574,
        "Operating Income": 103,
        "EBIT": 435,
        "Net Income": 151
    },
    "2013-09-30": {
        "Diluted EPS": -17.5,
        "Total Revenue": NaN,
        "Gross Profit": 569,
        "Operating Income": -134,
        "EBIT": 207,
        "Net Income": -105
    },
    "2013-06-30": {
        "Diluted EPS": -0.5,
        "Total Revenue": NaN,
        "Gross Profit": 502,
        "Operating Income": 35,
        "EBIT": 380,
        "Net Income": -4
    },
    "2013-03-31": {
        "Diluted EPS": 16.5,
        "Total Revenue": NaN,
        "Gross Profit": 623,
        "Operating Income": 103,
        "EBIT": 436,
        "Net Income": 99
    },
    "2012-12-31": {
        "Diluted EPS": 4.5,
        "Total Revenue": NaN,
        "Gross Profit": 578,
        "Operating Income": 138,
        "EBIT": 486,
        "Net Income": 28
    },
    "2012-09-30": {
        "Diluted EPS": 13.0,
        "Total Revenue": NaN,
        "Gross Profit": 531,
        "Operating Income": 60,
        "EBIT": 394,
        "Net Income": 76
    },
    "2012-06-30": {
        "Diluted EPS": -12.5,
        "Total Revenue": NaN,
        "Gross Profit": 485,
        "Operating Income": -134,
        "EBIT": 191,
        "Net Income": -73
    },
    "2012-03-31": {
        "Diluted EPS": 23.0,
        "Total Revenue": NaN,
        "Gross Profit": 657,
        "Operating Income": 212,
        "EBIT": 523,
        "Net Income": 134
    },
    "2011-12-31": {
        "Diluted EPS": -16.5,
        "Total Revenue": NaN,
        "Gross Profit": 671,
        "Operating Income": 142,
        "EBIT": 456,
        "Net Income": -101
    },
    "2011-09-30": {
        "Diluted EPS": 12.5,
        "Total Revenue": NaN,
        "Gross Profit": 624,
        "Operating Income": 126,
        "EBIT": 433,
        "Net Income": 74
    },
    "2011-06-30": {
        "Diluted EPS": 32.5,
        "Total Revenue": NaN,
        "Gross Profit": 525,
        "Operating Income": 108,
        "EBIT": 411,
        "Net Income": 192
    },
    "2011-03-31": {
        "Diluted EPS": 14.0,
        "Total Revenue": NaN,
        "Gross Profit": 561,
        "Operating Income": 140,
        "EBIT": 476,
        "Net Income": 83
    },
    "2010-12-31": {
        "Diluted EPS": 9.0,
        "Total Revenue": NaN,
        "Gross Profit": 539,
        "Operating Income": 224,
        "EBIT": 539,
        "Net Income": 50
    },
    "2010-09-30": {
        "Diluted EPS": -7.0,
        "Total Revenue": NaN,
        "Gross Profit": 455,
        "Operating Income": -36,
        "EBIT": 258,
        "Net Income": -40
    },
    "2010-06-30": {
        "Diluted EPS": 7.5,
        "Total Revenue": 907,
        "Gross Profit": 390,
        "Operating Income": 53,
        "EBIT": 322,
        "Net Income": 44
    },
    "2010-03-31": {
        "Diluted EPS": 7.0,
        "Total Revenue": 896,
        "Gross Profit": 391,
        "Operating Income": 52,
        "EBIT": 319,
        "Net Income": 40
    },
    "2009-12-31": {
        "Diluted EPS": -8.0,
        "Total Revenue": 707,
        "Gross Profit": 276,
        "Operating Income": 81,
        "EBIT": 341,
        "Net Income": -47
    },
    "2009-09-30": {
        "Diluted EPS": 5.0,
        "Total Revenue": 804,
        "Gross Profit": 373,
        "Operating Income": 38,
        "EBIT": 305,
        "Net Income": 30
    },
    "2009-06-30": {
        "Diluted EPS": -34.0,
        "Total Revenue": 878,
        "Gross Profit": 424,
        "Operating Income": -208,
        "EBIT": 49,
        "Net Income": -193
    },
    "2009-03-31": {
        "Diluted EPS": 22.0,
        "Total Revenue": NaN,
        "Gross Profit": 477,
        "Operating Income": 157,
        "EBIT": 413,
        "Net Income": 125
    },
    "2023-09-30": {
        "Tax Effect Of Unusual Items": -6937350.0,
        "Tax Rate For Calcs": 0.21,
        "Normalized EBITDA": 217683000.0,
        "Total Unusual Items": -33035000.0,
        "Total Unusual Items Excluding Goodwill": -33035000.0,
        "Net Income From Continuing Operation Net Minority Interest": -48916000.0,
        "Reconciled Depreciation": 161337000.0,
        "Reconciled Cost Of Revenue": 609088000.0,
        "EBITDA": 184648000.0,
        "EBIT": 23311000.0,
        "Net Interest Income": -34001000.0,
        "Interest Expense": 44042000.0,
        "Interest Income": 10041000.0,
        "Normalized Income": -22818350.0,
        "Net Income From Continuing And Discontinued Operation": -48916000.0,
        "Total Expenses": 685286000.0,
        "Diluted Average Shares": 9148000.0,
        "Basic Average Shares": 9148000.0,
        "Diluted EPS": -5.34718,
        "Basic EPS": -5.34718,
        "Diluted NI Availto Com Stockholders": -48916000.0,
        "Average Dilution Earnings": NaN,
        "Net Income Common Stockholders": -48916000.0,
        "Otherunder Preferred Stock Dividend": NaN,
        "Net Income": -48916000.0,
        "Minority Interests": -17672000.0,
        "Net Income Including Noncontrolling Interests": -31244000.0,
        "Net Income Continuous Operations": -31244000.0,
        "Tax Provision": 10513000.0,
        "Pretax Income": -20731000.0,
        "Other Income Expense": -35418000.0,
        "Other Non Operating Income Expenses": -2383000.0,
        "Special Income Charges": -20611000.0,
        "Gain On Sale Of Ppe": -7054000.0,
        "Other Special Charges": 13557000.0,
        "Restructuring And Mergern Acquisition": 173000.0,
        "Gain On Sale Of Security": -12424000.0,
        "Net Non Operating Interest Income Expense": -34001000.0,
        "Interest Expense Non Operating": 44042000.0,
        "Interest Income Non Operating": 10041000.0,
        "Operating Income": 48688000.0,
        "Operating Expense": 76198000.0,
        "Research And Development": 14016000.0,
        "Selling General And Administration": 62182000.0,
        "General And Administrative Expense": 62182000.0,
        "Other Gand A": 62182000.0,
        "Gross Profit": 124886000.0,
        "Cost Of Revenue": 609088000.0,
        "Total Revenue": 733974000.0,
        "Operating Revenue": 733974000.0
    },
    "2023-12-31": {
        "Tax Effect Of Unusual Items": -4195800.0,
        "Tax Rate For Calcs": 0.21,
        "Normalized EBITDA": 254245000.0,
        "Total Unusual Items": -19980000.0,
        "Total Unusual Items Excluding Goodwill": -19980000.0,
        "Net Income From Continuing Operation Net Minority Interest": -16703000.0,
        "Reconciled Depreciation": 161226000.0,
        "Reconciled Cost Of Revenue": 585997000.0,
        "EBITDA": 234265000.0,
        "EBIT": 73039000.0,
        "Net Interest Income": -34611000.0,
        "Interest Expense": 49938000.0,
        "Interest Income": 15327000.0,
        "Normalized Income": -918800.0,
        "Net Income From Continuing And Discontinued Operation": -16703000.0,
        "Total Expenses": 656926000.0,
        "Diluted Average Shares": NaN,
        "Basic Average Shares": NaN,
        "Diluted EPS": NaN,
        "Basic EPS": NaN,
        "Diluted NI Availto Com Stockholders": -55165000.0,
        "Average Dilution Earnings": NaN,
        "Net Income Common Stockholders": -55165000.0,
        "Otherunder Preferred Stock Dividend": NaN,
        "Net Income": -16703000.0,
        "Minority Interests": -20560000.0,
        "Net Income Including Noncontrolling Interests": 3857000.0,
        "Net Income Continuous Operations": 3857000.0,
        "Tax Provision": 19244000.0,
        "Pretax Income": 23101000.0,
        "Other Income Expense": -11163000.0,
        "Other Non Operating Income Expenses": 8817000.0,
        "Special Income Charges": -11505000.0,
        "Gain On Sale Of Ppe": -5941000.0,
        "Other Special Charges": 5564000.0,
        "Restructuring And Mergern Acquisition": NaN,
        "Gain On Sale Of Security": -8475000.0,
        "Net Non Operating Interest Income Expense": -34611000.0,
        "Interest Expense Non Operating": 49938000.0,
        "Interest Income Non Operating": 15327000.0,
        "Operating Income": 68875000.0,
        "Operating Expense": 70929000.0,
        "Research And Development": 13926000.0,
        "Selling General And Administration": 57003000.0,
        "General And Administrative Expense": 57003000.0,
        "Other Gand A": 57003000.0,
        "Gross Profit": 139804000.0,
        "Cost Of Revenue": 585997000.0,
        "Total Revenue": 725801000.0,
        "Operating Revenue": 725801000.0
    }
}