{
    "2023-06-30": {
        "Tax Effect Of Unusual Items": -265798.140976,
        "Tax Rate For Calcs": 0.223548,
        "Total Unusual Items": -1189000.0,
        "Total Unusual Items Excluding Goodwill": -1189000.0,
        "Net Income From Continuing Operation Net Minority Interest": 30072000.0,
        "Reconciled Depreciation": 4655000.0,
        "Net Interest Income": 89085000.0,
        "Interest Expense": 31504000.0,
        "Interest Income": 120589000.0,
        "Normalized Income": 30995201.859024,
        "Net Income From Continuing And Discontinued Operation": 30072000.0,
        "Diluted Average Shares": 43126000.0,
        "Basic Average Shares": 42905000.0,
        "Diluted EPS": 0.7,
        "Basic EPS": 0.7,
        "Diluted NI Availto Com Stockholders": 30072000.0,
        "Net Income Common Stockholders": 30072000.0,
        "Net Income": 30072000.0,
        "Net Income Including Noncontrolling Interests": 30072000.0,
        "Net Income Continuous Operations": 30072000.0,
        "Tax Provision": 8658000.0,
        "Pretax Income": 38730000.0,
        "Special Income Charges": -1189000.0,
        "Restructuring And Mergern Acquisition": 1189000.0,
        "Gain On Sale Of Security": -4641000.0,
        "Depreciation Amortization Depletion Income Statement": 458000.0,
        "Depreciation And Amortization In Income Statement": 458000.0,
        "Amortization": 458000.0,
        "Amortization Of Intangibles Income Statement": 458000.0,
        "Selling General And Administration": 48703000.0,
        "Selling And Marketing Expense": 525000.0,
        "General And Administrative Expense": 48178000.0,
        "Insurance And Claims": 1344000.0,
        "Salaries And Wages": 46834000.0,
        "Total Revenue": 120439000.0,
        "Operating Revenue": 120439000.0,
        "Occupancy And Equipment": 6923000.0,
        "Professional Expense And Contract Services Expense": 4159000.0,
        "Other Non Interest Expense": 16671000.0
    },
    "2023-03-31": {
        "Tax Effect Of Unusual Items": -137196.0,
        "Tax Rate For Calcs": 0.222,
        "Total Unusual Items": -618000.0,
        "Total Unusual Items Excluding Goodwill": -618000.0,
        "Net Income From Continuing Operation Net Minority Interest": 33658000.0,
        "Reconciled Depreciation": 4762000.0,
        "Net Interest Income": 95066000.0,
        "Interest Expense": 19126000.0,
        "Interest Income": 114192000.0,
        "Normalized Income": 34138804.0,
        "Net Income From Continuing And Discontinued Operation": 33658000.0,
        "Diluted Average Shares": 43151282.0,
        "Basic Average Shares": 43151282.0,
        "Diluted EPS": 0.78,
        "Basic EPS": 0.78,
        "Diluted NI Availto Com Stockholders": 33658000.0,
        "Net Income Common Stockholders": 33658000.0,
        "Net Income": 33658000.0,
        "Net Income Including Noncontrolling Interests": 33658000.0,
        "Net Income Continuous Operations": 33658000.0,
        "Tax Provision": 9586000.0,
        "Pretax Income": 43244000.0,
        "Special Income Charges": -618000.0,
        "Restructuring And Mergern Acquisition": 618000.0,
        "Gain On Sale Of Security": -4998000.0,
        "Depreciation Amortization Depletion Income Statement": 536000.0,
        "Depreciation And Amortization In Income Statement": 536000.0,
        "Amortization": 536000.0,
        "Amortization Of Intangibles Income Statement": 536000.0,
        "Selling General And Administration": 50200000.0,
        "Selling And Marketing Expense": 649000.0,
        "General And Administrative Expense": 49551000.0,
        "Insurance And Claims": 1396000.0,
        "Salaries And Wages": 48155000.0,
        "Total Revenue": 125620000.0,
        "Operating Revenue": 125620000.0,
        "Occupancy And Equipment": 7220000.0,
        "Professional Expense And Contract Services Expense": 4178000.0,
        "Other Non Interest Expense": 15715000.0
    },
    "2022-12-31": {
        "Tax Effect Of Unusual Items": 0.0,
        "Tax Rate For Calcs": 0.226266,
        "Total Unusual Items": NaN,
        "Total Unusual Items Excluding Goodwill": NaN,
        "Net Income From Continuing Operation Net Minority Interest": 36121000.0,
        "Reconciled Depreciation": 4766000.0,
        "Net Interest Income": 99779000.0,
        "Interest Expense": 9393000.0,
        "Interest Income": 109172000.0,
        "Normalized Income": 36121000.0,
        "Net Income From Continuing And Discontinued Operation": 36121000.0,
        "Diluted Average Shares": 43144666.0,
        "Basic Average Shares": 43001190.0,
        "Diluted EPS": 0.84,
        "Basic EPS": 0.84,
        "Diluted NI Availto Com Stockholders": 36121000.0,
        "Net Income Common Stockholders": 36121000.0,
        "Net Income": 36121000.0,
        "Net Income Including Noncontrolling Interests": 36121000.0,
        "Net Income Continuous Operations": 36121000.0,
        "Tax Provision": 10563000.0,
        "Pretax Income": 46684000.0,
        "Special Income Charges": NaN,
        "Restructuring And Mergern Acquisition": NaN,
        "Gain On Sale Of Security": -217000.0,
        "Depreciation Amortization Depletion Income Statement": 538000.0,
        "Depreciation And Amortization In Income Statement": 538000.0,
        "Amortization": 538000.0,
        "Amortization Of Intangibles Income Statement": 538000.0,
        "Selling General And Administration": 17883000.0,
        "Selling And Marketing Expense": 879000.0,
        "General And Administrative Expense": 17004000.0,
        "Insurance And Claims": 798000.0,
        "Salaries And Wages": 47235000.0,
        "Total Revenue": 132913000.0,
        "Operating Revenue": 132913000.0
    },
    "2022-09-30": {
        "Tax Effect Of Unusual Items": NaN,
        "Tax Rate For Calcs": NaN,
        "Total Unusual Items": NaN,
        "Total Unusual Items Excluding Goodwill": NaN,
        "Net Income From Continuing Operation Net Minority Interest": NaN,
        "Reconciled Depreciation": NaN,
        "Net Interest Income": NaN,
        "Interest Expense": NaN,
        "Interest Income": NaN,
        "Normalized Income": NaN,
        "Net Income From Continuing And Discontinued Operation": NaN,
        "Diluted Average Shares": NaN,
        "Basic Average Shares": NaN,
        "Diluted EPS": NaN,
        "Basic EPS": NaN,
        "Diluted NI Availto Com Stockholders": NaN,
        "Net Income Common Stockholders": NaN,
        "Net Income": NaN,
        "Net Income Including Noncontrolling Interests": NaN,
        "Net Income Continuous Operations": NaN,
        "Tax Provision": NaN,
        "Pretax Income": NaN,
        "Special Income Charges": NaN,
        "Restructuring And Mergern Acquisition": NaN,
        "Gain On Sale Of Security": NaN,
        "Depreciation Amortization Depletion Income Statement": NaN,
        "Depreciation And Amortization In Income Statement": NaN,
        "Amortization": NaN,
        "Amortization Of Intangibles Income Statement": NaN,
        "Selling General And Administration": NaN,
        "Selling And Marketing Expense": NaN,
        "General And Administrative Expense": NaN,
        "Other Gand A": 10565000.0,
        "Insurance And Claims": NaN,
        "Salaries And Wages": NaN,
        "Total Revenue": NaN,
        "Operating Revenue": NaN
    },
    "2022-06-30": {
        "Tax Effect Of Unusual Items": 0.0,
        "Tax Rate For Calcs": 0.225,
        "Total Unusual Items": NaN,
        "Total Unusual Items Excluding Goodwill": NaN,
        "Net Income From Continuing Operation Net Minority Interest": 37775000.0,
        "Reconciled Depreciation": 545000.0,
        "Net Interest Income": 87585000.0,
        "Interest Expense": 3898000.0,
        "Interest Income": 91483000.0,
        "Normalized Income": 37775000.0,
        "Net Income From Continuing And Discontinued Operation": 37775000.0,
        "Diluted Average Shares": 43093000.0,
        "Basic Average Shares": 42845000.0,
        "Diluted EPS": 0.88,
        "Basic EPS": 0.88,
        "Diluted NI Availto Com Stockholders": 37775000.0,
        "Net Income Common Stockholders": 37775000.0,
        "Net Income": 37775000.0,
        "Net Income Including Noncontrolling Interests": 37775000.0,
        "Net Income Continuous Operations": 37775000.0,
        "Tax Provision": 10957000.0,
        "Pretax Income": 48732000.0,
        "Special Income Charges": NaN,
        "Restructuring And Mergern Acquisition": NaN,
        "Gain On Sale Of Security": -587000.0,
        "Depreciation Amortization Depletion Income Statement": 545000.0,
        "Depreciation And Amortization In Income Statement": 545000.0,
        "Amortization": 545000.0,
        "Amortization Of Intangibles Income Statement": 545000.0,
        "Selling General And Administration": 58749000.0,
        "Selling And Marketing Expense": 730000.0,
        "General And Administrative Expense": 58019000.0,
        "Other Gand A": 10493000.0,
        "Insurance And Claims": 810000.0,
        "Salaries And Wages": 46716000.0,
        "Total Revenue": 128484000.0,
        "Operating Revenue": 128484000.0
    },
    "2022-03-31": {
        "Diluted EPS": 0.9,
        "Total Revenue": 127,
        "Gross Profit": 123,
        "Operating Income": 50,
        "EBIT": NaN,
        "Net Income": 39
    },
    "2021-12-31": {
        "Diluted EPS": 0.85,
        "Total Revenue": 130,
        "Gross Profit": 126,
        "Operating Income": 48,
        "EBIT": NaN,
        "Net Income": 37
    },
    "2021-09-30": {
        "Diluted EPS": 0.86,
        "Total Revenue": 123,
        "Gross Profit": 118,
        "Operating Income": 48,
        "EBIT": NaN,
        "Net Income": 37
    },
    "2021-06-30": {
        "Diluted EPS": 0.92,
        "Total Revenue": 123,
        "Gross Profit": 118,
        "Operating Income": 52,
        "EBIT": NaN,
        "Net Income": 40
    },
    "2021-03-31": {
        "Diluted EPS": 0.91,
        "Total Revenue": 121,
        "Gross Profit": 116,
        "Operating Income": 51,
        "EBIT": NaN,
        "Net Income": 40
    },
    "2020-12-31": {
        "Diluted EPS": 0.78,
        "Total Revenue": 125,
        "Gross Profit": 118,
        "Operating Income": 44,
        "EBIT": NaN,
        "Net Income": 34
    },
    "2020-09-30": {
        "Diluted EPS": 0.8,
        "Total Revenue": 123,
        "Gross Profit": 116,
        "Operating Income": 46,
        "EBIT": NaN,
        "Net Income": 35
    },
    "2020-06-30": {
        "Diluted EPS": 0.56,
        "Total Revenue": 122,
        "Gross Profit": 115,
        "Operating Income": 31,
        "EBIT": NaN,
        "Net Income": 25
    },
    "2020-03-31": {
        "Diluted EPS": 0.23,
        "Total Revenue": 125,
        "Gross Profit": 113,
        "Operating Income": 12,
        "EBIT": NaN,
        "Net Income": 10
    },
    "2019-12-31": {
        "Diluted EPS": 0.66,
        "Total Revenue": 127,
        "Gross Profit": 113,
        "Operating Income": 37,
        "EBIT": NaN,
        "Net Income": 29
    },
    "2019-09-30": {
        "Diluted EPS": 0.73,
        "Total Revenue": 132,
        "Gross Profit": 118,
        "Operating Income": 42,
        "EBIT": NaN,
        "Net Income": 32
    },
    "2019-06-30": {
        "Diluted EPS": 0.69,
        "Total Revenue": 127,
        "Gross Profit": 113,
        "Operating Income": 39,
        "EBIT": NaN,
        "Net Income": 31
    },
    "2019-03-31": {
        "Diluted EPS": 0.66,
        "Total Revenue": 125,
        "Gross Profit": 112,
        "Operating Income": 37,
        "EBIT": NaN,
        "Net Income": 29
    },
    "2018-12-31": {
        "Diluted EPS": 0.65,
        "Total Revenue": 116,
        "Gross Profit": 105,
        "Operating Income": 29,
        "EBIT": NaN,
        "Net Income": 29
    },
    "2018-09-30": {
        "Diluted EPS": 0.68,
        "Total Revenue": 122,
        "Gross Profit": 111,
        "Operating Income": 38,
        "EBIT": NaN,
        "Net Income": 30
    },
    "2018-06-30": {
        "Diluted EPS": 0.64,
        "Total Revenue": 119,
        "Gross Profit": 110,
        "Operating Income": 36,
        "EBIT": NaN,
        "Net Income": 28
    },
    "2018-03-31": {
        "Diluted EPS": 0.59,
        "Total Revenue": 112,
        "Gross Profit": 105,
        "Operating Income": 33,
        "EBIT": NaN,
        "Net Income": 26
    },
    "2017-12-31": {
        "Diluted EPS": 0.4,
        "Total Revenue": 112,
        "Gross Profit": 105,
        "Operating Income": 33,
        "EBIT": NaN,
        "Net Income": 18
    },
    "2017-09-30": {
        "Diluted EPS": 0.52,
        "Total Revenue": 110,
        "Gross Profit": 103,
        "Operating Income": 34,
        "EBIT": NaN,
        "Net Income": 23
    },
    "2017-06-30": {
        "Diluted EPS": 0.49,
        "Total Revenue": 106,
        "Gross Profit": 100,
        "Operating Income": 32,
        "EBIT": NaN,
        "Net Income": 21
    },
    "2017-03-31": {
        "Diluted EPS": 0.46,
        "Total Revenue": 103,
        "Gross Profit": 97,
        "Operating Income": 29,
        "EBIT": NaN,
        "Net Income": 20
    },
    "2016-12-31": {
        "Diluted EPS": 0.45,
        "Total Revenue": 101,
        "Gross Profit": 96,
        "Operating Income": 30,
        "EBIT": NaN,
        "Net Income": 20
    },
    "2016-09-30": {
        "Diluted EPS": 0.46,
        "Total Revenue": 102,
        "Gross Profit": 96,
        "Operating Income": 30,
        "EBIT": NaN,
        "Net Income": 20
    },
    "2016-06-30": {
        "Diluted EPS": 0.46,
        "Total Revenue": 101,
        "Gross Profit": 95,
        "Operating Income": 30,
        "EBIT": NaN,
        "Net Income": 20
    },
    "2016-03-31": {
        "Diluted EPS": 0.43,
        "Total Revenue": 98,
        "Gross Profit": 93,
        "Operating Income": 29,
        "EBIT": NaN,
        "Net Income": 19
    },
    "2015-12-31": {
        "Diluted EPS": 0.43,
        "Total Revenue": 101,
        "Gross Profit": 96,
        "Operating Income": 30,
        "EBIT": NaN,
        "Net Income": 19
    },
    "2015-09-30": {
        "Diluted EPS": 0.45,
        "Total Revenue": 101,
        "Gross Profit": 96,
        "Operating Income": 31,
        "EBIT": NaN,
        "Net Income": 20
    },
    "2015-06-30": {
        "Diluted EPS": 0.43,
        "Total Revenue": 96,
        "Gross Profit": 91,
        "Operating Income": 29,
        "EBIT": NaN,
        "Net Income": 19
    },
    "2015-03-31": {
        "Diluted EPS": 0.41,
        "Total Revenue": 94,
        "Gross Profit": 89,
        "Operating Income": 27,
        "EBIT": NaN,
        "Net Income": 18
    },
    "2014-12-31": {
        "Diluted EPS": 0.41,
        "Total Revenue": 96,
        "Gross Profit": 91,
        "Operating Income": 27,
        "EBIT": NaN,
        "Net Income": 19
    },
    "2014-09-30": {
        "Diluted EPS": 0.25,
        "Total Revenue": 96,
        "Gross Profit": 90,
        "Operating Income": 16,
        "EBIT": NaN,
        "Net Income": 11
    },
    "2014-06-30": {
        "Diluted EPS": 0.62,
        "Total Revenue": 114,
        "Gross Profit": 109,
        "Operating Income": 42,
        "EBIT": NaN,
        "Net Income": 28
    },
    "2014-03-31": {
        "Diluted EPS": 0.41,
        "Total Revenue": 94,
        "Gross Profit": 88,
        "Operating Income": 27,
        "EBIT": NaN,
        "Net Income": 18
    },
    "2013-12-31": {
        "Diluted EPS": 0.43,
        "Total Revenue": 94,
        "Gross Profit": 87,
        "Operating Income": 27,
        "EBIT": NaN,
        "Net Income": 18
    },
    "2013-09-30": {
        "Diluted EPS": 0.44,
        "Total Revenue": 97,
        "Gross Profit": 89,
        "Operating Income": 28,
        "EBIT": NaN,
        "Net Income": 19
    },
    "2013-06-30": {
        "Diluted EPS": 0.38,
        "Total Revenue": 95,
        "Gross Profit": 87,
        "Operating Income": 26,
        "EBIT": NaN,
        "Net Income": 17
    },
    "2013-03-31": {
        "Diluted EPS": 0.21,
        "Total Revenue": 86,
        "Gross Profit": 77,
        "Operating Income": 22,
        "EBIT": NaN,
        "Net Income": 8
    },
    "2012-12-31": {
        "Diluted EPS": 0.38,
        "Total Revenue": 83,
        "Gross Profit": 74,
        "Operating Income": 20,
        "EBIT": NaN,
        "Net Income": 13
    },
    "2012-09-30": {
        "Diluted EPS": 0.43,
        "Total Revenue": 83,
        "Gross Profit": 74,
        "Operating Income": 21,
        "EBIT": NaN,
        "Net Income": 15
    },
    "2012-06-30": {
        "Diluted EPS": 0.4,
        "Total Revenue": 79,
        "Gross Profit": 70,
        "Operating Income": 20,
        "EBIT": NaN,
        "Net Income": 13
    },
    "2012-03-31": {
        "Diluted EPS": 0.41,
        "Total Revenue": 82,
        "Gross Profit": 72,
        "Operating Income": 20,
        "EBIT": NaN,
        "Net Income": 14
    },
    "2011-12-31": {
        "Diluted EPS": 0.42,
        "Total Revenue": 80,
        "Gross Profit": 71,
        "Operating Income": 18,
        "EBIT": NaN,
        "Net Income": 14
    },
    "2011-09-30": {
        "Diluted EPS": 0.45,
        "Total Revenue": 80,
        "Gross Profit": 71,
        "Operating Income": 20,
        "EBIT": NaN,
        "Net Income": 15
    },
    "2011-06-30": {
        "Diluted EPS": 0.43,
        "Total Revenue": 80,
        "Gross Profit": 70,
        "Operating Income": 21,
        "EBIT": NaN,
        "Net Income": 15
    },
    "2011-03-31": {
        "Diluted EPS": 0.41,
        "Total Revenue": 80,
        "Gross Profit": 69,
        "Operating Income": 20,
        "EBIT": NaN,
        "Net Income": 14
    },
    "2010-12-31": {
        "Diluted EPS": 0.41,
        "Total Revenue": 85,
        "Gross Profit": 73,
        "Operating Income": 19,
        "EBIT": NaN,
        "Net Income": 14
    },
    "2010-09-30": {
        "Diluted EPS": 0.42,
        "Total Revenue": 84,
        "Gross Profit": 72,
        "Operating Income": 19,
        "EBIT": NaN,
        "Net Income": 15
    },
    "2010-06-30": {
        "Diluted EPS": 0.42,
        "Total Revenue": 85,
        "Gross Profit": 71,
        "Operating Income": 20,
        "EBIT": NaN,
        "Net Income": 14
    },
    "2010-03-31": {
        "Diluted EPS": 0.41,
        "Total Revenue": 86,
        "Gross Profit": 71,
        "Operating Income": 20,
        "EBIT": NaN,
        "Net Income": 14
    },
    "2009-12-31": {
        "Diluted EPS": 0.39,
        "Total Revenue": 88,
        "Gross Profit": 71,
        "Operating Income": 18,
        "EBIT": NaN,
        "Net Income": 14
    },
    "2009-09-30": {
        "Diluted EPS": 0.4,
        "Total Revenue": 88,
        "Gross Profit": 70,
        "Operating Income": 19,
        "EBIT": NaN,
        "Net Income": 14
    },
    "2009-06-30": {
        "Diluted EPS": 0.34,
        "Total Revenue": 88,
        "Gross Profit": 68,
        "Operating Income": 17,
        "EBIT": NaN,
        "Net Income": 12
    },
    "2009-03-31": {
        "Diluted EPS": 0.4,
        "Total Revenue": 89,
        "Gross Profit": 68,
        "Operating Income": 19,
        "EBIT": NaN,
        "Net Income": 13
    },
    "2023-09-30": {
        "Tax Effect Of Unusual Items": -1773408.0,
        "Tax Rate For Calcs": 0.224,
        "Total Unusual Items": -7917000.0,
        "Total Unusual Items Excluding Goodwill": -7917000.0,
        "Net Income From Continuing Operation Net Minority Interest": 24606000.0,
        "Reconciled Depreciation": 6023000.0,
        "Net Interest Income": 94895000.0,
        "Interest Expense": 42199000.0,
        "Interest Income": 137094000.0,
        "Normalized Income": 30749592.0,
        "Net Income From Continuing And Discontinued Operation": 24606000.0,
        "Diluted Average Shares": 45566667.0,
        "Basic Average Shares": 45566667.0,
        "Diluted EPS": 0.54,
        "Basic EPS": 0.54,
        "Diluted NI Availto Com Stockholders": 24606000.0,
        "Net Income Common Stockholders": 24606000.0,
        "Net Income": 24606000.0,
        "Net Income Including Noncontrolling Interests": 24606000.0,
        "Net Income Continuous Operations": 24606000.0,
        "Tax Provision": 7095000.0,
        "Pretax Income": 31701000.0,
        "Special Income Charges": -7917000.0,
        "Restructuring And Mergern Acquisition": 7917000.0,
        "Gain On Sale Of Security": -183000.0,
        "Depreciation Amortization Depletion Income Statement": 1609000.0,
        "Depreciation And Amortization In Income Statement": 1609000.0,
        "Amortization": 1609000.0,
        "Amortization Of Intangibles Income Statement": 1609000.0,
        "Selling General And Administration": 51572000.0,
        "Selling And Marketing Expense": 667000.0,
        "General And Administrative Expense": 50905000.0,
        "Insurance And Claims": 1657000.0,
        "Salaries And Wages": 49248000.0,
        "Total Revenue": 134562000.0,
        "Operating Revenue": 134562000.0,
        "Occupancy And Equipment": 7090000.0,
        "Professional Expense And Contract Services Expense": 4149000.0,
        "Other Non Interest Expense": 17891000.0
    },
    "2023-12-31": {
        "Tax Effect Of Unusual Items": -59618.238488,
        "Tax Rate For Calcs": 0.234717,
        "Total Unusual Items": -254000.0,
        "Total Unusual Items Excluding Goodwill": -254000.0,
        "Net Income From Continuing Operation Net Minority Interest": 30446000.0,
        "Reconciled Depreciation": 6832000.0,
        "Net Interest Income": 99173000.0,
        "Interest Expense": 51741000.0,
        "Interest Income": 150914000.0,
        "Normalized Income": 30640381.761512,
        "Net Income From Continuing And Discontinued Operation": 30446000.0,
        "Diluted Average Shares": 47356899.0,
        "Basic Average Shares": 46840000.0,
        "Diluted EPS": 0.64,
        "Basic EPS": 0.65,
        "Diluted NI Availto Com Stockholders": 30446000.0,
        "Net Income Common Stockholders": 30446000.0,
        "Net Income": 30446000.0,
        "Net Income Including Noncontrolling Interests": 30446000.0,
        "Net Income Continuous Operations": 30446000.0,
        "Tax Provision": 9338000.0,
        "Pretax Income": 39784000.0,
        "Special Income Charges": -254000.0,
        "Restructuring And Mergern Acquisition": 254000.0,
        "Gain On Sale Of Security": 507000.0,
        "Depreciation Amortization Depletion Income Statement": 2131000.0,
        "Depreciation And Amortization In Income Statement": 2131000.0,
        "Amortization": 2131000.0,
        "Amortization Of Intangibles Income Statement": 2131000.0,
        "Selling General And Administration": 53086000.0,
        "Selling And Marketing Expense": 1213000.0,
        "General And Administrative Expense": 51873000.0,
        "Insurance And Claims": 1860000.0,
        "Salaries And Wages": 50013000.0,
        "Total Revenue": 137158000.0,
        "Operating Revenue": 137158000.0,
        "Occupancy And Equipment": 7175000.0,
        "Professional Expense And Contract Services Expense": 5115000.0,
        "Other Non Interest Expense": 24487000.0
    },
    "2024-03-31": {
        "Tax Effect Of Unusual Items": 0.0,
        "Tax Rate For Calcs": 0.217,
        "Total Unusual Items": 0.0,
        "Total Unusual Items Excluding Goodwill": 0.0,
        "Net Income From Continuing Operation Net Minority Interest": 33823000.0,
        "Reconciled Depreciation": 6890000.0,
        "Net Interest Income": 95174000.0,
        "Interest Expense": 51763000.0,
        "Interest Income": 146937000.0,
        "Normalized Income": 33823000.0,
        "Net Income From Continuing And Discontinued Operation": 33823000.0,
        "Diluted Average Shares": 47370000.0,
        "Basic Average Shares": 47148000.0,
        "Diluted EPS": 0.71,
        "Basic EPS": 0.72,
        "Diluted NI Availto Com Stockholders": 33823000.0,
        "Net Income Common Stockholders": 33823000.0,
        "Net Income": 33823000.0,
        "Net Income Including Noncontrolling Interests": 33823000.0,
        "Net Income Continuous Operations": 33823000.0,
        "Tax Provision": 9391000.0,
        "Pretax Income": 43214000.0,
        "Special Income Charges": 0.0,
        "Restructuring And Mergern Acquisition": 0.0,
        "Gain On Sale Of Security": 2183000.0,
        "Depreciation Amortization Depletion Income Statement": 2168000.0,
        "Depreciation And Amortization In Income Statement": 2168000.0,
        "Amortization": 2168000.0,
        "Amortization Of Intangibles Income Statement": 2168000.0,
        "Selling General And Administration": 58251000.0,
        "Selling And Marketing Expense": 812000.0,
        "General And Administrative Expense": 57439000.0,
        "Insurance And Claims": 1735000.0,
        "Salaries And Wages": 55704000.0,
        "Total Revenue": 140013000.0,
        "Operating Revenue": 140013000.0,
        "Occupancy And Equipment": 8098000.0,
        "Professional Expense And Contract Services Expense": 4853000.0,
        "Other Non Interest Expense": 17850000.0
    },
    "2024-06-30": {
        "Tax Effect Of Unusual Items": 0.0,
        "Tax Rate For Calcs": 0.22,
        "Total Unusual Items": 0.0,
        "Total Unusual Items Excluding Goodwill": 0.0,
        "Net Income From Continuing Operation Net Minority Interest": 32716000.0,
        "Reconciled Depreciation": 6861000.0,
        "Net Interest Income": 97174000.0,
        "Interest Expense": 53592000.0,
        "Interest Income": 150766000.0,
        "Normalized Income": 32716000.0,
        "Net Income From Continuing And Discontinued Operation": 32716000.0,
        "Diluted Average Shares": 47383000.0,
        "Basic Average Shares": 47158000.0,
        "Diluted EPS": 0.69,
        "Basic EPS": 0.69,
        "Diluted NI Availto Com Stockholders": 32716000.0,
        "Net Income Common Stockholders": 32716000.0,
        "Net Income": 32716000.0,
        "Net Income Including Noncontrolling Interests": 32716000.0,
        "Net Income Continuous Operations": 32716000.0,
        "Tax Provision": 9203000.0,
        "Pretax Income": 41919000.0,
        "Special Income Charges": 0.0,
        "Restructuring And Mergern Acquisition": 0.0,
        "Gain On Sale Of Security": -92000.0,
        "Depreciation Amortization Depletion Income Statement": 2133000.0,
        "Depreciation And Amortization In Income Statement": 2133000.0,
        "Amortization": 2133000.0,
        "Amortization Of Intangibles Income Statement": 2133000.0,
        "Selling General And Administration": 57933000.0,
        "Selling And Marketing Expense": 873000.0,
        "General And Administrative Expense": 57060000.0,
        "Insurance And Claims": 1667000.0,
        "Salaries And Wages": 55393000.0,
        "Total Revenue": 139691000.0,
        "Operating Revenue": 139691000.0,
        "Occupancy And Equipment": 7671000.0,
        "Professional Expense And Contract Services Expense": 4565000.0,
        "Other Non Interest Expense": 16571000.0
    },
    "2024-09-30": {
        "Tax Effect Of Unusual Items": -118917.0,
        "Tax Rate For Calcs": 0.219,
        "Total Unusual Items": -543000.0,
        "Total Unusual Items Excluding Goodwill": -543000.0,
        "Net Income From Continuing Operation Net Minority Interest": 38097000.0,
        "Reconciled Depreciation": 6836000.0,
        "Net Interest Income": 101669000.0,
        "Interest Expense": 54561000.0,
        "Interest Income": 156230000.0,
        "Normalized Income": 38521083.0,
        "Net Income From Continuing And Discontinued Operation": 38097000.0,
        "Diluted Average Shares": 47473000.0,
        "Basic Average Shares": 47172000.0,
        "Diluted EPS": 0.8,
        "Basic EPS": 0.81,
        "Diluted NI Availto Com Stockholders": 38097000.0,
        "Net Income Common Stockholders": 38097000.0,
        "Net Income": 38097000.0,
        "Net Income Including Noncontrolling Interests": 38097000.0,
        "Net Income Continuous Operations": 38097000.0,
        "Tax Provision": 10681000.0,
        "Pretax Income": 48778000.0,
        "Special Income Charges": -543000.0,
        "Restructuring And Mergern Acquisition": 543000.0,
        "Gain On Sale Of Security": 476000.0,
        "Depreciation Amortization Depletion Income Statement": 2062000.0,
        "Depreciation And Amortization In Income Statement": 2062000.0,
        "Amortization": 2062000.0,
        "Amortization Of Intangibles Income Statement": 2062000.0,
        "Selling General And Administration": 62167000.0,
        "Selling And Marketing Expense": 711000.0,
        "General And Administrative Expense": 61456000.0,
        "Insurance And Claims": 1815000.0,
        "Salaries And Wages": 59641000.0,
        "Total Revenue": 146883000.0,
        "Operating Revenue": 146883000.0,
        "Occupancy And Equipment": 7754000.0,
        "Professional Expense And Contract Services Expense": 4871000.0,
        "Other Non Interest Expense": 17788000.0
    }
}