{
    "2023-03-31": {
        "Tax Effect Of Unusual Items": 0.0,
        "Tax Rate For Calcs": 0.06002,
        "Normalized EBITDA": 212439000.0,
        "Net Income From Continuing Operation Net Minority Interest": -159321000.0,
        "Reconciled Depreciation": 210676000.0,
        "Reconciled Cost Of Revenue": 1264532000.0,
        "EBITDA": 212439000.0,
        "EBIT": 1763000.0,
        "Net Interest Income": -171257000.0,
        "Interest Expense": 171257000.0,
        "Normalized Income": -159321000.0,
        "Net Income From Continuing And Discontinued Operation": -159321000.0,
        "Total Expenses": 1811221000.0,
        "Total Operating Income As Reported": 10718000.0,
        "Diluted Average Shares": 422655215.0,
        "Basic Average Shares": 422655215.0,
        "Diluted EPS": -0.38,
        "Basic EPS": -0.38,
        "Diluted NI Availto Com Stockholders": -159321000.0,
        "Net Income Common Stockholders": -159321000.0,
        "Net Income": -159321000.0,
        "Net Income Including Noncontrolling Interests": -159321000.0,
        "Net Income Continuous Operations": -159321000.0,
        "Tax Provision": -10173000.0,
        "Pretax Income": -169494000.0,
        "Other Income Expense": -8955000.0,
        "Other Non Operating Income Expenses": -8955000.0,
        "Net Non Operating Interest Income Expense": -171257000.0,
        "Interest Expense Non Operating": 171257000.0,
        "Operating Income": 10718000.0,
        "Operating Expense": 530803000.0,
        "Depreciation Amortization Depletion Income Statement": 194790000.0,
        "Depreciation And Amortization In Income Statement": 194790000.0,
        "Selling General And Administration": 336013000.0,
        "Gross Profit": 541521000.0,
        "Cost Of Revenue": 1280418000.0,
        "Total Revenue": 1821939000.0,
        "Operating Revenue": 1821939000.0
    },
    "2022-12-31": {
        "Tax Effect Of Unusual Items": 0.0,
        "Tax Rate For Calcs": 0.21,
        "Normalized EBITDA": -88345000.0,
        "Net Income From Continuing Operation Net Minority Interest": -482480000.0,
        "Reconciled Depreciation": 216630000.0,
        "Reconciled Cost Of Revenue": 1204941000.0,
        "EBITDA": -88345000.0,
        "EBIT": -304975000.0,
        "Net Interest Income": -177120000.0,
        "Interest Expense": 177120000.0,
        "Normalized Income": -482480000.0,
        "Net Income From Continuing And Discontinued Operation": -482480000.0,
        "Total Expenses": 1800098000.0,
        "Total Operating Income As Reported": -280969000.0,
        "Diluted Average Shares": 421400765.0,
        "Basic Average Shares": 421400765.0,
        "Diluted EPS": -1.14,
        "Basic EPS": -1.14,
        "Diluted NI Availto Com Stockholders": -482480000.0,
        "Net Income Common Stockholders": -482480000.0,
        "Net Income": -482480000.0,
        "Net Income Including Noncontrolling Interests": -482480000.0,
        "Net Income Continuous Operations": -482480000.0,
        "Tax Provision": 385000.0,
        "Pretax Income": -482095000.0,
        "Other Income Expense": -24006000.0,
        "Other Non Operating Income Expenses": -24006000.0,
        "Net Non Operating Interest Income Expense": -177120000.0,
        "Interest Expense Non Operating": 177120000.0,
        "Operating Income": -280969000.0,
        "Operating Expense": 580639000.0,
        "Depreciation Amortization Depletion Income Statement": 202112000.0,
        "Depreciation And Amortization In Income Statement": 202112000.0,
        "Selling General And Administration": 378527000.0,
        "Gross Profit": 299670000.0,
        "Cost Of Revenue": 1219459000.0,
        "Total Revenue": 1519129000.0,
        "Operating Revenue": 1519129000.0
    },
    "2022-09-30": {
        "Tax Effect Of Unusual Items": 0.0,
        "Tax Rate For Calcs": 0.034972,
        "Normalized EBITDA": 48334000.0,
        "Net Income From Continuing Operation Net Minority Interest": -295394000.0,
        "Reconciled Depreciation": 202103000.0,
        "Reconciled Cost Of Revenue": 1223346000.0,
        "EBITDA": 48334000.0,
        "EBIT": -153769000.0,
        "Net Interest Income": -152330000.0,
        "Interest Expense": 152330000.0,
        "Normalized Income": -295394000.0,
        "Net Income From Continuing And Discontinued Operation": -295394000.0,
        "Total Expenses": 1800740000.0,
        "Total Operating Income As Reported": -185230000.0,
        "Diluted Average Shares": 420798538.0,
        "Basic Average Shares": 420798538.0,
        "Diluted EPS": -0.7,
        "Basic EPS": -0.7,
        "Diluted NI Availto Com Stockholders": -295394000.0,
        "Net Income Common Stockholders": -295394000.0,
        "Net Income": -295394000.0,
        "Net Income Including Noncontrolling Interests": -295394000.0,
        "Net Income Continuous Operations": -295394000.0,
        "Tax Provision": -10705000.0,
        "Pretax Income": -306099000.0,
        "Other Income Expense": 31461000.0,
        "Other Non Operating Income Expenses": 31461000.0,
        "Net Non Operating Interest Income Expense": -152330000.0,
        "Interest Expense Non Operating": 152330000.0,
        "Operating Income": -185230000.0,
        "Operating Expense": 561842000.0,
        "Depreciation Amortization Depletion Income Statement": 186551000.0,
        "Depreciation And Amortization In Income Statement": 186551000.0,
        "Selling General And Administration": 375291000.0,
        "Gross Profit": 376612000.0,
        "Cost Of Revenue": 1238898000.0,
        "Total Revenue": 1615510000.0,
        "Operating Revenue": 1615510000.0
    },
    "2022-06-30": {
        "Tax Effect Of Unusual Items": 0.0,
        "Tax Rate For Calcs": 0.001699,
        "Normalized EBITDA": -169955000.0,
        "Net Income From Continuing Operation Net Minority Interest": -509321000.0,
        "Reconciled Depreciation": 195856000.0,
        "Reconciled Cost Of Revenue": 1059047000.0,
        "EBITDA": -169955000.0,
        "EBIT": -365811000.0,
        "Net Interest Income": -144377000.0,
        "Interest Expense": 144377000.0,
        "Normalized Income": -509321000.0,
        "Net Income From Continuing And Discontinued Operation": -509321000.0,
        "Total Expenses": 1583983000.0,
        "Total Operating Income As Reported": -396802000.0,
        "Diluted Average Shares": 419107330.0,
        "Basic Average Shares": 419107330.0,
        "Diluted EPS": -1.22,
        "Basic EPS": -1.22,
        "Diluted NI Availto Com Stockholders": -509321000.0,
        "Net Income Common Stockholders": -509321000.0,
        "Net Income": -509321000.0,
        "Net Income Including Noncontrolling Interests": -509321000.0,
        "Net Income Continuous Operations": -509321000.0,
        "Tax Provision": -867000.0,
        "Pretax Income": -510188000.0,
        "Other Income Expense": 30991000.0,
        "Other Non Operating Income Expenses": 30991000.0,
        "Net Non Operating Interest Income Expense": -144377000.0,
        "Interest Expense Non Operating": 144377000.0,
        "Operating Income": -396802000.0,
        "Operating Expense": 510667000.0,
        "Depreciation Amortization Depletion Income Statement": 181587000.0,
        "Depreciation And Amortization In Income Statement": 181587000.0,
        "Selling General And Administration": 329080000.0,
        "Gross Profit": 113865000.0,
        "Cost Of Revenue": 1073316000.0,
        "Total Revenue": 1187181000.0,
        "Operating Revenue": 1187181000.0
    },
    "2023-06-30": {
        "Tax Effect Of Unusual Items": 0.0,
        "Tax Rate For Calcs": 0.007994,
        "Normalized EBITDA": 479114000.0,
        "Net Income From Continuing Operation Net Minority Interest": 86116000.0,
        "Reconciled Depreciation": 214612000.0,
        "Reconciled Cost Of Revenue": 1366113000.0,
        "EBITDA": 479114000.0,
        "EBIT": 264502000.0,
        "Net Interest Income": -177692000.0,
        "Interest Expense": 177692000.0,
        "Normalized Income": 86116000.0,
        "Net Income From Continuing And Discontinued Operation": 86116000.0,
        "Total Expenses": 1932947000.0,
        "Total Operating Income As Reported": 272545000.0,
        "Diluted Average Shares": 461075240.0,
        "Basic Average Shares": 424178775.0,
        "Diluted EPS": 0.2,
        "Basic EPS": 0.2,
        "Diluted NI Availto Com Stockholders": 86116000.0,
        "Net Income Common Stockholders": 86116000.0,
        "Net Income": 86116000.0,
        "Net Income Including Noncontrolling Interests": 86116000.0,
        "Net Income Continuous Operations": 86116000.0,
        "Tax Provision": 694000.0,
        "Pretax Income": 86810000.0,
        "Other Income Expense": -8043000.0,
        "Other Non Operating Income Expenses": -8043000.0,
        "Net Non Operating Interest Income Expense": -177692000.0,
        "Interest Expense Non Operating": 177692000.0,
        "Operating Income": 272545000.0,
        "Operating Expense": 549337000.0,
        "Depreciation Amortization Depletion Income Statement": 197115000.0,
        "Depreciation And Amortization In Income Statement": 197115000.0,
        "Selling General And Administration": 352222000.0,
        "Gross Profit": 821882000.0,
        "Cost Of Revenue": 1383610000.0,
        "Total Revenue": 2205492000.0,
        "Operating Revenue": 2205492000.0
    },
    "2022-03-31": {
        "Diluted EPS": -2.35,
        "Total Revenue": 522,
        "Gross Profit": -213,
        "Operating Income": -689,
        "EBIT": -493,
        "Net Income": -983
    },
    "2021-12-31": {
        "Diluted EPS": -3.94,
        "Total Revenue": 487,
        "Gross Profit": -230,
        "Operating Income": -687,
        "EBIT": -489,
        "Net Income": NaN
    },
    "2021-09-30": {
        "Diluted EPS": -2.29,
        "Total Revenue": 153,
        "Gross Profit": -287,
        "Operating Income": -689,
        "EBIT": -501,
        "Net Income": -846
    },
    "2021-06-30": {
        "Diluted EPS": -1.94,
        "Total Revenue": 4,
        "Gross Profit": -245,
        "Operating Income": -605,
        "EBIT": -416,
        "Net Income": -718
    },
    "2021-03-31": {
        "Diluted EPS": -4.16,
        "Total Revenue": 3,
        "Gross Profit": -198,
        "Operating Income": -571,
        "EBIT": -387,
        "Net Income": NaN
    },
    "2020-12-31": {
        "Diluted EPS": -1.46,
        "Total Revenue": 10,
        "Gross Profit": -197,
        "Operating Income": -547,
        "EBIT": -372,
        "Net Income": -739
    },
    "2020-09-30": {
        "Diluted EPS": -2.5,
        "Total Revenue": 7,
        "Gross Profit": -184,
        "Operating Income": -518,
        "EBIT": -332,
        "Net Income": -677
    },
    "2020-06-30": {
        "Diluted EPS": -2.99,
        "Total Revenue": 17,
        "Gross Profit": -285,
        "Operating Income": -595,
        "EBIT": -411,
        "Net Income": -715
    },
    "2020-03-31": {
        "Diluted EPS": -8.8,
        "Total Revenue": NaN,
        "Gross Profit": 253,
        "Operating Income": NaN,
        "EBIT": NaN,
        "Net Income": NaN
    },
    "2019-12-31": {
        "Diluted EPS": 0.56,
        "Total Revenue": NaN,
        "Gross Profit": 593,
        "Operating Income": 199,
        "EBIT": 364,
        "Net Income": 121
    },
    "2019-09-30": {
        "Diluted EPS": 2.09,
        "Total Revenue": NaN,
        "Gross Profit": 923,
        "Operating Income": 512,
        "EBIT": 668,
        "Net Income": 451
    },
    "2019-06-30": {
        "Diluted EPS": 1.11,
        "Total Revenue": NaN,
        "Gross Profit": 706,
        "Operating Income": 309,
        "EBIT": 465,
        "Net Income": 240
    },
    "2019-03-31": {
        "Diluted EPS": 0.54,
        "Total Revenue": NaN,
        "Gross Profit": 577,
        "Operating Income": 158,
        "EBIT": 328,
        "Net Income": 118
    },
    "2018-12-31": {
        "Diluted EPS": 0.68,
        "Total Revenue": NaN,
        "Gross Profit": 564,
        "Operating Income": 210,
        "EBIT": 356,
        "Net Income": 155
    },
    "2018-09-30": {
        "Diluted EPS": 2.11,
        "Total Revenue": NaN,
        "Gross Profit": 929,
        "Operating Income": 550,
        "EBIT": 696,
        "Net Income": 470
    },
    "2018-06-30": {
        "Diluted EPS": 1.01,
        "Total Revenue": NaN,
        "Gross Profit": 659,
        "Operating Income": 292,
        "EBIT": 432,
        "Net Income": 227
    },
    "2018-03-31": {
        "Diluted EPS": 0.45,
        "Total Revenue": NaN,
        "Gross Profit": 525,
        "Operating Income": 167,
        "EBIT": 302,
        "Net Income": 103
    },
    "2017-12-31": {
        "Diluted EPS": 0.43,
        "Total Revenue": NaN,
        "Gross Profit": 496,
        "Operating Income": 177,
        "EBIT": 313,
        "Net Income": 99
    },
    "2017-09-30": {
        "Diluted EPS": 1.74,
        "Total Revenue": NaN,
        "Gross Profit": 814,
        "Operating Income": 477,
        "EBIT": 614,
        "Net Income": 401
    },
    "2017-06-30": {
        "Diluted EPS": 0.87,
        "Total Revenue": NaN,
        "Gross Profit": 592,
        "Operating Income": 275,
        "EBIT": 402,
        "Net Income": 198
    },
    "2017-03-31": {
        "Diluted EPS": 0.27,
        "Total Revenue": NaN,
        "Gross Profit": 431,
        "Operating Income": 120,
        "EBIT": 241,
        "Net Income": 62
    },
    "2016-12-31": {
        "Diluted EPS": 0.32,
        "Total Revenue": NaN,
        "Gross Profit": 430,
        "Operating Income": 154,
        "EBIT": 272,
        "Net Income": 72
    },
    "2016-09-30": {
        "Diluted EPS": 1.5,
        "Total Revenue": NaN,
        "Gross Profit": 700,
        "Operating Income": 414,
        "EBIT": 529,
        "Net Income": 342
    },
    "2016-06-30": {
        "Diluted EPS": 0.64,
        "Total Revenue": NaN,
        "Gross Profit": 481,
        "Operating Income": 227,
        "EBIT": 335,
        "Net Income": 145
    },
    "2016-03-31": {
        "Diluted EPS": 0.32,
        "Total Revenue": NaN,
        "Gross Profit": 413,
        "Operating Income": 131,
        "EBIT": 236,
        "Net Income": 73
    },
    "2015-12-31": {
        "Diluted EPS": 0.18,
        "Total Revenue": NaN,
        "Gross Profit": 379,
        "Operating Income": 118,
        "EBIT": 240,
        "Net Income": 38
    },
    "2015-09-30": {
        "Diluted EPS": 1.09,
        "Total Revenue": NaN,
        "Gross Profit": 567,
        "Operating Income": 307,
        "EBIT": 420,
        "Net Income": 252
    },
    "2015-06-30": {
        "Diluted EPS": 0.69,
        "Total Revenue": NaN,
        "Gross Profit": 429,
        "Operating Income": 217,
        "EBIT": 328,
        "Net Income": 158
    },
    "2015-03-31": {
        "Diluted EPS": -0.1,
        "Total Revenue": 938,
        "Gross Profit": 314,
        "Operating Income": 60,
        "EBIT": 165,
        "Net Income": -21
    },
    "2014-12-31": {
        "Diluted EPS": -0.13,
        "Total Revenue": 789,
        "Gross Profit": 270,
        "Operating Income": 46,
        "EBIT": 138,
        "Net Income": -26
    },
    "2014-09-30": {
        "Diluted EPS": 0.97,
        "Total Revenue": 907,
        "Gross Profit": 396,
        "Operating Income": 235,
        "EBIT": 307,
        "Net Income": 201
    },
    "2014-06-30": {
        "Diluted EPS": 0.54,
        "Total Revenue": 766,
        "Gross Profit": 295,
        "Operating Income": 149,
        "EBIT": 220,
        "Net Income": 112
    },
    "2014-03-31": {
        "Diluted EPS": 0.24,
        "Total Revenue": 664,
        "Gross Profit": 218,
        "Operating Income": 73,
        "EBIT": 143,
        "Net Income": 51
    },
    "2013-12-31": {
        "Diluted EPS": 0.2,
        "Total Revenue": 600,
        "Gross Profit": 183,
        "Operating Income": 61,
        "EBIT": 126,
        "Net Income": 36
    },
    "2013-09-30": {
        "Diluted EPS": 0.82,
        "Total Revenue": 798,
        "Gross Profit": 342,
        "Operating Income": 208,
        "EBIT": 272,
        "Net Income": 171
    },
    "2013-06-30": {
        "Diluted EPS": -0.04,
        "Total Revenue": 644,
        "Gross Profit": 223,
        "Operating Income": 95,
        "EBIT": 156,
        "Net Income": -9
    },
    "2013-03-31": {
        "Diluted EPS": -0.49,
        "Total Revenue": 528,
        "Gross Profit": 165,
        "Operating Income": 31,
        "EBIT": 86,
        "Net Income": -96
    },
    "2012-12-31": {
        "Diluted EPS": 0.01,
        "Total Revenue": 503,
        "Gross Profit": 159,
        "Operating Income": 49,
        "EBIT": 105,
        "Net Income": 1
    },
    "2012-09-30": {
        "Diluted EPS": 0.72,
        "Total Revenue": 674,
        "Gross Profit": 280,
        "Operating Income": 174,
        "EBIT": 229,
        "Net Income": 128
    },
    "2012-06-30": {
        "Diluted EPS": 0.2,
        "Total Revenue": 583,
        "Gross Profit": 195,
        "Operating Income": 87,
        "EBIT": 140,
        "Net Income": 36
    },
    "2012-03-31": {
        "Diluted EPS": 0.02,
        "Total Revenue": 515,
        "Gross Profit": 163,
        "Operating Income": 46,
        "EBIT": 99,
        "Net Income": 3
    },
    "2011-12-31": {
        "Diluted EPS": -0.01,
        "Total Revenue": 489,
        "Gross Profit": 145,
        "Operating Income": 42,
        "EBIT": 94,
        "Net Income": -2
    },
    "2011-09-30": {
        "Diluted EPS": 0.6,
        "Total Revenue": 667,
        "Gross Profit": 269,
        "Operating Income": 163,
        "EBIT": 218,
        "Net Income": 108
    },
    "2011-06-30": {
        "Diluted EPS": 0.16,
        "Total Revenue": 569,
        "Gross Profit": 186,
        "Operating Income": 76,
        "EBIT": 128,
        "Net Income": 29
    },
    "2011-03-31": {
        "Diluted EPS": -0.04,
        "Total Revenue": 496,
        "Gross Profit": 151,
        "Operating Income": 35,
        "EBIT": 87,
        "Net Income": -8
    },
    "2010-12-31": {
        "Diluted EPS": 0.0,
        "Total Revenue": NaN,
        "Gross Profit": NaN,
        "Operating Income": NaN,
        "EBIT": NaN,
        "Net Income": NaN
    },
    "2023-09-30": {
        "Tax Effect Of Unusual Items": 0.0,
        "Tax Rate For Calcs": 0.02346,
        "Normalized EBITDA": 760048000.0,
        "Net Income From Continuing Operation Net Minority Interest": 345868000.0,
        "Reconciled Depreciation": 224670000.0,
        "Reconciled Cost Of Revenue": 1462684000.0,
        "EBITDA": 760048000.0,
        "EBIT": 535378000.0,
        "Net Interest Income": -181201000.0,
        "Interest Expense": 181201000.0,
        "Normalized Income": 345868000.0,
        "Net Income From Continuing And Discontinued Operation": 345868000.0,
        "Total Expenses": 2012719000.0,
        "Total Operating Income As Reported": 523318000.0,
        "Diluted Average Shares": 511585445.0,
        "Basic Average Shares": 425398415.0,
        "Diluted EPS": 0.71,
        "Basic EPS": 0.81,
        "Diluted NI Availto Com Stockholders": 345868000.0,
        "Net Income Common Stockholders": 345868000.0,
        "Net Income": 345868000.0,
        "Net Income Including Noncontrolling Interests": 345868000.0,
        "Net Income Continuous Operations": 345868000.0,
        "Tax Provision": 8309000.0,
        "Pretax Income": 354177000.0,
        "Other Income Expense": 12060000.0,
        "Other Non Operating Income Expenses": 12060000.0,
        "Net Non Operating Interest Income Expense": -181201000.0,
        "Interest Expense Non Operating": 181201000.0,
        "Operating Income": 523318000.0,
        "Operating Expense": 529973000.0,
        "Depreciation Amortization Depletion Income Statement": 204608000.0,
        "Depreciation And Amortization In Income Statement": 204608000.0,
        "Selling General And Administration": 325365000.0,
        "Gross Profit": 1053291000.0,
        "Cost Of Revenue": 1482746000.0,
        "Total Revenue": 2536037000.0,
        "Operating Revenue": 2536037000.0
    }
}