{
    "2023-03-31": {
        "Tax Effect Of Unusual Items": NaN,
        "Tax Rate For Calcs": NaN,
        "Normalized EBITDA": NaN,
        "Total Unusual Items": -100000.0,
        "Total Unusual Items Excluding Goodwill": -100000.0,
        "Net Income From Continuing Operation Net Minority Interest": NaN,
        "Reconciled Depreciation": NaN,
        "Reconciled Cost Of Revenue": NaN,
        "EBITDA": NaN,
        "EBIT": NaN,
        "Net Interest Income": NaN,
        "Interest Expense": NaN,
        "Interest Income": NaN,
        "Normalized Income": NaN,
        "Net Income From Continuing And Discontinued Operation": NaN,
        "Total Expenses": NaN,
        "Total Operating Income As Reported": NaN,
        "Diluted Average Shares": NaN,
        "Basic Average Shares": NaN,
        "Diluted EPS": NaN,
        "Basic EPS": NaN,
        "Diluted NI Availto Com Stockholders": NaN,
        "Net Income Common Stockholders": NaN,
        "Net Income": NaN,
        "Minority Interests": NaN,
        "Net Income Including Noncontrolling Interests": NaN,
        "Net Income Continuous Operations": NaN,
        "Tax Provision": NaN,
        "Pretax Income": NaN,
        "Other Income Expense": NaN,
        "Other Non Operating Income Expenses": NaN,
        "Special Income Charges": -100000.0,
        "Gain On Sale Of Ppe": 300000.0,
        "Gain On Sale Of Business": NaN,
        "Other Special Charges": 400000.0,
        "Impairment Of Capital Assets": 0.0,
        "Restructuring And Mergern Acquisition": NaN,
        "Gain On Sale Of Security": NaN,
        "Net Non Operating Interest Income Expense": NaN,
        "Interest Expense Non Operating": NaN,
        "Interest Income Non Operating": NaN,
        "Operating Income": NaN,
        "Operating Expense": NaN,
        "Other Operating Expenses": 22000000.0,
        "Depreciation Amortization Depletion Income Statement": NaN,
        "Depreciation And Amortization In Income Statement": NaN,
        "Amortization": NaN,
        "Amortization Of Intangibles Income Statement": NaN,
        "Depreciation Income Statement": NaN,
        "Selling General And Administration": NaN,
        "Selling And Marketing Expense": NaN,
        "General And Administrative Expense": NaN,
        "Other Gand A": NaN,
        "Gross Profit": NaN,
        "Cost Of Revenue": NaN,
        "Total Revenue": NaN,
        "Operating Revenue": NaN
    },
    "2022-12-31": {
        "Tax Effect Of Unusual Items": NaN,
        "Tax Rate For Calcs": NaN,
        "Normalized EBITDA": NaN,
        "Total Unusual Items": NaN,
        "Total Unusual Items Excluding Goodwill": NaN,
        "Net Income From Continuing Operation Net Minority Interest": NaN,
        "Reconciled Depreciation": NaN,
        "Reconciled Cost Of Revenue": NaN,
        "EBITDA": NaN,
        "EBIT": NaN,
        "Net Interest Income": NaN,
        "Interest Expense": NaN,
        "Interest Income": NaN,
        "Normalized Income": NaN,
        "Net Income From Continuing And Discontinued Operation": NaN,
        "Total Expenses": NaN,
        "Total Operating Income As Reported": NaN,
        "Diluted Average Shares": NaN,
        "Basic Average Shares": NaN,
        "Diluted EPS": NaN,
        "Basic EPS": NaN,
        "Diluted NI Availto Com Stockholders": NaN,
        "Net Income Common Stockholders": NaN,
        "Net Income": NaN,
        "Minority Interests": NaN,
        "Net Income Including Noncontrolling Interests": NaN,
        "Net Income Continuous Operations": NaN,
        "Tax Provision": NaN,
        "Pretax Income": NaN,
        "Other Income Expense": NaN,
        "Other Non Operating Income Expenses": NaN,
        "Special Income Charges": NaN,
        "Gain On Sale Of Ppe": NaN,
        "Gain On Sale Of Business": NaN,
        "Other Special Charges": 0.0,
        "Impairment Of Capital Assets": 0.0,
        "Restructuring And Mergern Acquisition": NaN,
        "Gain On Sale Of Security": NaN,
        "Net Non Operating Interest Income Expense": NaN,
        "Interest Expense Non Operating": NaN,
        "Interest Income Non Operating": NaN,
        "Operating Income": NaN,
        "Operating Expense": NaN,
        "Other Operating Expenses": 22100000.0,
        "Depreciation Amortization Depletion Income Statement": NaN,
        "Depreciation And Amortization In Income Statement": NaN,
        "Amortization": NaN,
        "Amortization Of Intangibles Income Statement": NaN,
        "Depreciation Income Statement": NaN,
        "Selling General And Administration": NaN,
        "Selling And Marketing Expense": NaN,
        "General And Administrative Expense": NaN,
        "Other Gand A": NaN,
        "Gross Profit": NaN,
        "Cost Of Revenue": NaN,
        "Total Revenue": NaN,
        "Operating Revenue": NaN
    },
    "2022-09-30": {
        "Tax Effect Of Unusual Items": NaN,
        "Tax Rate For Calcs": NaN,
        "Normalized EBITDA": NaN,
        "Total Unusual Items": NaN,
        "Total Unusual Items Excluding Goodwill": NaN,
        "Net Income From Continuing Operation Net Minority Interest": NaN,
        "Reconciled Depreciation": NaN,
        "Reconciled Cost Of Revenue": NaN,
        "EBITDA": NaN,
        "EBIT": NaN,
        "Net Interest Income": NaN,
        "Interest Expense": NaN,
        "Interest Income": 100000.0,
        "Normalized Income": NaN,
        "Net Income From Continuing And Discontinued Operation": NaN,
        "Total Expenses": NaN,
        "Total Operating Income As Reported": NaN,
        "Diluted Average Shares": NaN,
        "Basic Average Shares": NaN,
        "Diluted EPS": NaN,
        "Basic EPS": NaN,
        "Diluted NI Availto Com Stockholders": NaN,
        "Net Income Common Stockholders": NaN,
        "Net Income": NaN,
        "Minority Interests": NaN,
        "Net Income Including Noncontrolling Interests": NaN,
        "Net Income Continuous Operations": NaN,
        "Tax Provision": NaN,
        "Pretax Income": NaN,
        "Other Income Expense": NaN,
        "Other Non Operating Income Expenses": NaN,
        "Special Income Charges": NaN,
        "Gain On Sale Of Ppe": 0.0,
        "Gain On Sale Of Business": 0.0,
        "Other Special Charges": NaN,
        "Impairment Of Capital Assets": NaN,
        "Restructuring And Mergern Acquisition": 0.0,
        "Gain On Sale Of Security": NaN,
        "Net Non Operating Interest Income Expense": NaN,
        "Interest Expense Non Operating": NaN,
        "Interest Income Non Operating": 100000.0,
        "Operating Income": NaN,
        "Operating Expense": NaN,
        "Other Operating Expenses": 23400000.0,
        "Depreciation Amortization Depletion Income Statement": NaN,
        "Depreciation And Amortization In Income Statement": NaN,
        "Amortization": NaN,
        "Amortization Of Intangibles Income Statement": NaN,
        "Depreciation Income Statement": NaN,
        "Selling General And Administration": NaN,
        "Selling And Marketing Expense": NaN,
        "General And Administrative Expense": NaN,
        "Other Gand A": NaN,
        "Gross Profit": NaN,
        "Cost Of Revenue": NaN,
        "Total Revenue": NaN,
        "Operating Revenue": NaN
    },
    "2022-06-30": {
        "Tax Effect Of Unusual Items": 0.0,
        "Tax Rate For Calcs": 0.0,
        "Normalized EBITDA": 13600000.0,
        "Total Unusual Items": 6000000.0,
        "Total Unusual Items Excluding Goodwill": 6000000.0,
        "Net Income From Continuing Operation Net Minority Interest": -700000.0,
        "Reconciled Depreciation": 7800000.0,
        "Reconciled Cost Of Revenue": 8300000.0,
        "EBITDA": 19600000.0,
        "EBIT": 11800000.0,
        "Net Interest Income": -20300000.0,
        "Interest Expense": 20400000.0,
        "Interest Income": 100000.0,
        "Normalized Income": -6700000.0,
        "Net Income From Continuing And Discontinued Operation": -700000.0,
        "Total Expenses": 61500000.0,
        "Total Operating Income As Reported": 5600000.0,
        "Diluted Average Shares": 8146765.0,
        "Basic Average Shares": 8146765.0,
        "Diluted EPS": -0.1,
        "Basic EPS": -0.1,
        "Diluted NI Availto Com Stockholders": -700000.0,
        "Net Income Common Stockholders": -700000.0,
        "Net Income": -700000.0,
        "Minority Interests": 7900000.0,
        "Net Income Including Noncontrolling Interests": -8600000.0,
        "Net Income Continuous Operations": -8600000.0,
        "Tax Provision": 0.0,
        "Pretax Income": -8600000.0,
        "Other Income Expense": 6100000.0,
        "Other Non Operating Income Expenses": 100000.0,
        "Special Income Charges": 6000000.0,
        "Gain On Sale Of Ppe": NaN,
        "Gain On Sale Of Business": NaN,
        "Other Special Charges": -6000000.0,
        "Impairment Of Capital Assets": 0.0,
        "Net Non Operating Interest Income Expense": -20300000.0,
        "Interest Expense Non Operating": 20400000.0,
        "Interest Income Non Operating": 100000.0,
        "Operating Income": 5600000.0,
        "Operating Expense": 53200000.0,
        "Other Operating Expenses": 25300000.0,
        "Depreciation Amortization Depletion Income Statement": 7800000.0,
        "Depreciation And Amortization In Income Statement": 7800000.0,
        "Amortization": 6300000.0,
        "Amortization Of Intangibles Income Statement": 6300000.0,
        "Depreciation Income Statement": 1500000.0,
        "Selling General And Administration": 45400000.0,
        "Selling And Marketing Expense": 10400000.0,
        "General And Administrative Expense": 35000000.0,
        "Other Gand A": 35000000.0,
        "Gross Profit": 58800000.0,
        "Cost Of Revenue": 8300000.0,
        "Total Revenue": 67100000.0,
        "Operating Revenue": 67100000.0
    },
    "2023-06-30": {
        "Tax Effect Of Unusual Items": 0.0,
        "Tax Rate For Calcs": 0.0,
        "Normalized EBITDA": -8200000.0,
        "Total Unusual Items": 557700000.0,
        "Total Unusual Items Excluding Goodwill": 557700000.0,
        "Net Income From Continuing Operation Net Minority Interest": 545300000.0,
        "Reconciled Depreciation": 1100000.0,
        "Reconciled Cost Of Revenue": 5000000.0,
        "EBITDA": 549500000.0,
        "EBIT": 548400000.0,
        "Net Interest Income": -3100000.0,
        "Interest Expense": 3100000.0,
        "Interest Income": 0.0,
        "Normalized Income": -12400000.0,
        "Net Income From Continuing And Discontinued Operation": 545300000.0,
        "Total Expenses": 19700000.0,
        "Total Operating Income As Reported": -4900000.0,
        "Diluted Average Shares": 17405864.0,
        "Basic Average Shares": 17405864.0,
        "Diluted EPS": 31.33,
        "Basic EPS": 31.33,
        "Diluted NI Availto Com Stockholders": 545300000.0,
        "Net Income Common Stockholders": 545300000.0,
        "Net Income": 545300000.0,
        "Minority Interests": 0.0,
        "Net Income Including Noncontrolling Interests": 545300000.0,
        "Net Income Continuous Operations": 545300000.0,
        "Tax Provision": 0.0,
        "Pretax Income": 545300000.0,
        "Other Income Expense": 553300000.0,
        "Other Non Operating Income Expenses": -4400000.0,
        "Special Income Charges": 557700000.0,
        "Gain On Sale Of Ppe": 0.0,
        "Gain On Sale Of Business": 557700000.0,
        "Other Special Charges": 4000000.0,
        "Impairment Of Capital Assets": 0.0,
        "Restructuring And Mergern Acquisition": NaN,
        "Gain On Sale Of Security": NaN,
        "Net Non Operating Interest Income Expense": -3100000.0,
        "Interest Expense Non Operating": 3100000.0,
        "Interest Income Non Operating": 0.0,
        "Operating Income": -4900000.0,
        "Operating Expense": 14700000.0,
        "Other Operating Expenses": 4000000.0,
        "Depreciation Amortization Depletion Income Statement": 1100000.0,
        "Depreciation And Amortization In Income Statement": 1100000.0,
        "Amortization": 900000.0,
        "Amortization Of Intangibles Income Statement": 900000.0,
        "Depreciation Income Statement": 200000.0,
        "Selling General And Administration": 13600000.0,
        "Selling And Marketing Expense": 1100000.0,
        "General And Administrative Expense": 12500000.0,
        "Other Gand A": 12500000.0,
        "Gross Profit": 9800000.0,
        "Cost Of Revenue": 5000000.0,
        "Total Revenue": 14800000.0,
        "Operating Revenue": 7100000.0
    },
    "2022-03-31": {
        "Diluted EPS": -0.31,
        "Total Revenue": 36,
        "Gross Profit": 11,
        "Operating Income": -23,
        "EBIT": -12,
        "Net Income": -25
    },
    "2021-12-31": {
        "Diluted EPS": 0.11,
        "Total Revenue": 64,
        "Gross Profit": 33,
        "Operating Income": 8,
        "EBIT": 18,
        "Net Income": 9
    },
    "2021-09-30": {
        "Diluted EPS": -0.19,
        "Total Revenue": 32,
        "Gross Profit": 8,
        "Operating Income": -19,
        "EBIT": -9,
        "Net Income": -15
    },
    "2021-06-30": {
        "Diluted EPS": -0.28,
        "Total Revenue": 14,
        "Gross Profit": -2,
        "Operating Income": -30,
        "EBIT": -20,
        "Net Income": -23
    },
    "2021-03-31": {
        "Diluted EPS": -0.25,
        "Total Revenue": 5,
        "Gross Profit": -1,
        "Operating Income": -28,
        "EBIT": -18,
        "Net Income": -19
    },
    "2020-12-31": {
        "Diluted EPS": -0.45,
        "Total Revenue": 16,
        "Gross Profit": 6,
        "Operating Income": -21,
        "EBIT": -10,
        "Net Income": -35
    },
    "2020-09-30": {
        "Diluted EPS": -0.16,
        "Total Revenue": 6,
        "Gross Profit": 1,
        "Operating Income": -21,
        "EBIT": -11,
        "Net Income": -13
    },
    "2020-06-30": {
        "Diluted EPS": -0.18,
        "Total Revenue": 4,
        "Gross Profit": 1,
        "Operating Income": -24,
        "EBIT": -14,
        "Net Income": -14
    },
    "2020-03-31": {
        "Diluted EPS": -0.05,
        "Total Revenue": 65,
        "Gross Profit": 38,
        "Operating Income": 5,
        "EBIT": 15,
        "Net Income": -4
    },
    "2019-12-31": {
        "Diluted EPS": 0.24,
        "Total Revenue": 147,
        "Gross Profit": 110,
        "Operating Income": 73,
        "EBIT": 83,
        "Net Income": 19
    },
    "2019-09-30": {
        "Diluted EPS": 0.12,
        "Total Revenue": 111,
        "Gross Profit": 78,
        "Operating Income": 40,
        "EBIT": 51,
        "Net Income": 9
    },
    "2019-06-30": {
        "Diluted EPS": 0.11,
        "Total Revenue": 110,
        "Gross Profit": 75,
        "Operating Income": 38,
        "EBIT": 49,
        "Net Income": 9
    },
    "2019-03-31": {
        "Diluted EPS": -0.01,
        "Total Revenue": 77,
        "Gross Profit": 47,
        "Operating Income": 11,
        "EBIT": 22,
        "Net Income": -1
    },
    "2018-12-31": {
        "Diluted EPS": 0.21,
        "Total Revenue": 137,
        "Gross Profit": 103,
        "Operating Income": 61,
        "EBIT": 72,
        "Net Income": 16
    },
    "2018-09-30": {
        "Diluted EPS": 0.14,
        "Total Revenue": 110,
        "Gross Profit": 77,
        "Operating Income": 42,
        "EBIT": 53,
        "Net Income": 11
    },
    "2018-06-30": {
        "Diluted EPS": 0.05,
        "Total Revenue": 114,
        "Gross Profit": 80,
        "Operating Income": 40,
        "EBIT": 51,
        "Net Income": 4
    },
    "2018-03-31": {
        "Diluted EPS": -0.03,
        "Total Revenue": 80,
        "Gross Profit": 49,
        "Operating Income": 11,
        "EBIT": 21,
        "Net Income": -2
    },
    "2017-12-31": {
        "Diluted EPS": 0.2,
        "Total Revenue": 141,
        "Gross Profit": 107,
        "Operating Income": 70,
        "EBIT": 80,
        "Net Income": 41
    },
    "2017-09-30": {
        "Diluted EPS": 0.21,
        "Total Revenue": 116,
        "Gross Profit": 86,
        "Operating Income": 50,
        "EBIT": 60,
        "Net Income": 14
    },
    "2017-06-30": {
        "Diluted EPS": 0.09,
        "Total Revenue": 97,
        "Gross Profit": 67,
        "Operating Income": 28,
        "EBIT": 38,
        "Net Income": 5
    },
    "2017-03-31": {
        "Diluted EPS": -0.02,
        "Total Revenue": 72,
        "Gross Profit": 42,
        "Operating Income": 5,
        "EBIT": 15,
        "Net Income": -1
    },
    "2016-12-31": {
        "Diluted EPS": 0.37,
        "Total Revenue": 143,
        "Gross Profit": 111,
        "Operating Income": 72,
        "EBIT": 72,
        "Net Income": 22
    },
    "2016-09-30": {
        "Diluted EPS": 0.13,
        "Total Revenue": 114,
        "Gross Profit": 83,
        "Operating Income": 48,
        "EBIT": 61,
        "Net Income": 8
    },
    "2016-06-30": {
        "Diluted EPS": 0.11,
        "Total Revenue": 115,
        "Gross Profit": 84,
        "Operating Income": 47,
        "EBIT": 59,
        "Net Income": 7
    },
    "2016-03-31": {
        "Diluted EPS": -0.07,
        "Total Revenue": 76,
        "Gross Profit": 48,
        "Operating Income": 6,
        "EBIT": 19,
        "Net Income": -4
    },
    "2015-12-31": {
        "Diluted EPS": 0.04,
        "Total Revenue": 136,
        "Gross Profit": 105,
        "Operating Income": 62,
        "EBIT": 79,
        "Net Income": 3
    },
    "2015-09-30": {
        "Diluted EPS": 0.13,
        "Total Revenue": 112,
        "Gross Profit": 82,
        "Operating Income": 48,
        "EBIT": 60,
        "Net Income": 8
    },
    "2015-06-30": {
        "Diluted EPS": 0.17,
        "Total Revenue": 122,
        "Gross Profit": 89,
        "Operating Income": 55,
        "EBIT": 68,
        "Net Income": 10
    },
    "2015-03-31": {
        "Diluted EPS": -0.15,
        "Total Revenue": 77,
        "Gross Profit": 49,
        "Operating Income": -17,
        "EBIT": -3,
        "Net Income": -9
    },
    "2014-12-31": {
        "Diluted EPS": 0.14,
        "Total Revenue": 123,
        "Gross Profit": 92,
        "Operating Income": 58,
        "EBIT": 73,
        "Net Income": 8
    },
    "2014-09-30": {
        "Diluted EPS": 0.08,
        "Total Revenue": 101,
        "Gross Profit": 73,
        "Operating Income": 41,
        "EBIT": 56,
        "Net Income": 5
    },
    "2014-06-30": {
        "Diluted EPS": 0.06,
        "Total Revenue": 100,
        "Gross Profit": 71,
        "Operating Income": 40,
        "EBIT": 55,
        "Net Income": 4
    },
    "2014-03-31": {
        "Diluted EPS": -0.05,
        "Total Revenue": 70,
        "Gross Profit": 43,
        "Operating Income": 13,
        "EBIT": 28,
        "Net Income": -3
    },
    "2013-12-31": {
        "Diluted EPS": 0.34,
        "Total Revenue": 123,
        "Gross Profit": 84,
        "Operating Income": 55,
        "EBIT": 70,
        "Net Income": 19
    },
    "2013-09-30": {
        "Diluted EPS": 0.24,
        "Total Revenue": 135,
        "Gross Profit": 98,
        "Operating Income": 67,
        "EBIT": 81,
        "Net Income": 14
    },
    "2013-06-30": {
        "Diluted EPS": 0.17,
        "Total Revenue": 123,
        "Gross Profit": 87,
        "Operating Income": 58,
        "EBIT": 71,
        "Net Income": 10
    },
    "2013-03-31": {
        "Diluted EPS": -0.02,
        "Total Revenue": 82,
        "Gross Profit": 50,
        "Operating Income": 22,
        "EBIT": 34,
        "Net Income": -1
    },
    "2012-12-31": {
        "Diluted EPS": -0.01,
        "Total Revenue": 116,
        "Gross Profit": 79,
        "Operating Income": 51,
        "EBIT": 58,
        "Net Income": -1
    },
    "2012-09-30": {
        "Diluted EPS": 0.3,
        "Total Revenue": 144,
        "Gross Profit": 107,
        "Operating Income": 78,
        "EBIT": 89,
        "Net Income": 17
    },
    "2012-06-30": {
        "Diluted EPS": -0.03,
        "Total Revenue": 110,
        "Gross Profit": 74,
        "Operating Income": 45,
        "EBIT": 56,
        "Net Income": -2
    },
    "2012-03-31": {
        "Diluted EPS": -0.02,
        "Total Revenue": 79,
        "Gross Profit": 45,
        "Operating Income": 17,
        "EBIT": 26,
        "Net Income": -1
    },
    "2011-12-31": {
        "Diluted EPS": 0.13,
        "Total Revenue": 115,
        "Gross Profit": 81,
        "Operating Income": 55,
        "EBIT": 65,
        "Net Income": 7
    },
    "2011-09-30": {
        "Diluted EPS": 0.31,
        "Total Revenue": 136,
        "Gross Profit": 101,
        "Operating Income": 74,
        "EBIT": 82,
        "Net Income": 17
    },
    "2011-06-30": {
        "Diluted EPS": 0.16,
        "Total Revenue": 114,
        "Gross Profit": 78,
        "Operating Income": 50,
        "EBIT": 59,
        "Net Income": 9
    },
    "2011-03-31": {
        "Diluted EPS": -0.02,
        "Total Revenue": 71,
        "Gross Profit": 43,
        "Operating Income": 15,
        "EBIT": 24,
        "Net Income": -1
    },
    "2010-12-31": {
        "Diluted EPS": 0.24,
        "Total Revenue": 118,
        "Gross Profit": 85,
        "Operating Income": 54,
        "EBIT": 63,
        "Net Income": 12
    },
    "2010-09-30": {
        "Diluted EPS": 0.24,
        "Total Revenue": 126,
        "Gross Profit": 96,
        "Operating Income": 67,
        "EBIT": 76,
        "Net Income": 12
    },
    "2010-06-30": {
        "Diluted EPS": 0.11,
        "Total Revenue": 99,
        "Gross Profit": 69,
        "Operating Income": 43,
        "EBIT": 51,
        "Net Income": 5
    },
    "2010-03-31": {
        "Diluted EPS": 0.03,
        "Total Revenue": 85,
        "Gross Profit": 51,
        "Operating Income": 26,
        "EBIT": 34,
        "Net Income": 1
    },
    "2009-12-31": {
        "Diluted EPS": 0.26,
        "Total Revenue": 119,
        "Gross Profit": 84,
        "Operating Income": 60,
        "EBIT": 67,
        "Net Income": 11
    },
    "2009-09-30": {
        "Diluted EPS": 0.16,
        "Total Revenue": 96,
        "Gross Profit": 69,
        "Operating Income": 46,
        "EBIT": 54,
        "Net Income": 7
    },
    "2009-06-30": {
        "Diluted EPS": 0.17,
        "Total Revenue": 93,
        "Gross Profit": 63,
        "Operating Income": 40,
        "EBIT": 48,
        "Net Income": 7
    },
    "2009-03-31": {
        "Diluted EPS": 0.03,
        "Total Revenue": 74,
        "Gross Profit": 44,
        "Operating Income": 22,
        "EBIT": 29,
        "Net Income": 1
    },
    "2023-09-30": {
        "Tax Effect Of Unusual Items": 0.0,
        "Tax Rate For Calcs": 0.0,
        "Normalized EBITDA": -14900000.0,
        "Total Unusual Items": 203300000.0,
        "Total Unusual Items Excluding Goodwill": 203300000.0,
        "Net Income From Continuing Operation Net Minority Interest": 181800000.0,
        "Reconciled Depreciation": 6300000.0,
        "Reconciled Cost Of Revenue": 17100000.0,
        "EBITDA": 188400000.0,
        "EBIT": 182100000.0,
        "Net Interest Income": -300000.0,
        "Interest Expense": 300000.0,
        "Interest Income": NaN,
        "Normalized Income": -21500000.0,
        "Net Income From Continuing And Discontinued Operation": 181800000.0,
        "Total Expenses": 37000000.0,
        "Total Operating Income As Reported": -12300000.0,
        "Diluted Average Shares": 62804688.0,
        "Basic Average Shares": 62765418.0,
        "Diluted EPS": 2.89,
        "Basic EPS": 2.89,
        "Diluted NI Availto Com Stockholders": 181800000.0,
        "Net Income Common Stockholders": 181800000.0,
        "Net Income": 181800000.0,
        "Minority Interests": 0.0,
        "Net Income Including Noncontrolling Interests": 181800000.0,
        "Net Income Continuous Operations": 181800000.0,
        "Tax Provision": 0.0,
        "Pretax Income": 181800000.0,
        "Other Income Expense": 194400000.0,
        "Other Non Operating Income Expenses": -8900000.0,
        "Special Income Charges": 203300000.0,
        "Gain On Sale Of Ppe": 0.0,
        "Gain On Sale Of Business": 0.0,
        "Other Special Charges": -158700000.0,
        "Impairment Of Capital Assets": 0.0,
        "Restructuring And Mergern Acquisition": -203300000.0,
        "Gain On Sale Of Security": 35300000.0,
        "Net Non Operating Interest Income Expense": -300000.0,
        "Interest Expense Non Operating": 300000.0,
        "Interest Income Non Operating": NaN,
        "Operating Income": -12300000.0,
        "Operating Expense": 19900000.0,
        "Other Operating Expenses": 8800000.0,
        "Depreciation Amortization Depletion Income Statement": 6300000.0,
        "Depreciation And Amortization In Income Statement": 6300000.0,
        "Amortization": 5700000.0,
        "Amortization Of Intangibles Income Statement": 5700000.0,
        "Depreciation Income Statement": 600000.0,
        "Selling General And Administration": 13600000.0,
        "Selling And Marketing Expense": 6300000.0,
        "General And Administrative Expense": 7300000.0,
        "Other Gand A": 7300000.0,
        "Gross Profit": 7600000.0,
        "Cost Of Revenue": 17100000.0,
        "Total Revenue": 24700000.0,
        "Operating Revenue": 24700000.0
    },
    "2023-12-31": {
        "Tax Effect Of Unusual Items": 0.0,
        "Tax Rate For Calcs": 0.0,
        "Normalized EBITDA": 34900000.0,
        "Total Unusual Items": -200000.0,
        "Total Unusual Items Excluding Goodwill": -200000.0,
        "Net Income From Continuing Operation Net Minority Interest": 23700000.0,
        "Reconciled Depreciation": 10600000.0,
        "Reconciled Cost Of Revenue": 30400000.0,
        "EBITDA": 34700000.0,
        "EBIT": 24100000.0,
        "Net Interest Income": -400000.0,
        "Interest Expense": 400000.0,
        "Interest Income": NaN,
        "Normalized Income": 23900000.0,
        "Net Income From Continuing And Discontinued Operation": 23700000.0,
        "Total Expenses": 70400000.0,
        "Total Operating Income As Reported": 20400000.0,
        "Diluted Average Shares": 96905454.0,
        "Basic Average Shares": 96809697.0,
        "Diluted EPS": 0.24,
        "Basic EPS": 0.24,
        "Diluted NI Availto Com Stockholders": 23700000.0,
        "Net Income Common Stockholders": 23700000.0,
        "Net Income": 23700000.0,
        "Minority Interests": 0.0,
        "Net Income Including Noncontrolling Interests": 23700000.0,
        "Net Income Continuous Operations": 23700000.0,
        "Tax Provision": 0.0,
        "Pretax Income": 23700000.0,
        "Other Income Expense": 3700000.0,
        "Other Non Operating Income Expenses": 3900000.0,
        "Special Income Charges": -200000.0,
        "Gain On Sale Of Ppe": 0.0,
        "Gain On Sale Of Business": 0.0,
        "Other Special Charges": 0.0,
        "Impairment Of Capital Assets": 0.0,
        "Restructuring And Mergern Acquisition": 200000.0,
        "Gain On Sale Of Security": NaN,
        "Net Non Operating Interest Income Expense": -400000.0,
        "Interest Expense Non Operating": 400000.0,
        "Interest Income Non Operating": NaN,
        "Operating Income": 20400000.0,
        "Operating Expense": 40000000.0,
        "Other Operating Expenses": NaN,
        "Depreciation Amortization Depletion Income Statement": 10600000.0,
        "Depreciation And Amortization In Income Statement": 10600000.0,
        "Amortization": 9600000.0,
        "Amortization Of Intangibles Income Statement": 9600000.0,
        "Depreciation Income Statement": 1000000.0,
        "Selling General And Administration": 29400000.0,
        "Selling And Marketing Expense": 12700000.0,
        "General And Administrative Expense": 16700000.0,
        "Other Gand A": 16700000.0,
        "Gross Profit": 60400000.0,
        "Cost Of Revenue": 30400000.0,
        "Total Revenue": 90800000.0,
        "Operating Revenue": 80700000.0
    },
    "2024-03-31": {
        "Tax Effect Of Unusual Items": 0.0,
        "Tax Rate For Calcs": 0.0,
        "Normalized EBITDA": -23800000.0,
        "Total Unusual Items": NaN,
        "Total Unusual Items Excluding Goodwill": NaN,
        "Net Income From Continuing Operation Net Minority Interest": -34700000.0,
        "Reconciled Depreciation": 10500000.0,
        "Reconciled Cost Of Revenue": 26100000.0,
        "EBITDA": -23800000.0,
        "EBIT": -34300000.0,
        "Net Interest Income": -400000.0,
        "Interest Expense": 400000.0,
        "Interest Income": NaN,
        "Normalized Income": -34700000.0,
        "Net Income From Continuing And Discontinued Operation": -34700000.0,
        "Total Expenses": 60100000.0,
        "Total Operating Income As Reported": -22700000.0,
        "Diluted Average Shares": 96918564.0,
        "Basic Average Shares": 96918564.0,
        "Diluted EPS": -0.36,
        "Basic EPS": -0.36,
        "Diluted NI Availto Com Stockholders": -34700000.0,
        "Net Income Common Stockholders": -34700000.0,
        "Net Income": -34700000.0,
        "Minority Interests": 0.0,
        "Net Income Including Noncontrolling Interests": -34700000.0,
        "Net Income Continuous Operations": -34700000.0,
        "Tax Provision": 0.0,
        "Pretax Income": -34700000.0,
        "Other Income Expense": -11600000.0,
        "Other Non Operating Income Expenses": -11600000.0,
        "Special Income Charges": NaN,
        "Gain On Sale Of Ppe": NaN,
        "Gain On Sale Of Business": NaN,
        "Other Special Charges": NaN,
        "Impairment Of Capital Assets": NaN,
        "Restructuring And Mergern Acquisition": NaN,
        "Gain On Sale Of Security": NaN,
        "Net Non Operating Interest Income Expense": -400000.0,
        "Interest Expense Non Operating": 400000.0,
        "Interest Income Non Operating": NaN,
        "Operating Income": -22700000.0,
        "Operating Expense": 34000000.0,
        "Other Operating Expenses": NaN,
        "Depreciation Amortization Depletion Income Statement": 10500000.0,
        "Depreciation And Amortization In Income Statement": 10500000.0,
        "Amortization": 9500000.0,
        "Amortization Of Intangibles Income Statement": 9500000.0,
        "Depreciation Income Statement": 1000000.0,
        "Selling General And Administration": 23500000.0,
        "Selling And Marketing Expense": 10000000.0,
        "General And Administrative Expense": 13500000.0,
        "Other Gand A": 13500000.0,
        "Gross Profit": 11300000.0,
        "Cost Of Revenue": 26100000.0,
        "Total Revenue": 37400000.0,
        "Operating Revenue": 37400000.0
    },
    "2024-06-30": {
        "Tax Effect Of Unusual Items": 0.0,
        "Tax Rate For Calcs": 0.0,
        "Normalized EBITDA": 2300000.0,
        "Total Unusual Items": 0.0,
        "Total Unusual Items Excluding Goodwill": 0.0,
        "Net Income From Continuing Operation Net Minority Interest": -8700000.0,
        "Reconciled Depreciation": 10600000.0,
        "Reconciled Cost Of Revenue": 30400000.0,
        "EBITDA": 2300000.0,
        "EBIT": -8300000.0,
        "Net Interest Income": 300000.0,
        "Interest Expense": 400000.0,
        "Interest Income": 700000.0,
        "Normalized Income": -8700000.0,
        "Net Income From Continuing And Discontinued Operation": -8700000.0,
        "Total Expenses": 64000000.0,
        "Total Operating Income As Reported": -9300000.0,
        "Diluted Average Shares": 96409830.0,
        "Basic Average Shares": 96409830.0,
        "Diluted EPS": -0.09,
        "Basic EPS": -0.09,
        "Diluted NI Availto Com Stockholders": -8700000.0,
        "Net Income Common Stockholders": -8700000.0,
        "Net Income": -8700000.0,
        "Minority Interests": 0.0,
        "Net Income Including Noncontrolling Interests": -8700000.0,
        "Net Income Continuous Operations": -8700000.0,
        "Tax Provision": 0.0,
        "Pretax Income": -8700000.0,
        "Other Income Expense": 300000.0,
        "Other Non Operating Income Expenses": 300000.0,
        "Special Income Charges": 0.0,
        "Gain On Sale Of Ppe": NaN,
        "Gain On Sale Of Business": 0.0,
        "Other Special Charges": NaN,
        "Impairment Of Capital Assets": NaN,
        "Restructuring And Mergern Acquisition": NaN,
        "Gain On Sale Of Security": NaN,
        "Net Non Operating Interest Income Expense": 300000.0,
        "Interest Expense Non Operating": 400000.0,
        "Interest Income Non Operating": 700000.0,
        "Operating Income": -9300000.0,
        "Operating Expense": 33600000.0,
        "Other Operating Expenses": NaN,
        "Depreciation Amortization Depletion Income Statement": 10600000.0,
        "Depreciation And Amortization In Income Statement": 10600000.0,
        "Amortization": 9500000.0,
        "Amortization Of Intangibles Income Statement": 9500000.0,
        "Depreciation Income Statement": 1100000.0,
        "Selling General And Administration": 23000000.0,
        "Selling And Marketing Expense": 9600000.0,
        "General And Administrative Expense": 13400000.0,
        "Other Gand A": 13400000.0,
        "Gross Profit": 24300000.0,
        "Cost Of Revenue": 30400000.0,
        "Total Revenue": 54700000.0,
        "Operating Revenue": 54700000.0
    }
}