{
    "2023-04-30": {
        "Tax Effect Of Unusual Items": NaN,
        "Tax Rate For Calcs": NaN,
        "Normalized EBITDA": NaN,
        "Net Income From Continuing Operation Net Minority Interest": NaN,
        "Reconciled Depreciation": NaN,
        "Reconciled Cost Of Revenue": NaN,
        "EBITDA": NaN,
        "EBIT": NaN,
        "Net Interest Income": NaN,
        "Interest Expense": NaN,
        "Interest Income": NaN,
        "Normalized Income": NaN,
        "Net Income From Continuing And Discontinued Operation": NaN,
        "Total Expenses": NaN,
        "Total Operating Income As Reported": NaN,
        "Diluted Average Shares": 112032536.0,
        "Basic Average Shares": 112032536.0,
        "Diluted EPS": -0.1,
        "Basic EPS": -0.1,
        "Diluted NI Availto Com Stockholders": NaN,
        "Net Income Common Stockholders": NaN,
        "Net Income": NaN,
        "Minority Interests": NaN,
        "Net Income Including Noncontrolling Interests": NaN,
        "Net Income Continuous Operations": NaN,
        "Tax Provision": NaN,
        "Pretax Income": NaN,
        "Other Income Expense": NaN,
        "Other Non Operating Income Expenses": NaN,
        "Net Non Operating Interest Income Expense": NaN,
        "Interest Expense Non Operating": NaN,
        "Interest Income Non Operating": NaN,
        "Operating Income": NaN,
        "Operating Expense": NaN,
        "Research And Development": NaN,
        "Selling General And Administration": NaN,
        "Selling And Marketing Expense": NaN,
        "General And Administrative Expense": NaN,
        "Other Gand A": NaN,
        "Salaries And Wages": NaN,
        "Gross Profit": NaN,
        "Cost Of Revenue": NaN,
        "Total Revenue": NaN,
        "Operating Revenue": NaN
    },
    "2023-01-31": {
        "Tax Effect Of Unusual Items": NaN,
        "Tax Rate For Calcs": NaN,
        "Normalized EBITDA": NaN,
        "Net Income From Continuing Operation Net Minority Interest": NaN,
        "Reconciled Depreciation": NaN,
        "Reconciled Cost Of Revenue": NaN,
        "EBITDA": NaN,
        "EBIT": NaN,
        "Net Interest Income": NaN,
        "Interest Expense": NaN,
        "Interest Income": NaN,
        "Normalized Income": NaN,
        "Net Income From Continuing And Discontinued Operation": NaN,
        "Total Expenses": NaN,
        "Total Operating Income As Reported": NaN,
        "Diluted Average Shares": 111161074.0,
        "Basic Average Shares": 111161074.0,
        "Diluted EPS": -0.19,
        "Basic EPS": -0.19,
        "Diluted NI Availto Com Stockholders": NaN,
        "Net Income Common Stockholders": NaN,
        "Net Income": NaN,
        "Minority Interests": NaN,
        "Net Income Including Noncontrolling Interests": NaN,
        "Net Income Continuous Operations": NaN,
        "Tax Provision": NaN,
        "Pretax Income": NaN,
        "Other Income Expense": NaN,
        "Other Non Operating Income Expenses": NaN,
        "Net Non Operating Interest Income Expense": NaN,
        "Interest Expense Non Operating": NaN,
        "Interest Income Non Operating": NaN,
        "Operating Income": NaN,
        "Operating Expense": NaN,
        "Research And Development": NaN,
        "Selling General And Administration": NaN,
        "Selling And Marketing Expense": NaN,
        "General And Administrative Expense": NaN,
        "Other Gand A": NaN,
        "Salaries And Wages": NaN,
        "Gross Profit": NaN,
        "Cost Of Revenue": NaN,
        "Total Revenue": NaN,
        "Operating Revenue": NaN
    },
    "2022-10-31": {
        "Tax Effect Of Unusual Items": NaN,
        "Tax Rate For Calcs": NaN,
        "Normalized EBITDA": NaN,
        "Net Income From Continuing Operation Net Minority Interest": NaN,
        "Reconciled Depreciation": NaN,
        "Reconciled Cost Of Revenue": NaN,
        "EBITDA": NaN,
        "EBIT": NaN,
        "Net Interest Income": NaN,
        "Interest Expense": NaN,
        "Interest Income": NaN,
        "Normalized Income": NaN,
        "Net Income From Continuing And Discontinued Operation": NaN,
        "Total Expenses": NaN,
        "Total Operating Income As Reported": NaN,
        "Diluted Average Shares": 110897811.0,
        "Basic Average Shares": 110897811.0,
        "Diluted EPS": -0.21,
        "Basic EPS": -0.21,
        "Diluted NI Availto Com Stockholders": NaN,
        "Net Income Common Stockholders": NaN,
        "Net Income": NaN,
        "Minority Interests": NaN,
        "Net Income Including Noncontrolling Interests": NaN,
        "Net Income Continuous Operations": NaN,
        "Tax Provision": NaN,
        "Pretax Income": NaN,
        "Other Income Expense": NaN,
        "Other Non Operating Income Expenses": NaN,
        "Net Non Operating Interest Income Expense": NaN,
        "Interest Expense Non Operating": NaN,
        "Interest Income Non Operating": NaN,
        "Operating Income": NaN,
        "Operating Expense": NaN,
        "Research And Development": NaN,
        "Selling General And Administration": NaN,
        "Selling And Marketing Expense": NaN,
        "General And Administrative Expense": NaN,
        "Other Gand A": NaN,
        "Salaries And Wages": NaN,
        "Gross Profit": NaN,
        "Cost Of Revenue": NaN,
        "Total Revenue": NaN,
        "Operating Revenue": NaN
    },
    "2022-07-31": {
        "Tax Effect Of Unusual Items": 0.0,
        "Tax Rate For Calcs": 0.4,
        "Normalized EBITDA": -17572000.0,
        "Net Income From Continuing Operation Net Minority Interest": -27245000.0,
        "Reconciled Depreciation": 8422000.0,
        "Reconciled Cost Of Revenue": 41221000.0,
        "EBITDA": -17572000.0,
        "EBIT": -25994000.0,
        "Net Interest Income": -605000.0,
        "Interest Expense": 631000.0,
        "Interest Income": 26000.0,
        "Normalized Income": -27245000.0,
        "Net Income From Continuing And Discontinued Operation": -27245000.0,
        "Total Expenses": 124633000.0,
        "Total Operating Income As Reported": -25006000.0,
        "Diluted Average Shares": 110391865.0,
        "Basic Average Shares": 110391865.0,
        "Diluted EPS": -0.25,
        "Basic EPS": -0.25,
        "Diluted NI Availto Com Stockholders": -27245000.0,
        "Net Income Common Stockholders": -27245000.0,
        "Net Income": -27245000.0,
        "Minority Interests": 179000.0,
        "Net Income Including Noncontrolling Interests": -27424000.0,
        "Net Income Continuous Operations": -27424000.0,
        "Tax Provision": 799000.0,
        "Pretax Income": -26625000.0,
        "Other Income Expense": -1014000.0,
        "Other Non Operating Income Expenses": -1014000.0,
        "Net Non Operating Interest Income Expense": -605000.0,
        "Interest Expense Non Operating": 631000.0,
        "Interest Income Non Operating": 26000.0,
        "Operating Income": -25006000.0,
        "Operating Expense": 83412000.0,
        "Research And Development": 29701000.0,
        "Selling General And Administration": 53711000.0,
        "Selling And Marketing Expense": 32512000.0,
        "General And Administrative Expense": 21199000.0,
        "Other Gand A": 21199000.0,
        "Salaries And Wages": NaN,
        "Gross Profit": 58406000.0,
        "Cost Of Revenue": 41221000.0,
        "Total Revenue": 99627000.0,
        "Operating Revenue": 99627000.0
    },
    "2022-04-30": {
        "Diluted EPS": -0.28,
        "Total Revenue": 94,
        "Gross Profit": 54,
        "Operating Income": -27,
        "EBIT": -17,
        "Net Income": -31
    },
    "2022-01-31": {
        "Diluted EPS": -0.07,
        "Total Revenue": 75,
        "Gross Profit": 44,
        "Operating Income": -30,
        "EBIT": -25,
        "Net Income": -7
    },
    "2021-10-31": {
        "Diluted EPS": -0.14,
        "Total Revenue": 70,
        "Gross Profit": 43,
        "Operating Income": -13,
        "EBIT": -9,
        "Net Income": -14
    },
    "2021-07-31": {
        "Diluted EPS": -0.14,
        "Total Revenue": 67,
        "Gross Profit": 40,
        "Operating Income": -13,
        "EBIT": -10,
        "Net Income": -14
    },
    "2021-04-30": {
        "Diluted EPS": -0.16,
        "Total Revenue": 62,
        "Gross Profit": 36,
        "Operating Income": -15,
        "EBIT": -12,
        "Net Income": -15
    },
    "2021-01-31": {
        "Diluted EPS": -0.13,
        "Total Revenue": 57,
        "Gross Profit": 32,
        "Operating Income": -14,
        "EBIT": -11,
        "Net Income": -12
    },
    "2020-10-31": {
        "Diluted EPS": -0.1,
        "Total Revenue": 54,
        "Gross Profit": 32,
        "Operating Income": -9,
        "EBIT": -6,
        "Net Income": -9
    },
    "2020-07-31": {
        "Diluted EPS": -0.17,
        "Total Revenue": 49,
        "Gross Profit": 26,
        "Operating Income": -16,
        "EBIT": -13,
        "Net Income": -15
    },
    "2020-04-30": {
        "Diluted EPS": -0.06,
        "Total Revenue": 45,
        "Gross Profit": 26,
        "Operating Income": -4,
        "EBIT": -1,
        "Net Income": -5
    },
    "2020-01-31": {
        "Diluted EPS": 0.0,
        "Total Revenue": NaN,
        "Gross Profit": NaN,
        "Operating Income": NaN,
        "EBIT": NaN,
        "Net Income": NaN
    },
    "2019-10-31": {
        "Diluted EPS": -0.08,
        "Total Revenue": 38,
        "Gross Profit": 21,
        "Operating Income": -7,
        "EBIT": -4,
        "Net Income": -6
    },
    "2019-07-31": {
        "Diluted EPS": -0.11,
        "Total Revenue": 32,
        "Gross Profit": 17,
        "Operating Income": -8,
        "EBIT": -8,
        "Net Income": -9
    },
    "2019-01-31": {
        "Diluted EPS": 0.0,
        "Total Revenue": NaN,
        "Gross Profit": NaN,
        "Operating Income": NaN,
        "EBIT": NaN,
        "Net Income": NaN
    },
    "2023-07-31": {
        "Tax Effect Of Unusual Items": 0.0,
        "Tax Rate For Calcs": 0.21,
        "Normalized EBITDA": -4324000.0,
        "Net Income From Continuing Operation Net Minority Interest": -15884000.0,
        "Reconciled Depreciation": 9166000.0,
        "Reconciled Cost Of Revenue": 48047000.0,
        "EBITDA": -4324000.0,
        "EBIT": -13490000.0,
        "Net Interest Income": -209000.0,
        "Interest Expense": 1044000.0,
        "Interest Income": 835000.0,
        "Normalized Income": -15884000.0,
        "Net Income From Continuing And Discontinued Operation": -15884000.0,
        "Total Expenses": 132030000.0,
        "Total Operating Income As Reported": -14794000.0,
        "Diluted Average Shares": 112396716.0,
        "Basic Average Shares": 112396716.0,
        "Diluted EPS": -0.14,
        "Basic EPS": -0.14,
        "Diluted NI Availto Com Stockholders": -15884000.0,
        "Net Income Common Stockholders": -15884000.0,
        "Net Income": -15884000.0,
        "Minority Interests": 195000.0,
        "Net Income Including Noncontrolling Interests": -16079000.0,
        "Net Income Continuous Operations": -16079000.0,
        "Tax Provision": 1545000.0,
        "Pretax Income": -14534000.0,
        "Other Income Expense": 469000.0,
        "Other Non Operating Income Expenses": 469000.0,
        "Net Non Operating Interest Income Expense": -209000.0,
        "Interest Expense Non Operating": 1044000.0,
        "Interest Income Non Operating": 835000.0,
        "Operating Income": -14794000.0,
        "Operating Expense": 83983000.0,
        "Research And Development": 29889000.0,
        "Selling General And Administration": 54094000.0,
        "Selling And Marketing Expense": 32164000.0,
        "General And Administrative Expense": 21930000.0,
        "Other Gand A": 21930000.0,
        "Salaries And Wages": 8057000.0,
        "Gross Profit": 69189000.0,
        "Cost Of Revenue": 48047000.0,
        "Total Revenue": 117236000.0,
        "Operating Revenue": 117236000.0
    },
    "2023-10-31": {
        "Tax Effect Of Unusual Items": 0.0,
        "Tax Rate For Calcs": 0.21,
        "Normalized EBITDA": 4499000.0,
        "Net Income From Continuing Operation Net Minority Interest": -16379000.0,
        "Reconciled Depreciation": 19040000.0,
        "Reconciled Cost Of Revenue": 48025000.0,
        "EBITDA": 4499000.0,
        "EBIT": -14541000.0,
        "Net Interest Income": -169000.0,
        "Interest Expense": 854000.0,
        "Interest Income": 685000.0,
        "Normalized Income": -16379000.0,
        "Net Income From Continuing And Discontinued Operation": -16379000.0,
        "Total Expenses": 134848000.0,
        "Total Operating Income As Reported": -12906000.0,
        "Diluted Average Shares": 112951553.0,
        "Basic Average Shares": 112951553.0,
        "Diluted EPS": -0.15,
        "Basic EPS": -0.15,
        "Diluted NI Availto Com Stockholders": -16379000.0,
        "Net Income Common Stockholders": -16379000.0,
        "Net Income": -16379000.0,
        "Minority Interests": 798000.0,
        "Net Income Including Noncontrolling Interests": -17177000.0,
        "Net Income Continuous Operations": -17177000.0,
        "Tax Provision": 1782000.0,
        "Pretax Income": -15395000.0,
        "Other Income Expense": -2320000.0,
        "Other Non Operating Income Expenses": -2320000.0,
        "Net Non Operating Interest Income Expense": -169000.0,
        "Interest Expense Non Operating": 854000.0,
        "Interest Income Non Operating": 685000.0,
        "Operating Income": -12906000.0,
        "Operating Expense": 86823000.0,
        "Research And Development": 29043000.0,
        "Selling General And Administration": 57780000.0,
        "Selling And Marketing Expense": 38446000.0,
        "General And Administrative Expense": 19334000.0,
        "Other Gand A": 19334000.0,
        "Salaries And Wages": NaN,
        "Gross Profit": 73917000.0,
        "Cost Of Revenue": 48025000.0,
        "Total Revenue": 121942000.0,
        "Operating Revenue": 121942000.0
    },
    "2024-01-31": {
        "Tax Effect Of Unusual Items": 0.0,
        "Tax Rate For Calcs": 0.21,
        "Normalized EBITDA": 7029000.0,
        "Net Income From Continuing Operation Net Minority Interest": 1160000.0,
        "Reconciled Depreciation": 7927000.0,
        "Reconciled Cost Of Revenue": 49210000.0,
        "EBITDA": 7029000.0,
        "EBIT": -898000.0,
        "Net Interest Income": -348000.0,
        "Interest Expense": 858000.0,
        "Interest Income": 510000.0,
        "Normalized Income": 1160000.0,
        "Net Income From Continuing And Discontinued Operation": 1160000.0,
        "Total Expenses": 126878000.0,
        "Total Operating Income As Reported": -3185000.0,
        "Diluted Average Shares": NaN,
        "Basic Average Shares": NaN,
        "Diluted EPS": NaN,
        "Basic EPS": NaN,
        "Diluted NI Availto Com Stockholders": 1160000.0,
        "Net Income Common Stockholders": 1160000.0,
        "Net Income": 1160000.0,
        "Minority Interests": -214000.0,
        "Net Income Including Noncontrolling Interests": 1374000.0,
        "Net Income Continuous Operations": 1374000.0,
        "Tax Provision": -3130000.0,
        "Pretax Income": -1756000.0,
        "Other Income Expense": 1777000.0,
        "Other Non Operating Income Expenses": 1777000.0,
        "Net Non Operating Interest Income Expense": -348000.0,
        "Interest Expense Non Operating": 858000.0,
        "Interest Income Non Operating": 510000.0,
        "Operating Income": -3185000.0,
        "Operating Expense": 77668000.0,
        "Research And Development": 30184000.0,
        "Selling General And Administration": 47484000.0,
        "Selling And Marketing Expense": 29996000.0,
        "General And Administrative Expense": 17488000.0,
        "Other Gand A": 17488000.0,
        "Salaries And Wages": NaN,
        "Gross Profit": 74483000.0,
        "Cost Of Revenue": 49210000.0,
        "Total Revenue": 123693000.0,
        "Operating Revenue": 123693000.0
    },
    "2024-04-30": {
        "Tax Effect Of Unusual Items": 0.0,
        "Tax Rate For Calcs": 0.21,
        "Normalized EBITDA": 4488000.0,
        "Net Income From Continuing Operation Net Minority Interest": -2976000.0,
        "Reconciled Depreciation": 8290000.0,
        "Reconciled Cost Of Revenue": 51180000.0,
        "EBITDA": 4488000.0,
        "EBIT": -3802000.0,
        "Net Interest Income": -872000.0,
        "Interest Expense": 1477000.0,
        "Interest Income": 605000.0,
        "Normalized Income": -2976000.0,
        "Net Income From Continuing And Discontinued Operation": -2976000.0,
        "Total Expenses": 131750000.0,
        "Total Operating Income As Reported": -3663000.0,
        "Diluted Average Shares": 114197068.0,
        "Basic Average Shares": 114197068.0,
        "Diluted EPS": -0.03,
        "Basic EPS": -0.03,
        "Diluted NI Availto Com Stockholders": -2976000.0,
        "Net Income Common Stockholders": -2976000.0,
        "Net Income": -2976000.0,
        "Minority Interests": -679000.0,
        "Net Income Including Noncontrolling Interests": -2297000.0,
        "Net Income Continuous Operations": -2297000.0,
        "Tax Provision": -2982000.0,
        "Pretax Income": -5279000.0,
        "Other Income Expense": -744000.0,
        "Other Non Operating Income Expenses": -744000.0,
        "Net Non Operating Interest Income Expense": -872000.0,
        "Interest Expense Non Operating": 1477000.0,
        "Interest Income Non Operating": 605000.0,
        "Operating Income": -3663000.0,
        "Operating Expense": 80570000.0,
        "Research And Development": 29981000.0,
        "Selling General And Administration": 50589000.0,
        "Selling And Marketing Expense": 28045000.0,
        "General And Administrative Expense": 22544000.0,
        "Other Gand A": 22544000.0,
        "Salaries And Wages": NaN,
        "Gross Profit": 76907000.0,
        "Cost Of Revenue": 51180000.0,
        "Total Revenue": 128087000.0,
        "Operating Revenue": 128087000.0
    },
    "2024-07-31": {
        "Tax Effect Of Unusual Items": 0.0,
        "Tax Rate For Calcs": 0.21,
        "Normalized EBITDA": 1494000.0,
        "Net Income From Continuing Operation Net Minority Interest": -11040000.0,
        "Reconciled Depreciation": 8929000.0,
        "Reconciled Cost Of Revenue": 53931000.0,
        "EBITDA": 1494000.0,
        "EBIT": -7435000.0,
        "Net Interest Income": -1514000.0,
        "Interest Expense": 1835000.0,
        "Interest Income": 321000.0,
        "Normalized Income": -11040000.0,
        "Net Income From Continuing And Discontinued Operation": -11040000.0,
        "Total Expenses": 140309000.0,
        "Total Operating Income As Reported": -7906000.0,
        "Diluted Average Shares": 115180130.0,
        "Basic Average Shares": 115180130.0,
        "Diluted EPS": -0.1,
        "Basic EPS": -0.1,
        "Diluted NI Availto Com Stockholders": -11040000.0,
        "Net Income Common Stockholders": -11040000.0,
        "Net Income": -11040000.0,
        "Minority Interests": -17000.0,
        "Net Income Including Noncontrolling Interests": -11023000.0,
        "Net Income Continuous Operations": -11023000.0,
        "Tax Provision": 1753000.0,
        "Pretax Income": -9270000.0,
        "Other Income Expense": 150000.0,
        "Other Non Operating Income Expenses": 150000.0,
        "Net Non Operating Interest Income Expense": -1514000.0,
        "Interest Expense Non Operating": 1835000.0,
        "Interest Income Non Operating": 321000.0,
        "Operating Income": -7906000.0,
        "Operating Expense": 86378000.0,
        "Research And Development": 34271000.0,
        "Selling General And Administration": 52107000.0,
        "Selling And Marketing Expense": 31713000.0,
        "General And Administrative Expense": 20394000.0,
        "Other Gand A": 20394000.0,
        "Salaries And Wages": NaN,
        "Gross Profit": 78472000.0,
        "Cost Of Revenue": 53931000.0,
        "Total Revenue": 132403000.0,
        "Operating Revenue": 132403000.0
    }
}