{
    "2023-06-30": {
        "Tax Effect Of Unusual Items": -5221230.0,
        "Tax Rate For Calcs": 0.21,
        "Normalized EBITDA": -4537000.0,
        "Total Unusual Items": -24863000.0,
        "Total Unusual Items Excluding Goodwill": -24863000.0,
        "Net Income From Continuing Operation Net Minority Interest": -32231000.0,
        "Reconciled Depreciation": 1115000.0,
        "Reconciled Cost Of Revenue": 18044000.0,
        "EBITDA": -29400000.0,
        "EBIT": -30515000.0,
        "Net Interest Income": -211000.0,
        "Interest Expense": 211000.0,
        "Normalized Income": -12589230.0,
        "Net Income From Continuing And Discontinued Operation": -32231000.0,
        "Total Expenses": 32521000.0,
        "Total Operating Income As Reported": -7130000.0,
        "Diluted Average Shares": 2476000.0,
        "Basic Average Shares": 2476000.0,
        "Diluted EPS": -13.02,
        "Basic EPS": -13.02,
        "Diluted NI Availto Com Stockholders": -32231000.0,
        "Net Income Common Stockholders": -32231000.0,
        "Net Income": -32231000.0,
        "Minority Interests": -155000.0,
        "Net Income Including Noncontrolling Interests": -32076000.0,
        "Net Income Continuous Operations": -32076000.0,
        "Tax Provision": 1350000.0,
        "Pretax Income": -30726000.0,
        "Other Income Expense": -23385000.0,
        "Other Non Operating Income Expenses": 1478000.0,
        "Special Income Charges": -24886000.0,
        "Other Special Charges": 24886000.0,
        "Gain On Sale Of Security": 23000.0,
        "Net Non Operating Interest Income Expense": -211000.0,
        "Interest Expense Non Operating": 211000.0,
        "Operating Income": -7130000.0,
        "Operating Expense": 14477000.0,
        "Selling General And Administration": 14477000.0,
        "Gross Profit": 7347000.0,
        "Cost Of Revenue": 18044000.0,
        "Total Revenue": 25391000.0,
        "Operating Revenue": 25391000.0
    },
    "2023-03-31": {
        "Tax Effect Of Unusual Items": -1187212.0,
        "Tax Rate For Calcs": 0.068,
        "Normalized EBITDA": 2682000.0,
        "Total Unusual Items": -17459000.0,
        "Total Unusual Items Excluding Goodwill": -17459000.0,
        "Net Income From Continuing Operation Net Minority Interest": -14969000.0,
        "Reconciled Depreciation": 1110000.0,
        "Reconciled Cost Of Revenue": 26123000.0,
        "EBITDA": -14777000.0,
        "EBIT": -15887000.0,
        "Net Interest Income": -209000.0,
        "Interest Expense": 209000.0,
        "Normalized Income": 1302788.0,
        "Net Income From Continuing And Discontinued Operation": -14969000.0,
        "Total Expenses": 42274000.0,
        "Total Operating Income As Reported": 1280000.0,
        "Diluted Average Shares": 2452000.0,
        "Basic Average Shares": 2452000.0,
        "Diluted EPS": -6.1,
        "Basic EPS": -6.1,
        "Diluted NI Availto Com Stockholders": -14969000.0,
        "Net Income Common Stockholders": -14969000.0,
        "Net Income": -14969000.0,
        "Minority Interests": 27000.0,
        "Net Income Including Noncontrolling Interests": -14996000.0,
        "Net Income Continuous Operations": -14996000.0,
        "Tax Provision": -1100000.0,
        "Pretax Income": -16096000.0,
        "Other Income Expense": -17167000.0,
        "Other Non Operating Income Expenses": 292000.0,
        "Special Income Charges": -17514000.0,
        "Other Special Charges": 17514000.0,
        "Gain On Sale Of Security": 55000.0,
        "Net Non Operating Interest Income Expense": -209000.0,
        "Interest Expense Non Operating": 209000.0,
        "Operating Income": 1280000.0,
        "Operating Expense": 16151000.0,
        "Selling General And Administration": 16151000.0,
        "Gross Profit": 17431000.0,
        "Cost Of Revenue": 26123000.0,
        "Total Revenue": 43554000.0,
        "Operating Revenue": 43554000.0
    },
    "2022-12-31": {
        "Tax Effect Of Unusual Items": 83230.015314,
        "Tax Rate For Calcs": 0.298315,
        "Normalized EBITDA": 4282000.0,
        "Total Unusual Items": 279000.0,
        "Total Unusual Items Excluding Goodwill": 279000.0,
        "Net Income From Continuing Operation Net Minority Interest": 1979000.0,
        "Reconciled Depreciation": 1075000.0,
        "Reconciled Cost Of Revenue": 25183000.0,
        "EBITDA": 4561000.0,
        "EBIT": 3486000.0,
        "Net Interest Income": -221000.0,
        "Interest Expense": 221000.0,
        "Normalized Income": 1783230.015314,
        "Net Income From Continuing And Discontinued Operation": 1979000.0,
        "Total Expenses": 38373000.0,
        "Total Operating Income As Reported": 1813000.0,
        "Diluted Average Shares": 2452000.0,
        "Basic Average Shares": 2439000.0,
        "Diluted EPS": 0.81,
        "Basic EPS": 0.81,
        "Diluted NI Availto Com Stockholders": 1979000.0,
        "Net Income Common Stockholders": 1979000.0,
        "Net Income": 1979000.0,
        "Minority Interests": -312000.0,
        "Net Income Including Noncontrolling Interests": 2291000.0,
        "Net Income Continuous Operations": 2291000.0,
        "Tax Provision": 974000.0,
        "Pretax Income": 3265000.0,
        "Other Income Expense": 1673000.0,
        "Other Non Operating Income Expenses": 1394000.0,
        "Special Income Charges": NaN,
        "Other Special Charges": NaN,
        "Gain On Sale Of Security": 279000.0,
        "Net Non Operating Interest Income Expense": -221000.0,
        "Interest Expense Non Operating": 221000.0,
        "Operating Income": 1813000.0,
        "Operating Expense": 13190000.0,
        "Selling General And Administration": 13190000.0,
        "Gross Profit": 15003000.0,
        "Cost Of Revenue": 25183000.0,
        "Total Revenue": 40186000.0,
        "Operating Revenue": 40186000.0
    },
    "2022-09-30": {
        "Tax Effect Of Unusual Items": -118230.0,
        "Tax Rate For Calcs": 0.21,
        "Normalized EBITDA": 5661000.0,
        "Total Unusual Items": -563000.0,
        "Total Unusual Items Excluding Goodwill": -563000.0,
        "Net Income From Continuing Operation Net Minority Interest": 3935000.0,
        "Reconciled Depreciation": 1050000.0,
        "Reconciled Cost Of Revenue": 29444000.0,
        "EBITDA": 5098000.0,
        "EBIT": 4048000.0,
        "Net Interest Income": -204000.0,
        "Interest Expense": 204000.0,
        "Normalized Income": 4379770.0,
        "Net Income From Continuing And Discontinued Operation": 3935000.0,
        "Total Expenses": 44823000.0,
        "Total Operating Income As Reported": 4047000.0,
        "Diluted Average Shares": 2488000.0,
        "Basic Average Shares": 2438000.0,
        "Diluted EPS": 1.58,
        "Basic EPS": 1.61,
        "Diluted NI Availto Com Stockholders": 3935000.0,
        "Net Income Common Stockholders": 3935000.0,
        "Net Income": 3935000.0,
        "Minority Interests": -29000.0,
        "Net Income Including Noncontrolling Interests": 3964000.0,
        "Net Income Continuous Operations": 3964000.0,
        "Tax Provision": -120000.0,
        "Pretax Income": 3844000.0,
        "Other Income Expense": 1000.0,
        "Other Non Operating Income Expenses": 564000.0,
        "Special Income Charges": NaN,
        "Other Special Charges": NaN,
        "Gain On Sale Of Security": -563000.0,
        "Net Non Operating Interest Income Expense": -204000.0,
        "Interest Expense Non Operating": 204000.0,
        "Operating Income": 4047000.0,
        "Operating Expense": 15379000.0,
        "Selling General And Administration": 15379000.0,
        "Gross Profit": 19426000.0,
        "Cost Of Revenue": 29444000.0,
        "Total Revenue": 48870000.0,
        "Operating Revenue": 48870000.0
    },
    "2022-06-30": {
        "Tax Effect Of Unusual Items": -20583.151535,
        "Tax Rate For Calcs": 0.080718,
        "Normalized EBITDA": -5297000.0,
        "Total Unusual Items": -255000.0,
        "Total Unusual Items Excluding Goodwill": -255000.0,
        "Net Income From Continuing Operation Net Minority Interest": -5481000.0,
        "Reconciled Depreciation": 1106000.0,
        "Reconciled Cost Of Revenue": 19629000.0,
        "EBITDA": -5552000.0,
        "EBIT": -5552000.0,
        "Net Interest Income": -407000.0,
        "Interest Expense": 407000.0,
        "Normalized Income": -5246583.151535,
        "Net Income From Continuing And Discontinued Operation": -5481000.0,
        "Total Expenses": 33374000.0,
        "Total Operating Income As Reported": -5910000.0,
        "Diluted Average Shares": 2438000.0,
        "Basic Average Shares": 2438000.0,
        "Diluted EPS": -2.25,
        "Basic EPS": -2.25,
        "Diluted NI Availto Com Stockholders": -5481000.0,
        "Net Income Common Stockholders": -5481000.0,
        "Net Income": -5481000.0,
        "Minority Interests": -3000.0,
        "Net Income Including Noncontrolling Interests": -5478000.0,
        "Net Income Continuous Operations": -5478000.0,
        "Tax Provision": -481000.0,
        "Pretax Income": -5959000.0,
        "Other Income Expense": 358000.0,
        "Other Non Operating Income Expenses": 613000.0,
        "Special Income Charges": NaN,
        "Other Special Charges": NaN,
        "Gain On Sale Of Security": -255000.0,
        "Net Non Operating Interest Income Expense": -407000.0,
        "Interest Expense Non Operating": 407000.0,
        "Operating Income": -5910000.0,
        "Operating Expense": 13745000.0,
        "Selling General And Administration": 13745000.0,
        "Gross Profit": 7835000.0,
        "Cost Of Revenue": 19629000.0,
        "Total Revenue": 27464000.0,
        "Operating Revenue": 27464000.0
    },
    "2022-03-31": {
        "Diluted EPS": -0.64,
        "Total Revenue": 39,
        "Gross Profit": 15,
        "Operating Income": -2,
        "EBIT": -1,
        "Net Income": -2
    },
    "2021-12-31": {
        "Diluted EPS": 0.72,
        "Total Revenue": 36,
        "Gross Profit": 16,
        "Operating Income": 1,
        "EBIT": 2,
        "Net Income": 2
    },
    "2021-09-30": {
        "Diluted EPS": 1.14,
        "Total Revenue": 32,
        "Gross Profit": 15,
        "Operating Income": 3,
        "EBIT": 4,
        "Net Income": 3
    },
    "2021-06-30": {
        "Diluted EPS": -2.41,
        "Total Revenue": 21,
        "Gross Profit": 8,
        "Operating Income": -5,
        "EBIT": -4,
        "Net Income": -6
    },
    "2021-03-31": {
        "Diluted EPS": -1.43,
        "Total Revenue": 29,
        "Gross Profit": 10,
        "Operating Income": -4,
        "EBIT": -2,
        "Net Income": -3
    },
    "2020-12-31": {
        "Diluted EPS": 3.73,
        "Total Revenue": 27,
        "Gross Profit": 12,
        "Operating Income": 0,
        "EBIT": 1,
        "Net Income": 9
    },
    "2020-09-30": {
        "Diluted EPS": -2.48,
        "Total Revenue": 16,
        "Gross Profit": 6,
        "Operating Income": -7,
        "EBIT": -6,
        "Net Income": -6
    },
    "2020-06-30": {
        "Diluted EPS": -3.7,
        "Total Revenue": 9,
        "Gross Profit": 2,
        "Operating Income": -14,
        "EBIT": -13,
        "Net Income": -9
    },
    "2020-03-31": {
        "Diluted EPS": -21.92,
        "Total Revenue": 55,
        "Gross Profit": 24,
        "Operating Income": -50,
        "EBIT": -47,
        "Net Income": -52
    },
    "2019-12-31": {
        "Diluted EPS": -0.88,
        "Total Revenue": 52,
        "Gross Profit": 26,
        "Operating Income": 1,
        "EBIT": 4,
        "Net Income": -2
    },
    "2019-09-30": {
        "Diluted EPS": 1.6,
        "Total Revenue": 61,
        "Gross Profit": 29,
        "Operating Income": 6,
        "EBIT": 8,
        "Net Income": 4
    },
    "2019-06-30": {
        "Diluted EPS": -9.6,
        "Total Revenue": 40,
        "Gross Profit": 17,
        "Operating Income": -17,
        "EBIT": -14,
        "Net Income": -22
    },
    "2019-03-31": {
        "Diluted EPS": -5.2,
        "Total Revenue": 53,
        "Gross Profit": 26,
        "Operating Income": 0,
        "EBIT": 3,
        "Net Income": -12
    },
    "2018-12-31": {
        "Diluted EPS": -90.4,
        "Total Revenue": 50,
        "Gross Profit": 24,
        "Operating Income": -228,
        "EBIT": -224,
        "Net Income": -203
    },
    "2018-09-30": {
        "Diluted EPS": 2.6,
        "Total Revenue": 63,
        "Gross Profit": 34,
        "Operating Income": 12,
        "EBIT": 16,
        "Net Income": 6
    },
    "2018-06-30": {
        "Diluted EPS": -1.8,
        "Total Revenue": 43,
        "Gross Profit": 23,
        "Operating Income": -3,
        "EBIT": 1,
        "Net Income": -4
    },
    "2018-03-31": {
        "Diluted EPS": 4.6,
        "Total Revenue": 71,
        "Gross Profit": 37,
        "Operating Income": 13,
        "EBIT": 18,
        "Net Income": 11
    },
    "2017-12-31": {
        "Diluted EPS": -1.8,
        "Total Revenue": 50,
        "Gross Profit": 26,
        "Operating Income": -5,
        "EBIT": 3,
        "Net Income": -3
    },
    "2017-09-30": {
        "Diluted EPS": 1.4,
        "Total Revenue": 56,
        "Gross Profit": 30,
        "Operating Income": 5,
        "EBIT": 13,
        "Net Income": 3
    },
    "2017-06-30": {
        "Diluted EPS": -2.2,
        "Total Revenue": 37,
        "Gross Profit": 18,
        "Operating Income": -6,
        "EBIT": 1,
        "Net Income": -4
    },
    "2017-03-31": {
        "Diluted EPS": 3.6,
        "Total Revenue": 59,
        "Gross Profit": 29,
        "Operating Income": 10,
        "EBIT": 17,
        "Net Income": 7
    },
    "2016-12-31": {
        "Diluted EPS": -0.6,
        "Total Revenue": 35,
        "Gross Profit": 15,
        "Operating Income": -3,
        "EBIT": 4,
        "Net Income": -1
    },
    "2016-09-30": {
        "Diluted EPS": -0.2,
        "Total Revenue": 29,
        "Gross Profit": 14,
        "Operating Income": -1,
        "EBIT": 6,
        "Net Income": 0
    },
    "2016-06-30": {
        "Diluted EPS": -5.0,
        "Total Revenue": 11,
        "Gross Profit": 5,
        "Operating Income": -10,
        "EBIT": -3,
        "Net Income": -9
    },
    "2016-03-31": {
        "Diluted EPS": -4.8,
        "Total Revenue": 23,
        "Gross Profit": 10,
        "Operating Income": -4,
        "EBIT": 2,
        "Net Income": -8
    },
    "2015-12-31": {
        "Diluted EPS": 0.0,
        "Total Revenue": NaN,
        "Gross Profit": NaN,
        "Operating Income": NaN,
        "EBIT": NaN,
        "Net Income": NaN
    },
    "2023-09-30": {
        "Tax Effect Of Unusual Items": -53550.0,
        "Tax Rate For Calcs": 0.21,
        "Normalized EBITDA": 5026000.0,
        "Total Unusual Items": -255000.0,
        "Total Unusual Items Excluding Goodwill": -255000.0,
        "Net Income From Continuing Operation Net Minority Interest": 4408000.0,
        "Reconciled Depreciation": 1169000.0,
        "Reconciled Cost Of Revenue": 23736000.0,
        "EBITDA": 4771000.0,
        "EBIT": 3602000.0,
        "Net Interest Income": -27000.0,
        "Interest Expense": 27000.0,
        "Normalized Income": 4609450.0,
        "Net Income From Continuing And Discontinued Operation": 4408000.0,
        "Total Expenses": 36405000.0,
        "Total Operating Income As Reported": 1874000.0,
        "Diluted Average Shares": 2489000.0,
        "Basic Average Shares": 2479000.0,
        "Diluted EPS": 1.77,
        "Basic EPS": 1.78,
        "Diluted NI Availto Com Stockholders": 4408000.0,
        "Net Income Common Stockholders": 4408000.0,
        "Net Income": 4408000.0,
        "Minority Interests": 296000.0,
        "Net Income Including Noncontrolling Interests": 4112000.0,
        "Net Income Continuous Operations": 4112000.0,
        "Tax Provision": -537000.0,
        "Pretax Income": 3575000.0,
        "Other Income Expense": 1728000.0,
        "Other Non Operating Income Expenses": 1983000.0,
        "Special Income Charges": -98000.0,
        "Other Special Charges": 98000.0,
        "Gain On Sale Of Security": -157000.0,
        "Net Non Operating Interest Income Expense": -27000.0,
        "Interest Expense Non Operating": 27000.0,
        "Operating Income": 1874000.0,
        "Operating Expense": 12669000.0,
        "Selling General And Administration": 12669000.0,
        "Gross Profit": 14543000.0,
        "Cost Of Revenue": 23736000.0,
        "Total Revenue": 38279000.0,
        "Operating Revenue": 38279000.0
    },
    "2023-12-31": {
        "Tax Effect Of Unusual Items": 56837.284483,
        "Tax Rate For Calcs": 0.001378,
        "Normalized EBITDA": 28000.0,
        "Total Unusual Items": 41237000.0,
        "Total Unusual Items Excluding Goodwill": 41237000.0,
        "Net Income From Continuing Operation Net Minority Interest": 39639000.0,
        "Reconciled Depreciation": 1222000.0,
        "Reconciled Cost Of Revenue": 23581000.0,
        "EBITDA": 41265000.0,
        "EBIT": 40043000.0,
        "Net Interest Income": -139000.0,
        "Interest Expense": 139000.0,
        "Normalized Income": -1541162.715517,
        "Net Income From Continuing And Discontinued Operation": 39639000.0,
        "Total Expenses": 36802000.0,
        "Total Operating Income As Reported": -1555000.0,
        "Diluted Average Shares": 2509000.0,
        "Basic Average Shares": 2484000.0,
        "Diluted EPS": 15.8,
        "Basic EPS": 15.96,
        "Diluted NI Availto Com Stockholders": 39639000.0,
        "Net Income Common Stockholders": 39639000.0,
        "Net Income": 39639000.0,
        "Minority Interests": -210000.0,
        "Net Income Including Noncontrolling Interests": 39849000.0,
        "Net Income Continuous Operations": 39849000.0,
        "Tax Provision": 55000.0,
        "Pretax Income": 39904000.0,
        "Other Income Expense": 41598000.0,
        "Other Non Operating Income Expenses": 361000.0,
        "Special Income Charges": 40696000.0,
        "Other Special Charges": -40696000.0,
        "Gain On Sale Of Security": 541000.0,
        "Net Non Operating Interest Income Expense": -139000.0,
        "Interest Expense Non Operating": 139000.0,
        "Operating Income": -1555000.0,
        "Operating Expense": 13221000.0,
        "Selling General And Administration": 13221000.0,
        "Gross Profit": 11666000.0,
        "Cost Of Revenue": 23581000.0,
        "Total Revenue": 35247000.0,
        "Operating Revenue": 35247000.0
    },
    "2024-03-31": {
        "Tax Effect Of Unusual Items": -79680.0,
        "Tax Rate For Calcs": 0.16,
        "Normalized EBITDA": 4878000.0,
        "Total Unusual Items": -498000.0,
        "Total Unusual Items Excluding Goodwill": -498000.0,
        "Net Income From Continuing Operation Net Minority Interest": 2070000.0,
        "Reconciled Depreciation": 1240000.0,
        "Reconciled Cost Of Revenue": 27527000.0,
        "EBITDA": 4380000.0,
        "EBIT": 3140000.0,
        "Net Interest Income": -100000.0,
        "Interest Expense": 100000.0,
        "Normalized Income": 2488320.0,
        "Net Income From Continuing And Discontinued Operation": 2070000.0,
        "Total Expenses": 41357000.0,
        "Total Operating Income As Reported": 2501000.0,
        "Diluted Average Shares": 2539000.0,
        "Basic Average Shares": 2508000.0,
        "Diluted EPS": 0.82,
        "Basic EPS": 0.83,
        "Diluted NI Availto Com Stockholders": 2070000.0,
        "Net Income Common Stockholders": 2070000.0,
        "Net Income": 2070000.0,
        "Minority Interests": -483000.0,
        "Net Income Including Noncontrolling Interests": 2553000.0,
        "Net Income Continuous Operations": 2553000.0,
        "Tax Provision": 487000.0,
        "Pretax Income": 3040000.0,
        "Other Income Expense": 639000.0,
        "Other Non Operating Income Expenses": 1137000.0,
        "Special Income Charges": 0.0,
        "Other Special Charges": NaN,
        "Gain On Sale Of Security": -498000.0,
        "Net Non Operating Interest Income Expense": -100000.0,
        "Interest Expense Non Operating": 100000.0,
        "Operating Income": 2501000.0,
        "Operating Expense": 13830000.0,
        "Selling General And Administration": 13830000.0,
        "Gross Profit": 16331000.0,
        "Cost Of Revenue": 27527000.0,
        "Total Revenue": 43858000.0,
        "Operating Revenue": 43858000.0
    }
}