{
    "2023-03-31": {
        "Tax Effect Of Unusual Items": NaN,
        "Tax Rate For Calcs": NaN,
        "Normalized EBITDA": NaN,
        "Total Unusual Items": NaN,
        "Total Unusual Items Excluding Goodwill": NaN,
        "Net Income From Continuing Operation Net Minority Interest": NaN,
        "Reconciled Depreciation": NaN,
        "Reconciled Cost Of Revenue": NaN,
        "EBITDA": NaN,
        "EBIT": NaN,
        "Net Interest Income": NaN,
        "Interest Expense": NaN,
        "Normalized Income": NaN,
        "Net Income From Continuing And Discontinued Operation": NaN,
        "Total Expenses": NaN,
        "Rent Expense Supplemental": NaN,
        "Total Operating Income As Reported": NaN,
        "Diluted Average Shares": NaN,
        "Basic Average Shares": NaN,
        "Diluted EPS": NaN,
        "Basic EPS": NaN,
        "Diluted NI Availto Com Stockholders": NaN,
        "Net Income Common Stockholders": NaN,
        "Net Income": NaN,
        "Net Income Including Noncontrolling Interests": NaN,
        "Net Income Continuous Operations": NaN,
        "Tax Provision": NaN,
        "Pretax Income": NaN,
        "Other Income Expense": NaN,
        "Special Income Charges": NaN,
        "Gain On Sale Of Ppe": NaN,
        "Other Special Charges": NaN,
        "Impairment Of Capital Assets": NaN,
        "Restructuring And Mergern Acquisition": NaN,
        "Net Non Operating Interest Income Expense": NaN,
        "Interest Expense Non Operating": NaN,
        "Operating Income": NaN,
        "Operating Expense": NaN,
        "Other Operating Expenses": 492000.0,
        "Depreciation Amortization Depletion Income Statement": NaN,
        "Depreciation And Amortization In Income Statement": NaN,
        "Selling General And Administration": NaN,
        "General And Administrative Expense": NaN,
        "Other Gand A": NaN,
        "Gross Profit": NaN,
        "Cost Of Revenue": NaN,
        "Total Revenue": NaN,
        "Operating Revenue": NaN
    },
    "2022-12-31": {
        "Tax Effect Of Unusual Items": NaN,
        "Tax Rate For Calcs": NaN,
        "Normalized EBITDA": NaN,
        "Total Unusual Items": NaN,
        "Total Unusual Items Excluding Goodwill": NaN,
        "Net Income From Continuing Operation Net Minority Interest": NaN,
        "Reconciled Depreciation": NaN,
        "Reconciled Cost Of Revenue": NaN,
        "EBITDA": NaN,
        "EBIT": NaN,
        "Net Interest Income": NaN,
        "Interest Expense": NaN,
        "Normalized Income": NaN,
        "Net Income From Continuing And Discontinued Operation": NaN,
        "Total Expenses": NaN,
        "Rent Expense Supplemental": NaN,
        "Total Operating Income As Reported": NaN,
        "Diluted Average Shares": NaN,
        "Basic Average Shares": NaN,
        "Diluted EPS": NaN,
        "Basic EPS": NaN,
        "Diluted NI Availto Com Stockholders": NaN,
        "Net Income Common Stockholders": NaN,
        "Net Income": NaN,
        "Net Income Including Noncontrolling Interests": NaN,
        "Net Income Continuous Operations": NaN,
        "Tax Provision": NaN,
        "Pretax Income": NaN,
        "Other Income Expense": NaN,
        "Special Income Charges": NaN,
        "Gain On Sale Of Ppe": NaN,
        "Other Special Charges": NaN,
        "Impairment Of Capital Assets": NaN,
        "Restructuring And Mergern Acquisition": NaN,
        "Net Non Operating Interest Income Expense": NaN,
        "Interest Expense Non Operating": NaN,
        "Operating Income": NaN,
        "Operating Expense": NaN,
        "Other Operating Expenses": 564000.0,
        "Depreciation Amortization Depletion Income Statement": NaN,
        "Depreciation And Amortization In Income Statement": NaN,
        "Selling General And Administration": NaN,
        "General And Administrative Expense": NaN,
        "Other Gand A": NaN,
        "Gross Profit": NaN,
        "Cost Of Revenue": NaN,
        "Total Revenue": NaN,
        "Operating Revenue": NaN
    },
    "2022-09-30": {
        "Tax Effect Of Unusual Items": NaN,
        "Tax Rate For Calcs": NaN,
        "Normalized EBITDA": NaN,
        "Total Unusual Items": NaN,
        "Total Unusual Items Excluding Goodwill": NaN,
        "Net Income From Continuing Operation Net Minority Interest": NaN,
        "Reconciled Depreciation": NaN,
        "Reconciled Cost Of Revenue": NaN,
        "EBITDA": NaN,
        "EBIT": NaN,
        "Net Interest Income": NaN,
        "Interest Expense": NaN,
        "Normalized Income": NaN,
        "Net Income From Continuing And Discontinued Operation": NaN,
        "Total Expenses": NaN,
        "Rent Expense Supplemental": NaN,
        "Total Operating Income As Reported": NaN,
        "Diluted Average Shares": NaN,
        "Basic Average Shares": NaN,
        "Diluted EPS": NaN,
        "Basic EPS": NaN,
        "Diluted NI Availto Com Stockholders": NaN,
        "Net Income Common Stockholders": NaN,
        "Net Income": NaN,
        "Net Income Including Noncontrolling Interests": NaN,
        "Net Income Continuous Operations": NaN,
        "Tax Provision": NaN,
        "Pretax Income": NaN,
        "Other Income Expense": NaN,
        "Special Income Charges": NaN,
        "Gain On Sale Of Ppe": NaN,
        "Other Special Charges": 337000.0,
        "Impairment Of Capital Assets": NaN,
        "Restructuring And Mergern Acquisition": NaN,
        "Net Non Operating Interest Income Expense": NaN,
        "Interest Expense Non Operating": NaN,
        "Operating Income": NaN,
        "Operating Expense": NaN,
        "Other Operating Expenses": 337000.0,
        "Depreciation Amortization Depletion Income Statement": NaN,
        "Depreciation And Amortization In Income Statement": NaN,
        "Selling General And Administration": NaN,
        "General And Administrative Expense": NaN,
        "Other Gand A": NaN,
        "Gross Profit": NaN,
        "Cost Of Revenue": NaN,
        "Total Revenue": NaN,
        "Operating Revenue": NaN
    },
    "2022-06-30": {
        "Tax Effect Of Unusual Items": -63072.0,
        "Tax Rate For Calcs": 0.032,
        "Normalized EBITDA": 9612000.0,
        "Total Unusual Items": -1971000.0,
        "Total Unusual Items Excluding Goodwill": -1971000.0,
        "Net Income From Continuing Operation Net Minority Interest": 1345000.0,
        "Reconciled Depreciation": 5763000.0,
        "Reconciled Cost Of Revenue": 108358000.0,
        "EBITDA": 7641000.0,
        "EBIT": 1878000.0,
        "Net Interest Income": -489000.0,
        "Interest Expense": 489000.0,
        "Normalized Income": 3252928.0,
        "Net Income From Continuing And Discontinued Operation": 1345000.0,
        "Total Expenses": 127218000.0,
        "Rent Expense Supplemental": 11074000.0,
        "Total Operating Income As Reported": 1878000.0,
        "Diluted Average Shares": 46108720.0,
        "Basic Average Shares": 45881354.0,
        "Diluted EPS": 0.03,
        "Basic EPS": 0.03,
        "Diluted NI Availto Com Stockholders": 1345000.0,
        "Net Income Common Stockholders": 1345000.0,
        "Net Income": 1345000.0,
        "Net Income Including Noncontrolling Interests": 1345000.0,
        "Net Income Continuous Operations": 1345000.0,
        "Tax Provision": 44000.0,
        "Pretax Income": 1389000.0,
        "Other Income Expense": -1971000.0,
        "Special Income Charges": -1971000.0,
        "Gain On Sale Of Ppe": -838000.0,
        "Impairment Of Capital Assets": 668000.0,
        "Restructuring And Mergern Acquisition": 465000.0,
        "Net Non Operating Interest Income Expense": -489000.0,
        "Interest Expense Non Operating": 489000.0,
        "Operating Income": 3849000.0,
        "Operating Expense": 18860000.0,
        "Other Operating Expenses": 353000.0,
        "Depreciation Amortization Depletion Income Statement": 5763000.0,
        "Depreciation And Amortization In Income Statement": 5763000.0,
        "Selling General And Administration": 13097000.0,
        "General And Administrative Expense": 13097000.0,
        "Other Gand A": 13097000.0,
        "Gross Profit": 22709000.0,
        "Cost Of Revenue": 108358000.0,
        "Total Revenue": 131067000.0,
        "Operating Revenue": 131067000.0
    },
    "2022-03-31": {
        "Diluted EPS": -0.14,
        "Total Revenue": 113,
        "Gross Profit": 82,
        "Operating Income": -6,
        "EBIT": 0,
        "Net Income": -6
    },
    "2021-12-31": {
        "Diluted EPS": -0.1,
        "Total Revenue": 115,
        "Gross Profit": 86,
        "Operating Income": -4,
        "EBIT": 1,
        "Net Income": -5
    },
    "2021-09-30": {
        "Diluted EPS": 0.1,
        "Total Revenue": 125,
        "Gross Profit": 94,
        "Operating Income": 5,
        "EBIT": 11,
        "Net Income": 5
    },
    "2021-06-30": {
        "Diluted EPS": 0.12,
        "Total Revenue": 126,
        "Gross Profit": 95,
        "Operating Income": 6,
        "EBIT": 12,
        "Net Income": 6
    },
    "2021-03-31": {
        "Diluted EPS": -0.04,
        "Total Revenue": 110,
        "Gross Profit": 83,
        "Operating Income": -1,
        "EBIT": 4,
        "Net Income": -2
    },
    "2020-12-31": {
        "Diluted EPS": -0.1,
        "Total Revenue": 107,
        "Gross Profit": 81,
        "Operating Income": -3,
        "EBIT": 2,
        "Net Income": -4
    },
    "2020-09-30": {
        "Diluted EPS": -0.0,
        "Total Revenue": 106,
        "Gross Profit": 80,
        "Operating Income": 1,
        "EBIT": 6,
        "Net Income": 0
    },
    "2020-06-30": {
        "Diluted EPS": -0.3,
        "Total Revenue": 80,
        "Gross Profit": 60,
        "Operating Income": -13,
        "EBIT": -7,
        "Net Income": -13
    },
    "2020-03-31": {
        "Diluted EPS": -0.13,
        "Total Revenue": 100,
        "Gross Profit": 75,
        "Operating Income": -5,
        "EBIT": 1,
        "Net Income": -6
    },
    "2019-12-31": {
        "Diluted EPS": -0.02,
        "Total Revenue": 114,
        "Gross Profit": 86,
        "Operating Income": 0,
        "EBIT": 6,
        "Net Income": -1
    },
    "2019-09-30": {
        "Diluted EPS": 0.09,
        "Total Revenue": 118,
        "Gross Profit": 89,
        "Operating Income": 5,
        "EBIT": 11,
        "Net Income": 4
    },
    "2019-06-30": {
        "Diluted EPS": 0.01,
        "Total Revenue": 120,
        "Gross Profit": 90,
        "Operating Income": 1,
        "EBIT": 7,
        "Net Income": 0
    },
    "2019-03-31": {
        "Diluted EPS": -0.04,
        "Total Revenue": 110,
        "Gross Profit": 81,
        "Operating Income": -1,
        "EBIT": 5,
        "Net Income": -2
    },
    "2018-12-31": {
        "Diluted EPS": 0.01,
        "Total Revenue": 113,
        "Gross Profit": 83,
        "Operating Income": 1,
        "EBIT": 7,
        "Net Income": 0
    },
    "2018-09-30": {
        "Diluted EPS": 0.02,
        "Total Revenue": 117,
        "Gross Profit": 86,
        "Operating Income": 2,
        "EBIT": 8,
        "Net Income": 1
    },
    "2018-06-30": {
        "Diluted EPS": -0.14,
        "Total Revenue": 117,
        "Gross Profit": 86,
        "Operating Income": -4,
        "EBIT": 2,
        "Net Income": -6
    },
    "2018-03-31": {
        "Diluted EPS": -0.09,
        "Total Revenue": 111,
        "Gross Profit": 81,
        "Operating Income": -3,
        "EBIT": 3,
        "Net Income": -4
    },
    "2017-12-31": {
        "Diluted EPS": 0.21,
        "Total Revenue": 113,
        "Gross Profit": 83,
        "Operating Income": 0,
        "EBIT": 6,
        "Net Income": 0
    },
    "2017-09-30": {
        "Diluted EPS": -0.2,
        "Total Revenue": 114,
        "Gross Profit": 84,
        "Operating Income": -7,
        "EBIT": -1,
        "Net Income": -8
    },
    "2017-06-30": {
        "Diluted EPS": -0.22,
        "Total Revenue": 113,
        "Gross Profit": 83,
        "Operating Income": -1,
        "EBIT": 6,
        "Net Income": -9
    },
    "2017-03-31": {
        "Diluted EPS": -0.99,
        "Total Revenue": 117,
        "Gross Profit": 85,
        "Operating Income": -26,
        "EBIT": -19,
        "Net Income": -28
    },
    "2016-12-31": {
        "Diluted EPS": -1.63,
        "Total Revenue": 129,
        "Gross Profit": 94,
        "Operating Income": -44,
        "EBIT": -37,
        "Net Income": -45
    },
    "2016-09-30": {
        "Diluted EPS": -0.35,
        "Total Revenue": 123,
        "Gross Profit": 90,
        "Operating Income": -9,
        "EBIT": -2,
        "Net Income": -10
    },
    "2016-06-30": {
        "Diluted EPS": -0.51,
        "Total Revenue": 121,
        "Gross Profit": 89,
        "Operating Income": -11,
        "EBIT": -4,
        "Net Income": -14
    },
    "2016-03-31": {
        "Diluted EPS": -0.09,
        "Total Revenue": 114,
        "Gross Profit": 84,
        "Operating Income": -3,
        "EBIT": 4,
        "Net Income": -2
    },
    "2015-12-31": {
        "Diluted EPS": -0.14,
        "Total Revenue": 117,
        "Gross Profit": 85,
        "Operating Income": -6,
        "EBIT": 0,
        "Net Income": -4
    },
    "2015-09-30": {
        "Diluted EPS": -0.35,
        "Total Revenue": 117,
        "Gross Profit": 86,
        "Operating Income": -15,
        "EBIT": -8,
        "Net Income": -10
    },
    "2015-06-30": {
        "Diluted EPS": 0.1,
        "Total Revenue": 115,
        "Gross Profit": 85,
        "Operating Income": 5,
        "EBIT": 12,
        "Net Income": 3
    },
    "2015-03-31": {
        "Diluted EPS": -0.09,
        "Total Revenue": 106,
        "Gross Profit": 78,
        "Operating Income": -4,
        "EBIT": 3,
        "Net Income": -3
    },
    "2014-12-31": {
        "Diluted EPS": 0.11,
        "Total Revenue": 109,
        "Gross Profit": 80,
        "Operating Income": 5,
        "EBIT": 12,
        "Net Income": 4
    },
    "2014-09-30": {
        "Diluted EPS": 0.1,
        "Total Revenue": 106,
        "Gross Profit": 78,
        "Operating Income": 5,
        "EBIT": 12,
        "Net Income": 3
    },
    "2014-06-30": {
        "Diluted EPS": 0.11,
        "Total Revenue": 99,
        "Gross Profit": 73,
        "Operating Income": 6,
        "EBIT": 12,
        "Net Income": 4
    },
    "2014-03-31": {
        "Diluted EPS": 0.05,
        "Total Revenue": 90,
        "Gross Profit": 66,
        "Operating Income": 2,
        "EBIT": 8,
        "Net Income": 1
    },
    "2013-12-31": {
        "Diluted EPS": 0.09,
        "Total Revenue": 91,
        "Gross Profit": 67,
        "Operating Income": 5,
        "EBIT": 11,
        "Net Income": 2
    },
    "2013-09-30": {
        "Diluted EPS": 0.11,
        "Total Revenue": 89,
        "Gross Profit": 66,
        "Operating Income": 6,
        "EBIT": 11,
        "Net Income": 3
    },
    "2013-06-30": {
        "Diluted EPS": 0.0,
        "Total Revenue": 89,
        "Gross Profit": 66,
        "Operating Income": 1,
        "EBIT": 6,
        "Net Income": 0
    },
    "2013-03-31": {
        "Diluted EPS": 0.04,
        "Total Revenue": 81,
        "Gross Profit": 60,
        "Operating Income": 3,
        "EBIT": 7,
        "Net Income": 1
    },
    "2012-12-31": {
        "Diluted EPS": 0.07,
        "Total Revenue": 78,
        "Gross Profit": 78,
        "Operating Income": 78,
        "EBIT": 83,
        "Net Income": 2
    },
    "2012-09-30": {
        "Diluted EPS": 0.01,
        "Total Revenue": 77,
        "Gross Profit": 57,
        "Operating Income": 4,
        "EBIT": 11,
        "Net Income": 0
    },
    "2012-06-30": {
        "Diluted EPS": 0.09,
        "Total Revenue": 75,
        "Gross Profit": 56,
        "Operating Income": 5,
        "EBIT": 5,
        "Net Income": 2
    },
    "2012-03-31": {
        "Diluted EPS": 0.06,
        "Total Revenue": 70,
        "Gross Profit": 70,
        "Operating Income": 70,
        "EBIT": 70,
        "Net Income": 1
    },
    "2011-12-31": {
        "Diluted EPS": 0.0,
        "Total Revenue": NaN,
        "Gross Profit": NaN,
        "Operating Income": NaN,
        "EBIT": NaN,
        "Net Income": NaN
    },
    "2023-06-30": {
        "Tax Effect Of Unusual Items": NaN,
        "Tax Rate For Calcs": NaN,
        "Normalized EBITDA": NaN,
        "Total Unusual Items": NaN,
        "Total Unusual Items Excluding Goodwill": NaN,
        "Net Income From Continuing Operation Net Minority Interest": NaN,
        "Reconciled Depreciation": NaN,
        "Reconciled Cost Of Revenue": NaN,
        "EBITDA": NaN,
        "EBIT": NaN,
        "Net Interest Income": NaN,
        "Interest Expense": NaN,
        "Normalized Income": NaN,
        "Net Income From Continuing And Discontinued Operation": NaN,
        "Total Expenses": NaN,
        "Rent Expense Supplemental": NaN,
        "Total Operating Income As Reported": NaN,
        "Diluted Average Shares": NaN,
        "Basic Average Shares": NaN,
        "Diluted EPS": NaN,
        "Basic EPS": NaN,
        "Diluted NI Availto Com Stockholders": NaN,
        "Net Income Common Stockholders": NaN,
        "Net Income": NaN,
        "Net Income Including Noncontrolling Interests": NaN,
        "Net Income Continuous Operations": NaN,
        "Tax Provision": NaN,
        "Pretax Income": NaN,
        "Other Income Expense": NaN,
        "Special Income Charges": NaN,
        "Gain On Sale Of Ppe": NaN,
        "Other Special Charges": 609000.0,
        "Impairment Of Capital Assets": NaN,
        "Restructuring And Mergern Acquisition": NaN,
        "Net Non Operating Interest Income Expense": NaN,
        "Interest Expense Non Operating": NaN,
        "Operating Income": NaN,
        "Operating Expense": NaN,
        "Other Operating Expenses": 609000.0,
        "Depreciation Amortization Depletion Income Statement": NaN,
        "Depreciation And Amortization In Income Statement": NaN,
        "Selling General And Administration": NaN,
        "General And Administrative Expense": NaN,
        "Other Gand A": NaN,
        "Gross Profit": NaN,
        "Cost Of Revenue": NaN,
        "Total Revenue": NaN,
        "Operating Revenue": NaN
    },
    "2023-09-30": {
        "Tax Effect Of Unusual Items": -468300.0,
        "Tax Rate For Calcs": 0.175,
        "Normalized EBITDA": 11336000.0,
        "Total Unusual Items": -2676000.0,
        "Total Unusual Items Excluding Goodwill": -2676000.0,
        "Net Income From Continuing Operation Net Minority Interest": 700000.0,
        "Reconciled Depreciation": 6626000.0,
        "Reconciled Cost Of Revenue": 104654000.0,
        "EBITDA": 8660000.0,
        "EBIT": 2034000.0,
        "Net Interest Income": -1186000.0,
        "Interest Expense": 1186000.0,
        "Normalized Income": 2907700.0,
        "Net Income From Continuing And Discontinued Operation": 700000.0,
        "Total Expenses": 123144000.0,
        "Rent Expense Supplemental": 11500000.0,
        "Total Operating Income As Reported": 2034000.0,
        "Diluted Average Shares": 46008651.0,
        "Basic Average Shares": 45935305.0,
        "Diluted EPS": 0.02,
        "Basic EPS": 0.02,
        "Diluted NI Availto Com Stockholders": 700000.0,
        "Net Income Common Stockholders": 700000.0,
        "Net Income": 700000.0,
        "Net Income Including Noncontrolling Interests": 700000.0,
        "Net Income Continuous Operations": 700000.0,
        "Tax Provision": 148000.0,
        "Pretax Income": 848000.0,
        "Other Income Expense": -2676000.0,
        "Special Income Charges": -2676000.0,
        "Gain On Sale Of Ppe": -1215000.0,
        "Other Special Charges": 541000.0,
        "Impairment Of Capital Assets": 731000.0,
        "Restructuring And Mergern Acquisition": 189000.0,
        "Net Non Operating Interest Income Expense": -1186000.0,
        "Interest Expense Non Operating": 1186000.0,
        "Operating Income": 4710000.0,
        "Operating Expense": 18490000.0,
        "Other Operating Expenses": NaN,
        "Depreciation Amortization Depletion Income Statement": 6626000.0,
        "Depreciation And Amortization In Income Statement": 6626000.0,
        "Selling General And Administration": 11864000.0,
        "General And Administrative Expense": 11864000.0,
        "Other Gand A": 11864000.0,
        "Gross Profit": 23200000.0,
        "Cost Of Revenue": 104654000.0,
        "Total Revenue": 127854000.0,
        "Operating Revenue": 127854000.0
    },
    "2023-12-31": {
        "Tax Effect Of Unusual Items": -4927.736278,
        "Tax Rate For Calcs": 0.00341,
        "Normalized EBITDA": 4368000.0,
        "Total Unusual Items": -1445000.0,
        "Total Unusual Items Excluding Goodwill": -1445000.0,
        "Net Income From Continuing Operation Net Minority Interest": -6137000.0,
        "Reconciled Depreciation": 7479000.0,
        "Reconciled Cost Of Revenue": 103872000.0,
        "EBITDA": 2923000.0,
        "EBIT": -4556000.0,
        "Net Interest Income": -1602000.0,
        "Interest Expense": 1602000.0,
        "Normalized Income": -4696927.736278,
        "Net Income From Continuing And Discontinued Operation": -6137000.0,
        "Total Expenses": 127431000.0,
        "Rent Expense Supplemental": 11574000.0,
        "Total Operating Income As Reported": -4556000.0,
        "Diluted Average Shares": 44955913.0,
        "Basic Average Shares": 44955913.0,
        "Diluted EPS": -0.14,
        "Basic EPS": -0.14,
        "Diluted NI Availto Com Stockholders": -6137000.0,
        "Net Income Common Stockholders": -6137000.0,
        "Net Income": -6137000.0,
        "Net Income Including Noncontrolling Interests": -6137000.0,
        "Net Income Continuous Operations": -6137000.0,
        "Tax Provision": -21000.0,
        "Pretax Income": -6158000.0,
        "Other Income Expense": -1445000.0,
        "Special Income Charges": -1445000.0,
        "Gain On Sale Of Ppe": -1138000.0,
        "Other Special Charges": NaN,
        "Impairment Of Capital Assets": 1747000.0,
        "Restructuring And Mergern Acquisition": 202000.0,
        "Net Non Operating Interest Income Expense": -1602000.0,
        "Interest Expense Non Operating": 1602000.0,
        "Operating Income": -3111000.0,
        "Operating Expense": 23559000.0,
        "Other Operating Expenses": NaN,
        "Depreciation Amortization Depletion Income Statement": 7479000.0,
        "Depreciation And Amortization In Income Statement": 7479000.0,
        "Selling General And Administration": 13865000.0,
        "General And Administrative Expense": 13865000.0,
        "Other Gand A": 13865000.0,
        "Gross Profit": 20448000.0,
        "Cost Of Revenue": 103872000.0,
        "Total Revenue": 124320000.0,
        "Operating Revenue": 124320000.0
    },
    "2024-03-31": {
        "Tax Effect Of Unusual Items": -258090.0,
        "Tax Rate For Calcs": 0.21,
        "Normalized EBITDA": 4503000.0,
        "Total Unusual Items": -1229000.0,
        "Total Unusual Items Excluding Goodwill": -1229000.0,
        "Net Income From Continuing Operation Net Minority Interest": -6140000.0,
        "Reconciled Depreciation": 7370000.0,
        "Reconciled Cost Of Revenue": 103411000.0,
        "EBITDA": 3274000.0,
        "EBIT": -4096000.0,
        "Net Interest Income": -1979000.0,
        "Interest Expense": 1979000.0,
        "Normalized Income": -5169090.0,
        "Net Income From Continuing And Discontinued Operation": -6140000.0,
        "Total Expenses": 124262000.0,
        "Rent Expense Supplemental": 11829000.0,
        "Total Operating Income As Reported": -4096000.0,
        "Diluted Average Shares": 45079355.0,
        "Basic Average Shares": 45079355.0,
        "Diluted EPS": -0.14,
        "Basic EPS": -0.14,
        "Diluted NI Availto Com Stockholders": -6140000.0,
        "Net Income Common Stockholders": -6140000.0,
        "Net Income": -6140000.0,
        "Net Income Including Noncontrolling Interests": -6140000.0,
        "Net Income Continuous Operations": -6140000.0,
        "Tax Provision": 65000.0,
        "Pretax Income": -6075000.0,
        "Other Income Expense": -1229000.0,
        "Special Income Charges": -1229000.0,
        "Gain On Sale Of Ppe": -1214000.0,
        "Other Special Charges": NaN,
        "Impairment Of Capital Assets": 171000.0,
        "Restructuring And Mergern Acquisition": -156000.0,
        "Net Non Operating Interest Income Expense": -1979000.0,
        "Interest Expense Non Operating": 1979000.0,
        "Operating Income": -2867000.0,
        "Operating Expense": 20851000.0,
        "Other Operating Expenses": 437000.0,
        "Depreciation Amortization Depletion Income Statement": 7370000.0,
        "Depreciation And Amortization In Income Statement": 7370000.0,
        "Selling General And Administration": 13044000.0,
        "General And Administrative Expense": 13044000.0,
        "Other Gand A": 13044000.0,
        "Gross Profit": 17984000.0,
        "Cost Of Revenue": 103411000.0,
        "Total Revenue": 121395000.0,
        "Operating Revenue": 121395000.0
    },
    "2024-06-30": {
        "Tax Effect Of Unusual Items": -2643480.0,
        "Tax Rate For Calcs": 0.21,
        "Normalized EBITDA": 8437000.0,
        "Total Unusual Items": -12588000.0,
        "Total Unusual Items Excluding Goodwill": -12588000.0,
        "Net Income From Continuing Operation Net Minority Interest": -13625000.0,
        "Reconciled Depreciation": 7367000.0,
        "Reconciled Cost Of Revenue": 105347000.0,
        "EBITDA": -4151000.0,
        "EBIT": -11518000.0,
        "Net Interest Income": -1997000.0,
        "Interest Expense": 1997000.0,
        "Normalized Income": -3680480.0,
        "Net Income From Continuing And Discontinued Operation": -13625000.0,
        "Total Expenses": 126282000.0,
        "Rent Expense Supplemental": 11613000.0,
        "Total Operating Income As Reported": -11518000.0,
        "Diluted Average Shares": 45450949.0,
        "Basic Average Shares": 45450949.0,
        "Diluted EPS": -0.3,
        "Basic EPS": -0.3,
        "Diluted NI Availto Com Stockholders": -13625000.0,
        "Net Income Common Stockholders": -13625000.0,
        "Net Income": -13625000.0,
        "Net Income Including Noncontrolling Interests": -13625000.0,
        "Net Income Continuous Operations": -13625000.0,
        "Tax Provision": 110000.0,
        "Pretax Income": -13515000.0,
        "Other Income Expense": -12588000.0,
        "Special Income Charges": -12588000.0,
        "Gain On Sale Of Ppe": -706000.0,
        "Other Special Charges": 531000.0,
        "Impairment Of Capital Assets": 10933000.0,
        "Restructuring And Mergern Acquisition": 418000.0,
        "Net Non Operating Interest Income Expense": -1997000.0,
        "Interest Expense Non Operating": 1997000.0,
        "Operating Income": 1070000.0,
        "Operating Expense": 20935000.0,
        "Other Operating Expenses": NaN,
        "Depreciation Amortization Depletion Income Statement": 7367000.0,
        "Depreciation And Amortization In Income Statement": 7367000.0,
        "Selling General And Administration": 13568000.0,
        "General And Administrative Expense": 13568000.0,
        "Other Gand A": 13568000.0,
        "Gross Profit": 22005000.0,
        "Cost Of Revenue": 105347000.0,
        "Total Revenue": 127352000.0,
        "Operating Revenue": 127352000.0
    },
    "2024-09-30": {
        "Tax Effect Of Unusual Items": -47808.0,
        "Tax Rate For Calcs": 0.018,
        "Normalized EBITDA": 5104000.0,
        "Total Unusual Items": -2656000.0,
        "Total Unusual Items Excluding Goodwill": -2656000.0,
        "Net Income From Continuing Operation Net Minority Interest": -6755000.0,
        "Reconciled Depreciation": 7248000.0,
        "Reconciled Cost Of Revenue": 104755000.0,
        "EBITDA": 2448000.0,
        "EBIT": -4800000.0,
        "Net Interest Income": -2082000.0,
        "Interest Expense": 2082000.0,
        "Normalized Income": -4146808.0,
        "Net Income From Continuing And Discontinued Operation": -6755000.0,
        "Total Expenses": 124895000.0,
        "Rent Expense Supplemental": 11543000.0,
        "Total Operating Income As Reported": -4800000.0,
        "Diluted Average Shares": 45639662.0,
        "Basic Average Shares": 45639662.0,
        "Diluted EPS": -0.15,
        "Basic EPS": -0.15,
        "Diluted NI Availto Com Stockholders": -6755000.0,
        "Net Income Common Stockholders": -6755000.0,
        "Net Income": -6755000.0,
        "Net Income Including Noncontrolling Interests": -6755000.0,
        "Net Income Continuous Operations": -6755000.0,
        "Tax Provision": -127000.0,
        "Pretax Income": -6882000.0,
        "Other Income Expense": -2656000.0,
        "Special Income Charges": -2656000.0,
        "Gain On Sale Of Ppe": -1047000.0,
        "Other Special Charges": 454000.0,
        "Impairment Of Capital Assets": 160000.0,
        "Restructuring And Mergern Acquisition": 995000.0,
        "Net Non Operating Interest Income Expense": -2082000.0,
        "Interest Expense Non Operating": 2082000.0,
        "Operating Income": -2144000.0,
        "Operating Expense": 20140000.0,
        "Other Operating Expenses": NaN,
        "Depreciation Amortization Depletion Income Statement": 7248000.0,
        "Depreciation And Amortization In Income Statement": 7248000.0,
        "Selling General And Administration": 12892000.0,
        "General And Administrative Expense": 12892000.0,
        "Other Gand A": 12892000.0,
        "Gross Profit": 17996000.0,
        "Cost Of Revenue": 104755000.0,
        "Total Revenue": 122751000.0,
        "Operating Revenue": 122751000.0
    }
}