{
    "2023-06-30": {
        "Tax Effect Of Unusual Items": 0.0,
        "Tax Rate For Calcs": 0.287,
        "Total Unusual Items": 0.0,
        "Total Unusual Items Excluding Goodwill": 0.0,
        "Net Income From Continuing Operation Net Minority Interest": 11087000.0,
        "Reconciled Depreciation": 318000.0,
        "Net Interest Income": 24018000.0,
        "Interest Expense": 7696000.0,
        "Interest Income": 31714000.0,
        "Normalized Income": 11087000.0,
        "Net Income From Continuing And Discontinued Operation": 11087000.0,
        "Diluted Average Shares": 14731000.0,
        "Basic Average Shares": 14700000.0,
        "Diluted EPS": 0.75,
        "Basic EPS": 0.75,
        "Diluted NI Availto Com Stockholders": 11087000.0,
        "Net Income Common Stockholders": 11087000.0,
        "Net Income": 11087000.0,
        "Net Income Including Noncontrolling Interests": 11087000.0,
        "Net Income Continuous Operations": 11087000.0,
        "Tax Provision": 4460000.0,
        "Pretax Income": 15547000.0,
        "Special Income Charges": 0.0,
        "Other Special Charges": NaN,
        "Gain On Sale Of Security": -123000.0,
        "Selling General And Administration": 5466000.0,
        "Selling And Marketing Expense": 238000.0,
        "General And Administrative Expense": 5228000.0,
        "Other Gand A": NaN,
        "Insurance And Claims": 97000.0,
        "Salaries And Wages": 5131000.0,
        "Total Revenue": 25038000.0,
        "Operating Revenue": 25038000.0,
        "Occupancy And Equipment": 905000.0,
        "Professional Expense And Contract Services Expense": 453000.0,
        "Other Non Interest Expense": 2057000.0
    },
    "2023-03-31": {
        "Tax Effect Of Unusual Items": 0.0,
        "Tax Rate For Calcs": 0.287,
        "Total Unusual Items": NaN,
        "Total Unusual Items Excluding Goodwill": NaN,
        "Net Income From Continuing Operation Net Minority Interest": 11244000.0,
        "Reconciled Depreciation": 316000.0,
        "Net Interest Income": 22838000.0,
        "Interest Expense": 5673000.0,
        "Interest Income": 28511000.0,
        "Normalized Income": 11244000.0,
        "Net Income From Continuing And Discontinued Operation": 11244000.0,
        "Diluted Average Shares": 14696000.0,
        "Basic Average Shares": 14649000.0,
        "Diluted EPS": 0.77,
        "Basic EPS": 0.77,
        "Diluted NI Availto Com Stockholders": 11244000.0,
        "Net Income Common Stockholders": 11244000.0,
        "Net Income": 11244000.0,
        "Net Income Including Noncontrolling Interests": 11244000.0,
        "Net Income Continuous Operations": 11244000.0,
        "Tax Provision": 4517000.0,
        "Pretax Income": 15761000.0,
        "Special Income Charges": NaN,
        "Other Special Charges": NaN,
        "Gain On Sale Of Security": 225000.0,
        "Selling General And Administration": 4968000.0,
        "Selling And Marketing Expense": 49000.0,
        "General And Administrative Expense": 4919000.0,
        "Other Gand A": NaN,
        "Insurance And Claims": 95000.0,
        "Salaries And Wages": 4824000.0,
        "Total Revenue": 23953000.0,
        "Operating Revenue": 23953000.0,
        "Occupancy And Equipment": 973000.0,
        "Professional Expense And Contract Services Expense": 420000.0,
        "Other Non Interest Expense": 1830000.0
    },
    "2022-12-31": {
        "Tax Effect Of Unusual Items": NaN,
        "Tax Rate For Calcs": NaN,
        "Total Unusual Items": -451000.0,
        "Total Unusual Items Excluding Goodwill": -451000.0,
        "Net Income From Continuing Operation Net Minority Interest": NaN,
        "Reconciled Depreciation": NaN,
        "Net Interest Income": NaN,
        "Interest Expense": NaN,
        "Interest Income": NaN,
        "Normalized Income": NaN,
        "Net Income From Continuing And Discontinued Operation": NaN,
        "Diluted Average Shares": NaN,
        "Basic Average Shares": NaN,
        "Diluted EPS": NaN,
        "Basic EPS": NaN,
        "Diluted NI Availto Com Stockholders": NaN,
        "Net Income Common Stockholders": NaN,
        "Net Income": NaN,
        "Net Income Including Noncontrolling Interests": NaN,
        "Net Income Continuous Operations": NaN,
        "Tax Provision": NaN,
        "Pretax Income": NaN,
        "Special Income Charges": -451000.0,
        "Other Special Charges": 0.0,
        "Gain On Sale Of Security": NaN,
        "Selling General And Administration": NaN,
        "Selling And Marketing Expense": NaN,
        "General And Administrative Expense": NaN,
        "Other Gand A": 524000.0,
        "Insurance And Claims": NaN,
        "Salaries And Wages": NaN,
        "Total Revenue": NaN,
        "Operating Revenue": NaN,
        "Occupancy And Equipment": NaN,
        "Professional Expense And Contract Services Expense": NaN,
        "Other Non Interest Expense": NaN
    },
    "2022-09-30": {
        "Tax Effect Of Unusual Items": NaN,
        "Tax Rate For Calcs": NaN,
        "Total Unusual Items": 52000.0,
        "Total Unusual Items Excluding Goodwill": 52000.0,
        "Net Income From Continuing Operation Net Minority Interest": NaN,
        "Reconciled Depreciation": NaN,
        "Net Interest Income": NaN,
        "Interest Expense": NaN,
        "Interest Income": NaN,
        "Normalized Income": NaN,
        "Net Income From Continuing And Discontinued Operation": NaN,
        "Diluted Average Shares": NaN,
        "Basic Average Shares": NaN,
        "Diluted EPS": NaN,
        "Basic EPS": NaN,
        "Diluted NI Availto Com Stockholders": NaN,
        "Net Income Common Stockholders": NaN,
        "Net Income": NaN,
        "Net Income Including Noncontrolling Interests": NaN,
        "Net Income Continuous Operations": NaN,
        "Tax Provision": NaN,
        "Pretax Income": NaN,
        "Special Income Charges": 52000.0,
        "Other Special Charges": -52000.0,
        "Gain On Sale Of Security": NaN,
        "Selling General And Administration": NaN,
        "Selling And Marketing Expense": NaN,
        "General And Administrative Expense": NaN,
        "Other Gand A": 466000.0,
        "Insurance And Claims": NaN,
        "Salaries And Wages": NaN,
        "Total Revenue": NaN,
        "Operating Revenue": NaN
    },
    "2022-06-30": {
        "Tax Effect Of Unusual Items": 10902.0,
        "Tax Rate For Calcs": 0.237,
        "Total Unusual Items": 46000.0,
        "Total Unusual Items Excluding Goodwill": 46000.0,
        "Net Income From Continuing Operation Net Minority Interest": 5393000.0,
        "Reconciled Depreciation": 300000.0,
        "Net Interest Income": 13542000.0,
        "Interest Expense": 1296000.0,
        "Interest Income": 14838000.0,
        "Normalized Income": 5357902.0,
        "Net Income From Continuing And Discontinued Operation": 5393000.0,
        "Diluted Average Shares": 15544000.0,
        "Basic Average Shares": 15544000.0,
        "Diluted EPS": 0.35,
        "Basic EPS": 0.35,
        "Diluted NI Availto Com Stockholders": 5393000.0,
        "Net Income Common Stockholders": 5393000.0,
        "Net Income": 5393000.0,
        "Net Income Including Noncontrolling Interests": 5393000.0,
        "Net Income Continuous Operations": 5393000.0,
        "Tax Provision": 1678000.0,
        "Pretax Income": 7071000.0,
        "Special Income Charges": 46000.0,
        "Other Special Charges": -46000.0,
        "Impairment Of Capital Assets": NaN,
        "Gain On Sale Of Security": -430000.0,
        "Selling General And Administration": 3664000.0,
        "Selling And Marketing Expense": 51000.0,
        "General And Administrative Expense": 3613000.0,
        "Other Gand A": 479000.0,
        "Insurance And Claims": 96000.0,
        "Salaries And Wages": 3613000.0,
        "Total Revenue": 14032000.0,
        "Operating Revenue": 14032000.0
    },
    "2022-03-31": {
        "Diluted EPS": 0.0,
        "Total Revenue": 13,
        "Gross Profit": 12,
        "Operating Income": 5,
        "EBIT": NaN,
        "Net Income": 4
    },
    "2021-12-31": {
        "Diluted EPS": -0.48,
        "Total Revenue": 13,
        "Gross Profit": 12,
        "Operating Income": 6,
        "EBIT": NaN,
        "Net Income": 4
    },
    "2021-09-30": {
        "Diluted EPS": 0.05,
        "Total Revenue": 13,
        "Gross Profit": 11,
        "Operating Income": 1,
        "EBIT": NaN,
        "Net Income": 1
    },
    "2021-06-30": {
        "Diluted EPS": 0.23,
        "Total Revenue": 12,
        "Gross Profit": 11,
        "Operating Income": 5,
        "EBIT": NaN,
        "Net Income": 4
    },
    "2021-03-31": {
        "Diluted EPS": 0.2,
        "Total Revenue": 12,
        "Gross Profit": 11,
        "Operating Income": 4,
        "EBIT": NaN,
        "Net Income": 3
    },
    "2020-12-31": {
        "Diluted EPS": 0.16,
        "Total Revenue": 13,
        "Gross Profit": 11,
        "Operating Income": 4,
        "EBIT": NaN,
        "Net Income": 3
    },
    "2020-09-30": {
        "Diluted EPS": 0.19,
        "Total Revenue": 13,
        "Gross Profit": 10,
        "Operating Income": 4,
        "EBIT": NaN,
        "Net Income": 3
    },
    "2020-06-30": {
        "Diluted EPS": 0.21,
        "Total Revenue": 13,
        "Gross Profit": 10,
        "Operating Income": 3,
        "EBIT": NaN,
        "Net Income": 2
    },
    "2020-03-31": {
        "Diluted EPS": 0.2,
        "Total Revenue": 14,
        "Gross Profit": 10,
        "Operating Income": 4,
        "EBIT": NaN,
        "Net Income": 3
    },
    "2015-12-31": {
        "Diluted EPS": 0.05,
        "Total Revenue": 6,
        "Gross Profit": 5,
        "Operating Income": 1,
        "EBIT": NaN,
        "Net Income": 1
    },
    "2015-09-30": {
        "Diluted EPS": 0.06,
        "Total Revenue": 6,
        "Gross Profit": 5,
        "Operating Income": 1,
        "EBIT": NaN,
        "Net Income": 1
    },
    "2015-06-30": {
        "Diluted EPS": 0.05,
        "Total Revenue": 6,
        "Gross Profit": 5,
        "Operating Income": 1,
        "EBIT": NaN,
        "Net Income": 1
    },
    "2015-03-31": {
        "Diluted EPS": -0.01,
        "Total Revenue": 6,
        "Gross Profit": 5,
        "Operating Income": 0,
        "EBIT": NaN,
        "Net Income": 0
    },
    "2014-12-31": {
        "Diluted EPS": 0.04,
        "Total Revenue": 6,
        "Gross Profit": 5,
        "Operating Income": 1,
        "EBIT": NaN,
        "Net Income": 1
    },
    "2014-09-30": {
        "Diluted EPS": 0.02,
        "Total Revenue": 5,
        "Gross Profit": 4,
        "Operating Income": 1,
        "EBIT": NaN,
        "Net Income": 0
    },
    "2014-06-30": {
        "Diluted EPS": 0.03,
        "Total Revenue": 5,
        "Gross Profit": 5,
        "Operating Income": 1,
        "EBIT": NaN,
        "Net Income": 0
    },
    "2014-03-31": {
        "Diluted EPS": 0.02,
        "Total Revenue": 5,
        "Gross Profit": 4,
        "Operating Income": 0,
        "EBIT": NaN,
        "Net Income": 0
    },
    "2013-12-31": {
        "Diluted EPS": 0.01,
        "Total Revenue": 5,
        "Gross Profit": 4,
        "Operating Income": 0,
        "EBIT": NaN,
        "Net Income": 0
    },
    "2013-09-30": {
        "Diluted EPS": 0.02,
        "Total Revenue": 5,
        "Gross Profit": 4,
        "Operating Income": 1,
        "EBIT": NaN,
        "Net Income": 0
    },
    "2013-06-30": {
        "Diluted EPS": 0.02,
        "Total Revenue": 5,
        "Gross Profit": 4,
        "Operating Income": 1,
        "EBIT": NaN,
        "Net Income": 0
    },
    "2013-03-31": {
        "Diluted EPS": 0.02,
        "Total Revenue": 5,
        "Gross Profit": 4,
        "Operating Income": 0,
        "EBIT": NaN,
        "Net Income": 0
    },
    "2012-12-31": {
        "Diluted EPS": -0.12,
        "Total Revenue": 6,
        "Gross Profit": 5,
        "Operating Income": -3,
        "EBIT": NaN,
        "Net Income": -2
    },
    "2012-09-30": {
        "Diluted EPS": -0.06,
        "Total Revenue": 6,
        "Gross Profit": 5,
        "Operating Income": -2,
        "EBIT": NaN,
        "Net Income": -1
    },
    "2012-06-30": {
        "Diluted EPS": 0.02,
        "Total Revenue": 6,
        "Gross Profit": 5,
        "Operating Income": 0,
        "EBIT": NaN,
        "Net Income": 0
    },
    "2012-03-31": {
        "Diluted EPS": 0.02,
        "Total Revenue": 6,
        "Gross Profit": 4,
        "Operating Income": 0,
        "EBIT": NaN,
        "Net Income": 0
    },
    "2011-12-31": {
        "Diluted EPS": 0.02,
        "Total Revenue": 6,
        "Gross Profit": 5,
        "Operating Income": 0,
        "EBIT": NaN,
        "Net Income": 0
    },
    "2011-09-30": {
        "Diluted EPS": 0.03,
        "Total Revenue": 6,
        "Gross Profit": 5,
        "Operating Income": 1,
        "EBIT": NaN,
        "Net Income": 0
    },
    "2011-06-30": {
        "Diluted EPS": 0.05,
        "Total Revenue": 6,
        "Gross Profit": 5,
        "Operating Income": 1,
        "EBIT": NaN,
        "Net Income": 1
    },
    "2011-03-31": {
        "Diluted EPS": 0.05,
        "Total Revenue": 6,
        "Gross Profit": 5,
        "Operating Income": 1,
        "EBIT": NaN,
        "Net Income": 1
    },
    "2010-12-31": {
        "Diluted EPS": 0.05,
        "Total Revenue": 9,
        "Gross Profit": 7,
        "Operating Income": 1,
        "EBIT": NaN,
        "Net Income": 1
    },
    "2010-09-30": {
        "Diluted EPS": 0.03,
        "Total Revenue": 6,
        "Gross Profit": 4,
        "Operating Income": 1,
        "EBIT": NaN,
        "Net Income": 1
    },
    "2010-06-30": {
        "Diluted EPS": 0.01,
        "Total Revenue": 6,
        "Gross Profit": 4,
        "Operating Income": 0,
        "EBIT": NaN,
        "Net Income": 0
    },
    "2010-03-31": {
        "Diluted EPS": 0.03,
        "Total Revenue": 6,
        "Gross Profit": 4,
        "Operating Income": 1,
        "EBIT": NaN,
        "Net Income": 1
    },
    "2009-12-31": {
        "Diluted EPS": 0.0,
        "Total Revenue": 7,
        "Gross Profit": 4,
        "Operating Income": -4,
        "EBIT": NaN,
        "Net Income": -2
    },
    "2009-09-30": {
        "Diluted EPS": 0.0,
        "Total Revenue": 7,
        "Gross Profit": 4,
        "Operating Income": -2,
        "EBIT": NaN,
        "Net Income": -1
    },
    "2009-06-30": {
        "Diluted EPS": 0.0,
        "Total Revenue": 7,
        "Gross Profit": 4,
        "Operating Income": 0,
        "EBIT": NaN,
        "Net Income": 0
    },
    "2009-03-31": {
        "Diluted EPS": 0.0,
        "Total Revenue": 6,
        "Gross Profit": 4,
        "Operating Income": 1,
        "EBIT": NaN,
        "Net Income": 1
    },
    "2023-09-30": {
        "Tax Effect Of Unusual Items": 0.0,
        "Tax Rate For Calcs": 0.273,
        "Total Unusual Items": 0.0,
        "Total Unusual Items Excluding Goodwill": 0.0,
        "Net Income From Continuing Operation Net Minority Interest": 11843000.0,
        "Reconciled Depreciation": 286000.0,
        "Net Interest Income": 25129000.0,
        "Interest Expense": 10008000.0,
        "Interest Income": 35137000.0,
        "Normalized Income": 11843000.0,
        "Net Income From Continuing And Discontinued Operation": 11843000.0,
        "Diluted Average Shares": 14822000.0,
        "Basic Average Shares": 14743000.0,
        "Diluted EPS": 0.8,
        "Basic EPS": 0.8,
        "Diluted NI Availto Com Stockholders": 11843000.0,
        "Net Income Common Stockholders": 11843000.0,
        "Net Income": 11843000.0,
        "Net Income Including Noncontrolling Interests": 11843000.0,
        "Net Income Continuous Operations": 11843000.0,
        "Tax Provision": 4436000.0,
        "Pretax Income": 16279000.0,
        "Special Income Charges": 0.0,
        "Other Special Charges": NaN,
        "Gain On Sale Of Security": -430000.0,
        "Selling General And Administration": 5209000.0,
        "Selling And Marketing Expense": 133000.0,
        "General And Administrative Expense": 5076000.0,
        "Other Gand A": NaN,
        "Insurance And Claims": 97000.0,
        "Salaries And Wages": 4979000.0,
        "Total Revenue": 25350000.0,
        "Operating Revenue": 25350000.0,
        "Occupancy And Equipment": 856000.0,
        "Professional Expense And Contract Services Expense": 588000.0,
        "Other Non Interest Expense": 2262000.0
    },
    "2023-12-31": {
        "Tax Effect Of Unusual Items": -45946.015274,
        "Tax Rate For Calcs": 0.294526,
        "Total Unusual Items": -156000.0,
        "Total Unusual Items Excluding Goodwill": -156000.0,
        "Net Income From Continuing Operation Net Minority Interest": 12101000.0,
        "Reconciled Depreciation": 299000.0,
        "Net Interest Income": 25206000.0,
        "Interest Expense": 11920000.0,
        "Interest Income": 37126000.0,
        "Normalized Income": 12211053.984726,
        "Net Income From Continuing And Discontinued Operation": 12101000.0,
        "Diluted Average Shares": 14778000.0,
        "Basic Average Shares": 14720000.0,
        "Diluted EPS": 0.82,
        "Basic EPS": 0.82,
        "Diluted NI Availto Com Stockholders": 12101000.0,
        "Net Income Common Stockholders": 12101000.0,
        "Net Income": 12101000.0,
        "Net Income Including Noncontrolling Interests": 12101000.0,
        "Net Income Continuous Operations": 12101000.0,
        "Tax Provision": 5052000.0,
        "Pretax Income": 17153000.0,
        "Special Income Charges": -156000.0,
        "Other Special Charges": NaN,
        "Gain On Sale Of Security": 621000.0,
        "Selling General And Administration": 5284000.0,
        "Selling And Marketing Expense": 101000.0,
        "General And Administrative Expense": 5183000.0,
        "Other Gand A": NaN,
        "Insurance And Claims": 105000.0,
        "Salaries And Wages": 5048000.0,
        "Total Revenue": 26610000.0,
        "Operating Revenue": 26610000.0,
        "Occupancy And Equipment": 916000.0,
        "Professional Expense And Contract Services Expense": 432000.0,
        "Other Non Interest Expense": 2464000.0
    },
    "2024-03-31": {
        "Tax Effect Of Unusual Items": 0.0,
        "Tax Rate For Calcs": 0.29,
        "Total Unusual Items": NaN,
        "Total Unusual Items Excluding Goodwill": NaN,
        "Net Income From Continuing Operation Net Minority Interest": 11374000.0,
        "Reconciled Depreciation": 297000.0,
        "Net Interest Income": 24986000.0,
        "Interest Expense": 13135000.0,
        "Interest Income": 38121000.0,
        "Normalized Income": 11374000.0,
        "Net Income From Continuing And Discontinued Operation": 11374000.0,
        "Diluted Average Shares": 13191000.0,
        "Basic Average Shares": 13118000.0,
        "Diluted EPS": 0.86,
        "Basic EPS": 0.87,
        "Diluted NI Availto Com Stockholders": 11374000.0,
        "Net Income Common Stockholders": 11374000.0,
        "Net Income": 11374000.0,
        "Net Income Including Noncontrolling Interests": 11374000.0,
        "Net Income Continuous Operations": 11374000.0,
        "Tax Provision": 4650000.0,
        "Pretax Income": 16024000.0,
        "Special Income Charges": NaN,
        "Other Special Charges": NaN,
        "Gain On Sale Of Security": -82000.0,
        "Selling General And Administration": 5866000.0,
        "Selling And Marketing Expense": 88000.0,
        "General And Administrative Expense": 5778000.0,
        "Other Gand A": NaN,
        "Insurance And Claims": 102000.0,
        "Salaries And Wages": 5676000.0,
        "Total Revenue": 25540000.0,
        "Operating Revenue": 25540000.0,
        "Occupancy And Equipment": 960000.0,
        "Professional Expense And Contract Services Expense": 432000.0,
        "Other Non Interest Expense": 2423000.0
    }
}