{
    "2023-03-31": {
        "Tax Effect Of Unusual Items": NaN,
        "Tax Rate For Calcs": NaN,
        "Normalized EBITDA": NaN,
        "Total Unusual Items": NaN,
        "Total Unusual Items Excluding Goodwill": NaN,
        "Net Income From Continuing Operation Net Minority Interest": NaN,
        "Reconciled Depreciation": NaN,
        "Reconciled Cost Of Revenue": NaN,
        "EBITDA": NaN,
        "EBIT": NaN,
        "Net Interest Income": NaN,
        "Interest Expense": 1757000.0,
        "Interest Income": NaN,
        "Normalized Income": NaN,
        "Net Income From Continuing And Discontinued Operation": NaN,
        "Total Expenses": NaN,
        "Total Operating Income As Reported": NaN,
        "Diluted Average Shares": 125026000.0,
        "Basic Average Shares": 125026000.0,
        "Diluted EPS": -0.25,
        "Basic EPS": -0.25,
        "Diluted NI Availto Com Stockholders": NaN,
        "Net Income Common Stockholders": NaN,
        "Net Income": NaN,
        "Net Income Including Noncontrolling Interests": NaN,
        "Net Income Continuous Operations": NaN,
        "Tax Provision": NaN,
        "Pretax Income": NaN,
        "Other Income Expense": NaN,
        "Other Non Operating Income Expenses": NaN,
        "Special Income Charges": NaN,
        "Restructuring And Mergern Acquisition": NaN,
        "Net Non Operating Interest Income Expense": NaN,
        "Total Other Finance Cost": -1467000.0,
        "Interest Expense Non Operating": 1757000.0,
        "Interest Income Non Operating": NaN,
        "Operating Income": NaN,
        "Operating Expense": NaN,
        "Research And Development": NaN,
        "Selling General And Administration": NaN,
        "Selling And Marketing Expense": NaN,
        "General And Administrative Expense": NaN,
        "Other Gand A": NaN,
        "Gross Profit": NaN,
        "Cost Of Revenue": NaN,
        "Total Revenue": NaN,
        "Operating Revenue": NaN
    },
    "2022-12-31": {
        "Tax Effect Of Unusual Items": NaN,
        "Tax Rate For Calcs": NaN,
        "Normalized EBITDA": NaN,
        "Total Unusual Items": NaN,
        "Total Unusual Items Excluding Goodwill": NaN,
        "Net Income From Continuing Operation Net Minority Interest": NaN,
        "Reconciled Depreciation": NaN,
        "Reconciled Cost Of Revenue": NaN,
        "EBITDA": NaN,
        "EBIT": NaN,
        "Net Interest Income": NaN,
        "Interest Expense": -860000.0,
        "Interest Income": NaN,
        "Normalized Income": NaN,
        "Net Income From Continuing And Discontinued Operation": NaN,
        "Total Expenses": NaN,
        "Total Operating Income As Reported": NaN,
        "Diluted Average Shares": NaN,
        "Basic Average Shares": NaN,
        "Diluted EPS": NaN,
        "Basic EPS": NaN,
        "Diluted NI Availto Com Stockholders": NaN,
        "Net Income Common Stockholders": NaN,
        "Net Income": NaN,
        "Net Income Including Noncontrolling Interests": NaN,
        "Net Income Continuous Operations": NaN,
        "Tax Provision": NaN,
        "Pretax Income": NaN,
        "Other Income Expense": NaN,
        "Other Non Operating Income Expenses": NaN,
        "Special Income Charges": NaN,
        "Restructuring And Mergern Acquisition": NaN,
        "Earnings From Equity Interest": 0.0,
        "Net Non Operating Interest Income Expense": NaN,
        "Total Other Finance Cost": NaN,
        "Interest Expense Non Operating": -860000.0,
        "Interest Income Non Operating": NaN,
        "Operating Income": NaN,
        "Operating Expense": NaN,
        "Research And Development": NaN,
        "Selling General And Administration": NaN,
        "Selling And Marketing Expense": NaN,
        "General And Administrative Expense": NaN,
        "Other Gand A": NaN,
        "Gross Profit": NaN,
        "Cost Of Revenue": NaN,
        "Total Revenue": NaN,
        "Operating Revenue": NaN
    },
    "2022-09-30": {
        "Tax Effect Of Unusual Items": NaN,
        "Tax Rate For Calcs": NaN,
        "Normalized EBITDA": NaN,
        "Total Unusual Items": NaN,
        "Total Unusual Items Excluding Goodwill": NaN,
        "Net Income From Continuing Operation Net Minority Interest": NaN,
        "Reconciled Depreciation": NaN,
        "Reconciled Cost Of Revenue": NaN,
        "EBITDA": NaN,
        "EBIT": NaN,
        "Net Interest Income": NaN,
        "Interest Expense": 139000.0,
        "Interest Income": NaN,
        "Normalized Income": NaN,
        "Net Income From Continuing And Discontinued Operation": NaN,
        "Total Expenses": NaN,
        "Total Operating Income As Reported": NaN,
        "Diluted Average Shares": NaN,
        "Basic Average Shares": NaN,
        "Diluted EPS": NaN,
        "Basic EPS": NaN,
        "Diluted NI Availto Com Stockholders": NaN,
        "Net Income Common Stockholders": NaN,
        "Net Income": NaN,
        "Net Income Including Noncontrolling Interests": NaN,
        "Net Income Continuous Operations": NaN,
        "Tax Provision": NaN,
        "Pretax Income": NaN,
        "Other Income Expense": NaN,
        "Other Non Operating Income Expenses": NaN,
        "Special Income Charges": NaN,
        "Restructuring And Mergern Acquisition": NaN,
        "Earnings From Equity Interest": 0.0,
        "Net Non Operating Interest Income Expense": NaN,
        "Total Other Finance Cost": NaN,
        "Interest Expense Non Operating": 139000.0,
        "Interest Income Non Operating": NaN,
        "Operating Income": NaN,
        "Operating Expense": NaN,
        "Research And Development": NaN,
        "Selling General And Administration": NaN,
        "Selling And Marketing Expense": NaN,
        "General And Administrative Expense": NaN,
        "Other Gand A": NaN,
        "Gross Profit": NaN,
        "Cost Of Revenue": NaN,
        "Total Revenue": NaN,
        "Operating Revenue": NaN
    },
    "2022-06-30": {
        "Tax Effect Of Unusual Items": 0.0,
        "Tax Rate For Calcs": 0.139644,
        "Normalized EBITDA": -22687000.0,
        "Total Unusual Items": NaN,
        "Total Unusual Items Excluding Goodwill": NaN,
        "Net Income From Continuing Operation Net Minority Interest": -35303000.0,
        "Reconciled Depreciation": 17015000.0,
        "Reconciled Cost Of Revenue": 81126000.0,
        "EBITDA": -22687000.0,
        "EBIT": -39702000.0,
        "Net Interest Income": -926000.0,
        "Interest Expense": NaN,
        "Interest Income": NaN,
        "Normalized Income": -35303000.0,
        "Net Income From Continuing And Discontinued Operation": -35303000.0,
        "Total Expenses": 164774000.0,
        "Total Operating Income As Reported": -39702000.0,
        "Diluted Average Shares": 124068000.0,
        "Basic Average Shares": 124068000.0,
        "Diluted EPS": -0.28,
        "Basic EPS": -0.28,
        "Diluted NI Availto Com Stockholders": -35303000.0,
        "Average Dilution Earnings": 0.0,
        "Net Income Common Stockholders": -35303000.0,
        "Net Income": -35303000.0,
        "Net Income Including Noncontrolling Interests": -35303000.0,
        "Net Income Continuous Operations": -35303000.0,
        "Tax Provision": -5730000.0,
        "Pretax Income": -41033000.0,
        "Other Income Expense": -405000.0,
        "Other Non Operating Income Expenses": -405000.0,
        "Special Income Charges": NaN,
        "Restructuring And Mergern Acquisition": NaN,
        "Earnings From Equity Interest": 0.0,
        "Net Non Operating Interest Income Expense": -926000.0,
        "Total Other Finance Cost": 926000.0,
        "Interest Expense Non Operating": NaN,
        "Interest Income Non Operating": NaN,
        "Operating Income": -39702000.0,
        "Operating Expense": 83648000.0,
        "Research And Development": 8626000.0,
        "Selling General And Administration": 75022000.0,
        "Selling And Marketing Expense": 17071000.0,
        "General And Administrative Expense": 57951000.0,
        "Other Gand A": 57951000.0,
        "Gross Profit": 43946000.0,
        "Cost Of Revenue": 81126000.0,
        "Total Revenue": 125072000.0,
        "Operating Revenue": 125072000.0
    },
    "2022-03-31": {
        "Diluted EPS": -0.4,
        "Total Revenue": 117,
        "Gross Profit": 38,
        "Operating Income": -52,
        "EBIT": -34,
        "Net Income": -49
    },
    "2021-12-31": {
        "Diluted EPS": -0.3,
        "Total Revenue": 126,
        "Gross Profit": 45,
        "Operating Income": -42,
        "EBIT": -24,
        "Net Income": -43
    },
    "2021-09-30": {
        "Diluted EPS": -0.17,
        "Total Revenue": 121,
        "Gross Profit": 47,
        "Operating Income": -40,
        "EBIT": -22,
        "Net Income": -20
    },
    "2021-06-30": {
        "Diluted EPS": 0.59,
        "Total Revenue": 122,
        "Gross Profit": 53,
        "Operating Income": -22,
        "EBIT": -11,
        "Net Income": 77
    },
    "2021-03-31": {
        "Diluted EPS": -0.19,
        "Total Revenue": 116,
        "Gross Profit": 42,
        "Operating Income": -15,
        "EBIT": -5,
        "Net Income": -22
    },
    "2020-12-31": {
        "Diluted EPS": 0.13,
        "Total Revenue": 126,
        "Gross Profit": 57,
        "Operating Income": 6,
        "EBIT": 17,
        "Net Income": 13
    },
    "2020-09-30": {
        "Diluted EPS": 0.04,
        "Total Revenue": 125,
        "Gross Profit": 54,
        "Operating Income": 5,
        "EBIT": 16,
        "Net Income": 5
    },
    "2020-06-30": {
        "Diluted EPS": -0.06,
        "Total Revenue": 87,
        "Gross Profit": 28,
        "Operating Income": -19,
        "EBIT": -10,
        "Net Income": -7
    },
    "2020-03-31": {
        "Diluted EPS": -0.07,
        "Total Revenue": 106,
        "Gross Profit": 46,
        "Operating Income": -5,
        "EBIT": 3,
        "Net Income": -7
    },
    "2019-12-31": {
        "Diluted EPS": 0.07,
        "Total Revenue": 107,
        "Gross Profit": 50,
        "Operating Income": 2,
        "EBIT": 10,
        "Net Income": 6
    },
    "2019-09-30": {
        "Diluted EPS": 0.02,
        "Total Revenue": 105,
        "Gross Profit": 51,
        "Operating Income": 4,
        "EBIT": 11,
        "Net Income": 2
    },
    "2019-06-30": {
        "Diluted EPS": 0.02,
        "Total Revenue": 102,
        "Gross Profit": 49,
        "Operating Income": 4,
        "EBIT": 12,
        "Net Income": 2
    },
    "2019-03-31": {
        "Diluted EPS": -0.03,
        "Total Revenue": 96,
        "Gross Profit": 47,
        "Operating Income": 3,
        "EBIT": 11,
        "Net Income": -2
    },
    "2018-12-31": {
        "Diluted EPS": 0.01,
        "Total Revenue": 76,
        "Gross Profit": 37,
        "Operating Income": 3,
        "EBIT": 9,
        "Net Income": 0
    },
    "2018-09-30": {
        "Diluted EPS": 0.02,
        "Total Revenue": 69,
        "Gross Profit": 32,
        "Operating Income": 4,
        "EBIT": 10,
        "Net Income": 2
    },
    "2018-06-30": {
        "Diluted EPS": 0.07,
        "Total Revenue": 68,
        "Gross Profit": 31,
        "Operating Income": 1,
        "EBIT": 6,
        "Net Income": 6
    },
    "2018-03-31": {
        "Diluted EPS": -0.03,
        "Total Revenue": 63,
        "Gross Profit": 27,
        "Operating Income": 3,
        "EBIT": 8,
        "Net Income": -2
    },
    "2017-12-31": {
        "Diluted EPS": 0.03,
        "Total Revenue": 61,
        "Gross Profit": 27,
        "Operating Income": 4,
        "EBIT": 9,
        "Net Income": 2
    },
    "2017-09-30": {
        "Diluted EPS": -0.09,
        "Total Revenue": 59,
        "Gross Profit": 25,
        "Operating Income": -2,
        "EBIT": 4,
        "Net Income": -7
    },
    "2017-06-30": {
        "Diluted EPS": -0.03,
        "Total Revenue": 62,
        "Gross Profit": 27,
        "Operating Income": 2,
        "EBIT": 8,
        "Net Income": -2
    },
    "2017-03-31": {
        "Diluted EPS": -0.05,
        "Total Revenue": 57,
        "Gross Profit": 23,
        "Operating Income": -1,
        "EBIT": 5,
        "Net Income": -4
    },
    "2016-12-31": {
        "Diluted EPS": -0.19,
        "Total Revenue": 48,
        "Gross Profit": 15,
        "Operating Income": -3,
        "EBIT": 6,
        "Net Income": -15
    },
    "2016-09-30": {
        "Diluted EPS": -0.07,
        "Total Revenue": 61,
        "Gross Profit": 27,
        "Operating Income": 1,
        "EBIT": 8,
        "Net Income": -6
    },
    "2016-06-30": {
        "Diluted EPS": -0.07,
        "Total Revenue": 63,
        "Gross Profit": 29,
        "Operating Income": 2,
        "EBIT": 8,
        "Net Income": -5
    },
    "2016-03-31": {
        "Diluted EPS": -0.07,
        "Total Revenue": 60,
        "Gross Profit": 27,
        "Operating Income": 2,
        "EBIT": 8,
        "Net Income": -5
    },
    "2015-12-31": {
        "Diluted EPS": -0.03,
        "Total Revenue": 27,
        "Gross Profit": 12,
        "Operating Income": -5,
        "EBIT": -3,
        "Net Income": -2
    },
    "2015-09-30": {
        "Diluted EPS": 0.0,
        "Total Revenue": 25,
        "Gross Profit": 11,
        "Operating Income": 0,
        "EBIT": 2,
        "Net Income": 0
    },
    "2015-06-30": {
        "Diluted EPS": 0.0,
        "Total Revenue": 24,
        "Gross Profit": 11,
        "Operating Income": 0,
        "EBIT": 2,
        "Net Income": 0
    },
    "2015-03-31": {
        "Diluted EPS": -0.01,
        "Total Revenue": 23,
        "Gross Profit": 10,
        "Operating Income": -1,
        "EBIT": 1,
        "Net Income": -1
    },
    "2014-12-31": {
        "Diluted EPS": 0.02,
        "Total Revenue": 25,
        "Gross Profit": 11,
        "Operating Income": 1,
        "EBIT": 3,
        "Net Income": 1
    },
    "2014-09-30": {
        "Diluted EPS": -0.01,
        "Total Revenue": 23,
        "Gross Profit": 10,
        "Operating Income": 0,
        "EBIT": 2,
        "Net Income": 0
    },
    "2014-06-30": {
        "Diluted EPS": 0.01,
        "Total Revenue": 21,
        "Gross Profit": 10,
        "Operating Income": 1,
        "EBIT": 2,
        "Net Income": 0
    },
    "2014-03-31": {
        "Diluted EPS": 0.0,
        "Total Revenue": 18,
        "Gross Profit": 9,
        "Operating Income": 0,
        "EBIT": 2,
        "Net Income": 0
    },
    "2013-12-31": {
        "Diluted EPS": 0.01,
        "Total Revenue": 18,
        "Gross Profit": 9,
        "Operating Income": 1,
        "EBIT": 2,
        "Net Income": 1
    },
    "2013-09-30": {
        "Diluted EPS": 0.02,
        "Total Revenue": 17,
        "Gross Profit": 8,
        "Operating Income": 1,
        "EBIT": 2,
        "Net Income": 1
    },
    "2013-06-30": {
        "Diluted EPS": 0.01,
        "Total Revenue": 16,
        "Gross Profit": 7,
        "Operating Income": 1,
        "EBIT": 2,
        "Net Income": 0
    },
    "2013-03-31": {
        "Diluted EPS": 0.0,
        "Total Revenue": 16,
        "Gross Profit": 7,
        "Operating Income": 0,
        "EBIT": 1,
        "Net Income": 0
    },
    "2012-12-31": {
        "Diluted EPS": 0.0,
        "Total Revenue": 15,
        "Gross Profit": 6,
        "Operating Income": 0,
        "EBIT": 1,
        "Net Income": 0
    },
    "2012-09-30": {
        "Diluted EPS": -0.02,
        "Total Revenue": 14,
        "Gross Profit": 6,
        "Operating Income": -1,
        "EBIT": 0,
        "Net Income": -1
    },
    "2012-06-30": {
        "Diluted EPS": 0.01,
        "Total Revenue": 16,
        "Gross Profit": 7,
        "Operating Income": 1,
        "EBIT": 2,
        "Net Income": 1
    },
    "2012-03-31": {
        "Diluted EPS": 0.01,
        "Total Revenue": 15,
        "Gross Profit": 7,
        "Operating Income": 1,
        "EBIT": 2,
        "Net Income": 1
    },
    "2011-12-31": {
        "Diluted EPS": 0.0,
        "Total Revenue": 13,
        "Gross Profit": 6,
        "Operating Income": 0,
        "EBIT": 1,
        "Net Income": 0
    },
    "2011-09-30": {
        "Diluted EPS": 0.0,
        "Total Revenue": 11,
        "Gross Profit": 5,
        "Operating Income": 0,
        "EBIT": 1,
        "Net Income": 0
    },
    "2011-06-30": {
        "Diluted EPS": -0.01,
        "Total Revenue": 10,
        "Gross Profit": 5,
        "Operating Income": 0,
        "EBIT": 0,
        "Net Income": 0
    },
    "2011-03-31": {
        "Diluted EPS": -0.02,
        "Total Revenue": 9,
        "Gross Profit": 4,
        "Operating Income": -1,
        "EBIT": 0,
        "Net Income": -1
    },
    "2010-12-31": {
        "Diluted EPS": -0.01,
        "Total Revenue": 9,
        "Gross Profit": 4,
        "Operating Income": -1,
        "EBIT": 0,
        "Net Income": 0
    },
    "2010-09-30": {
        "Diluted EPS": -0.03,
        "Total Revenue": 9,
        "Gross Profit": 4,
        "Operating Income": -1,
        "EBIT": -1,
        "Net Income": -1
    },
    "2010-06-30": {
        "Diluted EPS": -0.03,
        "Total Revenue": 8,
        "Gross Profit": 4,
        "Operating Income": -1,
        "EBIT": 0,
        "Net Income": -1
    },
    "2010-03-31": {
        "Diluted EPS": -0.02,
        "Total Revenue": 8,
        "Gross Profit": 4,
        "Operating Income": -1,
        "EBIT": 0,
        "Net Income": -1
    },
    "2009-12-31": {
        "Diluted EPS": -0.04,
        "Total Revenue": 8,
        "Gross Profit": 4,
        "Operating Income": -1,
        "EBIT": -1,
        "Net Income": -2
    },
    "2009-09-30": {
        "Diluted EPS": -0.02,
        "Total Revenue": 7,
        "Gross Profit": 4,
        "Operating Income": -1,
        "EBIT": 0,
        "Net Income": -1
    },
    "2009-06-30": {
        "Diluted EPS": 0.0,
        "Total Revenue": 7,
        "Gross Profit": 4,
        "Operating Income": 0,
        "EBIT": 0,
        "Net Income": 0
    },
    "2009-03-31": {
        "Diluted EPS": 0.0,
        "Total Revenue": 7,
        "Gross Profit": 4,
        "Operating Income": 0,
        "EBIT": 0,
        "Net Income": 0
    },
    "2023-06-30": {
        "Tax Effect Of Unusual Items": -266436.411411,
        "Tax Rate For Calcs": 0.086674,
        "Normalized EBITDA": -3524000.0,
        "Total Unusual Items": -3074000.0,
        "Total Unusual Items Excluding Goodwill": -3074000.0,
        "Net Income From Continuing Operation Net Minority Interest": -24331000.0,
        "Reconciled Depreciation": 18258000.0,
        "Reconciled Cost Of Revenue": 87026000.0,
        "EBITDA": -6598000.0,
        "EBIT": -24856000.0,
        "Net Interest Income": 2524000.0,
        "Interest Expense": 1784000.0,
        "Interest Income": 4308000.0,
        "Normalized Income": -21523436.411411,
        "Net Income From Continuing And Discontinued Operation": -24331000.0,
        "Total Expenses": 173737000.0,
        "Total Operating Income As Reported": -29894000.0,
        "Diluted Average Shares": 125356000.0,
        "Basic Average Shares": 125356000.0,
        "Diluted EPS": -0.19,
        "Basic EPS": -0.19,
        "Diluted NI Availto Com Stockholders": -24331000.0,
        "Net Income Common Stockholders": -24331000.0,
        "Net Income": -24331000.0,
        "Net Income Including Noncontrolling Interests": -24331000.0,
        "Net Income Continuous Operations": -24331000.0,
        "Tax Provision": -2309000.0,
        "Pretax Income": -26640000.0,
        "Other Income Expense": -2344000.0,
        "Other Non Operating Income Expenses": 730000.0,
        "Special Income Charges": -3074000.0,
        "Restructuring And Mergern Acquisition": 3074000.0,
        "Net Non Operating Interest Income Expense": 2524000.0,
        "Total Other Finance Cost": -2524000.0,
        "Interest Expense Non Operating": 1784000.0,
        "Interest Income Non Operating": 4308000.0,
        "Operating Income": -26820000.0,
        "Operating Expense": 86711000.0,
        "Research And Development": 7502000.0,
        "Selling General And Administration": 79209000.0,
        "Selling And Marketing Expense": 18901000.0,
        "General And Administrative Expense": 60308000.0,
        "Other Gand A": 60308000.0,
        "Gross Profit": 59891000.0,
        "Cost Of Revenue": 87026000.0,
        "Total Revenue": 146917000.0,
        "Operating Revenue": 146917000.0
    },
    "2023-09-30": {
        "Tax Effect Of Unusual Items": -290749.848492,
        "Tax Rate For Calcs": 0.136823,
        "Normalized EBITDA": -1812000.0,
        "Total Unusual Items": -2125000.0,
        "Total Unusual Items Excluding Goodwill": -2125000.0,
        "Net Income From Continuing Operation Net Minority Interest": -18516000.0,
        "Reconciled Depreciation": 18133000.0,
        "Reconciled Cost Of Revenue": 89643000.0,
        "EBITDA": -3937000.0,
        "EBIT": -22070000.0,
        "Net Interest Income": 2840000.0,
        "Interest Expense": NaN,
        "Interest Income": 2840000.0,
        "Normalized Income": -16681749.848492,
        "Net Income From Continuing And Discontinued Operation": -18516000.0,
        "Total Expenses": 174024000.0,
        "Total Operating Income As Reported": -24195000.0,
        "Diluted Average Shares": 125687000.0,
        "Basic Average Shares": 125687000.0,
        "Diluted EPS": -0.15,
        "Basic EPS": -0.15,
        "Diluted NI Availto Com Stockholders": -18516000.0,
        "Net Income Common Stockholders": -18516000.0,
        "Net Income": -18516000.0,
        "Net Income Including Noncontrolling Interests": -18516000.0,
        "Net Income Continuous Operations": -18516000.0,
        "Tax Provision": -2935000.0,
        "Pretax Income": -21451000.0,
        "Other Income Expense": -2221000.0,
        "Other Non Operating Income Expenses": -96000.0,
        "Special Income Charges": -2125000.0,
        "Restructuring And Mergern Acquisition": 2125000.0,
        "Net Non Operating Interest Income Expense": 2840000.0,
        "Total Other Finance Cost": NaN,
        "Interest Expense Non Operating": NaN,
        "Interest Income Non Operating": 2840000.0,
        "Operating Income": -22070000.0,
        "Operating Expense": 84381000.0,
        "Research And Development": 5285000.0,
        "Selling General And Administration": 79096000.0,
        "Selling And Marketing Expense": 17610000.0,
        "General And Administrative Expense": 61486000.0,
        "Other Gand A": 61486000.0,
        "Gross Profit": 62311000.0,
        "Cost Of Revenue": 89643000.0,
        "Total Revenue": 151954000.0,
        "Operating Revenue": 151954000.0
    },
    "2023-12-31": {
        "Tax Effect Of Unusual Items": -75677.090148,
        "Tax Rate For Calcs": 0.062803,
        "Normalized EBITDA": 8655000.0,
        "Total Unusual Items": -1205000.0,
        "Total Unusual Items Excluding Goodwill": -1205000.0,
        "Net Income From Continuing Operation Net Minority Interest": -14326000.0,
        "Reconciled Depreciation": 18361000.0,
        "Reconciled Cost Of Revenue": 87964000.0,
        "EBITDA": 7450000.0,
        "EBIT": -10911000.0,
        "Net Interest Income": 3164000.0,
        "Interest Expense": NaN,
        "Interest Income": 10071000.0,
        "Normalized Income": -13196677.090148,
        "Net Income From Continuing And Discontinued Operation": -14326000.0,
        "Total Expenses": 172921000.0,
        "Total Operating Income As Reported": -18574000.0,
        "Diluted Average Shares": NaN,
        "Basic Average Shares": NaN,
        "Diluted EPS": NaN,
        "Basic EPS": NaN,
        "Diluted NI Availto Com Stockholders": -14326000.0,
        "Net Income Common Stockholders": -14326000.0,
        "Net Income": -14326000.0,
        "Net Income Including Noncontrolling Interests": -14326000.0,
        "Net Income Continuous Operations": -14326000.0,
        "Tax Provision": -960000.0,
        "Pretax Income": -15286000.0,
        "Other Income Expense": -1081000.0,
        "Other Non Operating Income Expenses": 124000.0,
        "Special Income Charges": -1205000.0,
        "Restructuring And Mergern Acquisition": 1205000.0,
        "Net Non Operating Interest Income Expense": 3164000.0,
        "Total Other Finance Cost": NaN,
        "Interest Expense Non Operating": NaN,
        "Interest Income Non Operating": 10071000.0,
        "Operating Income": -17369000.0,
        "Operating Expense": 84957000.0,
        "Research And Development": 7127000.0,
        "Selling General And Administration": 77830000.0,
        "Selling And Marketing Expense": 18072000.0,
        "General And Administrative Expense": 59758000.0,
        "Other Gand A": 59758000.0,
        "Gross Profit": 67588000.0,
        "Cost Of Revenue": 87964000.0,
        "Total Revenue": 155552000.0,
        "Operating Revenue": 155552000.0
    },
    "2024-03-31": {
        "Tax Effect Of Unusual Items": -53710.487338,
        "Tax Rate For Calcs": 0.022398,
        "Normalized EBITDA": -5331000.0,
        "Total Unusual Items": -2398000.0,
        "Total Unusual Items Excluding Goodwill": -2398000.0,
        "Net Income From Continuing Operation Net Minority Interest": -27061000.0,
        "Reconciled Depreciation": 18267000.0,
        "Reconciled Cost Of Revenue": 90771000.0,
        "EBITDA": -7729000.0,
        "EBIT": -25996000.0,
        "Net Interest Income": 3149000.0,
        "Interest Expense": 1685000.0,
        "Interest Income": 4834000.0,
        "Normalized Income": -24716710.487338,
        "Net Income From Continuing And Discontinued Operation": -27061000.0,
        "Total Expenses": 184409000.0,
        "Total Operating Income As Reported": -30567000.0,
        "Diluted Average Shares": 126111000.0,
        "Basic Average Shares": 126111000.0,
        "Diluted EPS": -0.21,
        "Basic EPS": -0.21,
        "Diluted NI Availto Com Stockholders": -27061000.0,
        "Net Income Common Stockholders": -27061000.0,
        "Net Income": -27061000.0,
        "Net Income Including Noncontrolling Interests": -27061000.0,
        "Net Income Continuous Operations": -27061000.0,
        "Tax Provision": -620000.0,
        "Pretax Income": -27681000.0,
        "Other Income Expense": -2661000.0,
        "Other Non Operating Income Expenses": -263000.0,
        "Special Income Charges": -2398000.0,
        "Restructuring And Mergern Acquisition": 2398000.0,
        "Net Non Operating Interest Income Expense": 3149000.0,
        "Total Other Finance Cost": NaN,
        "Interest Expense Non Operating": 1685000.0,
        "Interest Income Non Operating": 4834000.0,
        "Operating Income": -28169000.0,
        "Operating Expense": 93638000.0,
        "Research And Development": 7620000.0,
        "Selling General And Administration": 86018000.0,
        "Selling And Marketing Expense": 20221000.0,
        "General And Administrative Expense": 65797000.0,
        "Other Gand A": 65797000.0,
        "Gross Profit": 65469000.0,
        "Cost Of Revenue": 90771000.0,
        "Total Revenue": 156240000.0,
        "Operating Revenue": 156240000.0
    },
    "2024-06-30": {
        "Tax Effect Of Unusual Items": -30446.442657,
        "Tax Rate For Calcs": 0.019719,
        "Normalized EBITDA": 2300000.0,
        "Total Unusual Items": -1544000.0,
        "Total Unusual Items Excluding Goodwill": -1544000.0,
        "Net Income From Continuing Operation Net Minority Interest": -18642000.0,
        "Reconciled Depreciation": 18107000.0,
        "Reconciled Cost Of Revenue": 92008000.0,
        "EBITDA": 756000.0,
        "EBIT": -17351000.0,
        "Net Interest Income": 2926000.0,
        "Interest Expense": 1666000.0,
        "Interest Income": 4592000.0,
        "Normalized Income": -17128446.442657,
        "Net Income From Continuing And Discontinued Operation": -18642000.0,
        "Total Expenses": 184899000.0,
        "Total Operating Income As Reported": -21941000.0,
        "Diluted Average Shares": 126405000.0,
        "Basic Average Shares": 126405000.0,
        "Diluted EPS": -0.15,
        "Basic EPS": -0.15,
        "Diluted NI Availto Com Stockholders": -18642000.0,
        "Net Income Common Stockholders": -18642000.0,
        "Net Income": -18642000.0,
        "Net Income Including Noncontrolling Interests": -18642000.0,
        "Net Income Continuous Operations": -18642000.0,
        "Tax Provision": -375000.0,
        "Pretax Income": -19017000.0,
        "Other Income Expense": -1546000.0,
        "Other Non Operating Income Expenses": -2000.0,
        "Special Income Charges": -1544000.0,
        "Restructuring And Mergern Acquisition": 1544000.0,
        "Net Non Operating Interest Income Expense": 2926000.0,
        "Total Other Finance Cost": NaN,
        "Interest Expense Non Operating": 1666000.0,
        "Interest Income Non Operating": 4592000.0,
        "Operating Income": -20397000.0,
        "Operating Expense": 92891000.0,
        "Research And Development": 7886000.0,
        "Selling General And Administration": 85005000.0,
        "Selling And Marketing Expense": 21677000.0,
        "General And Administrative Expense": 63328000.0,
        "Other Gand A": 63328000.0,
        "Gross Profit": 72494000.0,
        "Cost Of Revenue": 92008000.0,
        "Total Revenue": 164502000.0,
        "Operating Revenue": 164502000.0
    }
}