{
    "2023-06-30": {
        "Tax Effect Of Unusual Items": 0.0,
        "Tax Rate For Calcs": 0.18,
        "Normalized EBITDA": 278000000.0,
        "Total Unusual Items": 0.0,
        "Total Unusual Items Excluding Goodwill": 0.0,
        "Net Income From Continuing Operation Net Minority Interest": 49000000.0,
        "Reconciled Depreciation": 155000000.0,
        "Reconciled Cost Of Revenue": 111000000.0,
        "EBITDA": 278000000.0,
        "EBIT": 123000000.0,
        "Net Interest Income": -15000000.0,
        "Interest Expense": 15000000.0,
        "Interest Income": NaN,
        "Normalized Income": 49000000.0,
        "Net Income From Continuing And Discontinued Operation": 49000000.0,
        "Total Expenses": 286000000.0,
        "Total Operating Income As Reported": 64000000.0,
        "Diluted Average Shares": 92300000.0,
        "Basic Average Shares": 92300000.0,
        "Diluted EPS": 0.53,
        "Basic EPS": 0.53,
        "Diluted NI Availto Com Stockholders": 49000000.0,
        "Net Income Common Stockholders": 49000000.0,
        "Net Income": 49000000.0,
        "Minority Interests": -40000000.0,
        "Net Income Including Noncontrolling Interests": 89000000.0,
        "Net Income Discontinuous Operations": NaN,
        "Net Income Continuous Operations": 89000000.0,
        "Tax Provision": 19000000.0,
        "Pretax Income": 108000000.0,
        "Other Income Expense": 59000000.0,
        "Other Non Operating Income Expenses": 3000000.0,
        "Special Income Charges": 0.0,
        "Gain On Sale Of Business": 0.0,
        "Earnings From Equity Interest": 56000000.0,
        "Net Non Operating Interest Income Expense": -15000000.0,
        "Interest Expense Non Operating": 15000000.0,
        "Interest Income Non Operating": NaN,
        "Operating Income": 64000000.0,
        "Operating Expense": 155000000.0,
        "Other Taxes": 20000000.0,
        "Depreciation Amortization Depletion Income Statement": 135000000.0,
        "Depreciation And Amortization In Income Statement": 135000000.0,
        "Gross Profit": 219000000.0,
        "Cost Of Revenue": 131000000.0,
        "Total Revenue": 350000000.0,
        "Operating Revenue": 350000000.0
    },
    "2023-03-31": {
        "Tax Effect Of Unusual Items": 0.0,
        "Tax Rate For Calcs": 0.17,
        "Normalized EBITDA": 140000000.0,
        "Total Unusual Items": NaN,
        "Total Unusual Items Excluding Goodwill": NaN,
        "Net Income From Continuing Operation Net Minority Interest": -45000000.0,
        "Reconciled Depreciation": 152000000.0,
        "Reconciled Cost Of Revenue": 117000000.0,
        "EBITDA": 140000000.0,
        "EBIT": -12000000.0,
        "Net Interest Income": -206000000.0,
        "Interest Expense": 206000000.0,
        "Interest Income": NaN,
        "Normalized Income": -45000000.0,
        "Net Income From Continuing And Discontinued Operation": -14000000.0,
        "Total Expenses": 280000000.0,
        "Total Operating Income As Reported": -35000000.0,
        "Diluted Average Shares": 87900000.0,
        "Basic Average Shares": 87300000.0,
        "Diluted EPS": -0.17,
        "Basic EPS": -0.17,
        "Diluted NI Availto Com Stockholders": -14000000.0,
        "Net Income Common Stockholders": -14000000.0,
        "Net Income": -14000000.0,
        "Minority Interests": 137000000.0,
        "Net Income Including Noncontrolling Interests": -151000000.0,
        "Net Income Discontinuous Operations": 31000000.0,
        "Net Income Continuous Operations": -182000000.0,
        "Tax Provision": -36000000.0,
        "Pretax Income": -218000000.0,
        "Other Income Expense": 23000000.0,
        "Other Non Operating Income Expenses": 3000000.0,
        "Special Income Charges": NaN,
        "Gain On Sale Of Business": NaN,
        "Earnings From Equity Interest": 20000000.0,
        "Net Non Operating Interest Income Expense": -206000000.0,
        "Interest Expense Non Operating": 206000000.0,
        "Interest Income Non Operating": NaN,
        "Operating Income": -35000000.0,
        "Operating Expense": 134000000.0,
        "Other Taxes": 11000000.0,
        "Depreciation Amortization Depletion Income Statement": 123000000.0,
        "Depreciation And Amortization In Income Statement": 123000000.0,
        "Gross Profit": 99000000.0,
        "Cost Of Revenue": 146000000.0,
        "Total Revenue": 245000000.0,
        "Operating Revenue": 245000000.0
    },
    "2022-12-31": {
        "Tax Effect Of Unusual Items": NaN,
        "Tax Rate For Calcs": NaN,
        "Normalized EBITDA": NaN,
        "Total Unusual Items": 1000000.0,
        "Total Unusual Items Excluding Goodwill": 1000000.0,
        "Net Income From Continuing Operation Net Minority Interest": NaN,
        "Reconciled Depreciation": NaN,
        "Reconciled Cost Of Revenue": NaN,
        "EBITDA": NaN,
        "EBIT": NaN,
        "Net Interest Income": NaN,
        "Interest Expense": NaN,
        "Interest Income": 0.0,
        "Normalized Income": NaN,
        "Net Income From Continuing And Discontinued Operation": NaN,
        "Total Expenses": NaN,
        "Total Operating Income As Reported": NaN,
        "Diluted Average Shares": NaN,
        "Basic Average Shares": NaN,
        "Diluted EPS": NaN,
        "Basic EPS": NaN,
        "Diluted NI Availto Com Stockholders": NaN,
        "Net Income Common Stockholders": NaN,
        "Net Income": NaN,
        "Minority Interests": NaN,
        "Net Income Including Noncontrolling Interests": NaN,
        "Net Income Discontinuous Operations": NaN,
        "Net Income Continuous Operations": NaN,
        "Tax Provision": NaN,
        "Pretax Income": NaN,
        "Other Income Expense": NaN,
        "Other Non Operating Income Expenses": NaN,
        "Special Income Charges": 1000000.0,
        "Gain On Sale Of Business": 1000000.0,
        "Earnings From Equity Interest": NaN,
        "Net Non Operating Interest Income Expense": NaN,
        "Interest Expense Non Operating": NaN,
        "Interest Income Non Operating": 0.0,
        "Operating Income": NaN,
        "Operating Expense": NaN,
        "Other Taxes": NaN,
        "Depreciation Amortization Depletion Income Statement": NaN,
        "Depreciation And Amortization In Income Statement": NaN,
        "Gross Profit": NaN,
        "Cost Of Revenue": NaN,
        "Total Revenue": NaN,
        "Operating Revenue": NaN
    },
    "2022-09-30": {
        "Tax Effect Of Unusual Items": NaN,
        "Tax Rate For Calcs": NaN,
        "Normalized EBITDA": NaN,
        "Total Unusual Items": 8000000.0,
        "Total Unusual Items Excluding Goodwill": 8000000.0,
        "Net Income From Continuing Operation Net Minority Interest": NaN,
        "Reconciled Depreciation": NaN,
        "Reconciled Cost Of Revenue": NaN,
        "EBITDA": NaN,
        "EBIT": NaN,
        "Net Interest Income": NaN,
        "Interest Expense": NaN,
        "Interest Income": 155000000.0,
        "Normalized Income": NaN,
        "Net Income From Continuing And Discontinued Operation": NaN,
        "Total Expenses": NaN,
        "Total Operating Income As Reported": NaN,
        "Diluted Average Shares": NaN,
        "Basic Average Shares": NaN,
        "Diluted EPS": NaN,
        "Basic EPS": NaN,
        "Diluted NI Availto Com Stockholders": NaN,
        "Net Income Common Stockholders": NaN,
        "Net Income": NaN,
        "Minority Interests": NaN,
        "Net Income Including Noncontrolling Interests": NaN,
        "Net Income Discontinuous Operations": NaN,
        "Net Income Continuous Operations": NaN,
        "Tax Provision": NaN,
        "Pretax Income": NaN,
        "Other Income Expense": NaN,
        "Other Non Operating Income Expenses": NaN,
        "Special Income Charges": 8000000.0,
        "Gain On Sale Of Business": 8000000.0,
        "Earnings From Equity Interest": NaN,
        "Net Non Operating Interest Income Expense": NaN,
        "Interest Expense Non Operating": NaN,
        "Interest Income Non Operating": 155000000.0,
        "Operating Income": NaN,
        "Operating Expense": NaN,
        "Other Taxes": NaN,
        "Depreciation Amortization Depletion Income Statement": NaN,
        "Depreciation And Amortization In Income Statement": NaN,
        "Gross Profit": NaN,
        "Cost Of Revenue": NaN,
        "Total Revenue": NaN,
        "Operating Revenue": NaN
    },
    "2022-06-30": {
        "Tax Effect Of Unusual Items": 3608695.652174,
        "Tax Rate For Calcs": 0.133655,
        "Normalized EBITDA": 223000000.0,
        "Total Unusual Items": 27000000.0,
        "Total Unusual Items Excluding Goodwill": 27000000.0,
        "Net Income From Continuing Operation Net Minority Interest": 219000000.0,
        "Reconciled Depreciation": 144000000.0,
        "Reconciled Cost Of Revenue": 97000000.0,
        "EBITDA": 250000000.0,
        "EBIT": 106000000.0,
        "Net Interest Income": 414000000.0,
        "Interest Expense": NaN,
        "Interest Income": 414000000.0,
        "Normalized Income": 195608695.652174,
        "Net Income From Continuing And Discontinued Operation": 219000000.0,
        "Total Expenses": 256000000.0,
        "Total Operating Income As Reported": 133000000.0,
        "Diluted Average Shares": 83900000.0,
        "Basic Average Shares": 83900000.0,
        "Diluted EPS": 2.61,
        "Basic EPS": 2.61,
        "Diluted NI Availto Com Stockholders": 219000000.0,
        "Net Income Common Stockholders": 219000000.0,
        "Net Income": 219000000.0,
        "Minority Interests": -319000000.0,
        "Net Income Including Noncontrolling Interests": 538000000.0,
        "Net Income Continuous Operations": 538000000.0,
        "Tax Provision": 83000000.0,
        "Pretax Income": 621000000.0,
        "Other Income Expense": 101000000.0,
        "Other Non Operating Income Expenses": 1000000.0,
        "Special Income Charges": 27000000.0,
        "Gain On Sale Of Business": 27000000.0,
        "Earnings From Equity Interest": 73000000.0,
        "Net Non Operating Interest Income Expense": 414000000.0,
        "Interest Expense Non Operating": NaN,
        "Interest Income Non Operating": 414000000.0,
        "Operating Income": 106000000.0,
        "Operating Expense": 120000000.0,
        "Other Taxes": 15000000.0,
        "Depreciation Amortization Depletion Income Statement": 105000000.0,
        "Depreciation And Amortization In Income Statement": 105000000.0,
        "Gross Profit": 226000000.0,
        "Cost Of Revenue": 136000000.0,
        "Total Revenue": 362000000.0,
        "Operating Revenue": 362000000.0
    },
    "2022-03-31": {
        "Diluted EPS": 1.72,
        "Total Revenue": 281,
        "Gross Profit": 281,
        "Operating Income": 34,
        "EBIT": 176,
        "Net Income": 144
    },
    "2021-12-31": {
        "Diluted EPS": -0.17,
        "Total Revenue": 231,
        "Gross Profit": 231,
        "Operating Income": 22,
        "EBIT": 138,
        "Net Income": -9
    },
    "2021-09-30": {
        "Diluted EPS": 0.24,
        "Total Revenue": 252,
        "Gross Profit": 252,
        "Operating Income": 64,
        "EBIT": 165,
        "Net Income": 18
    },
    "2021-06-30": {
        "Diluted EPS": -0.96,
        "Total Revenue": 253,
        "Gross Profit": 253,
        "Operating Income": 70,
        "EBIT": 165,
        "Net Income": -74
    },
    "2021-03-31": {
        "Diluted EPS": 2.66,
        "Total Revenue": 246,
        "Gross Profit": 246,
        "Operating Income": 78,
        "EBIT": 171,
        "Net Income": 202
    },
    "2020-12-31": {
        "Diluted EPS": 1.13,
        "Total Revenue": 212,
        "Gross Profit": 212,
        "Operating Income": 47,
        "EBIT": 144,
        "Net Income": 64
    },
    "2020-09-30": {
        "Diluted EPS": 0.76,
        "Total Revenue": 240,
        "Gross Profit": 240,
        "Operating Income": 68,
        "EBIT": 161,
        "Net Income": 56
    },
    "2020-06-30": {
        "Diluted EPS": 0.69,
        "Total Revenue": 253,
        "Gross Profit": 253,
        "Operating Income": 89,
        "EBIT": 181,
        "Net Income": 47
    },
    "2020-03-31": {
        "Diluted EPS": -3.39,
        "Total Revenue": 212,
        "Gross Profit": 212,
        "Operating Income": 49,
        "EBIT": 141,
        "Net Income": -222
    },
    "2019-12-31": {
        "Diluted EPS": 0.57,
        "Total Revenue": 206,
        "Gross Profit": 206,
        "Operating Income": 44,
        "EBIT": 137,
        "Net Income": 34
    },
    "2019-09-30": {
        "Diluted EPS": -1.21,
        "Total Revenue": 253,
        "Gross Profit": 253,
        "Operating Income": 88,
        "EBIT": 181,
        "Net Income": -72
    },
    "2019-06-30": {
        "Diluted EPS": -0.49,
        "Total Revenue": 219,
        "Gross Profit": 219,
        "Operating Income": 67,
        "EBIT": 142,
        "Net Income": -28
    },
    "2019-03-31": {
        "Diluted EPS": -0.38,
        "Total Revenue": 177,
        "Gross Profit": 177,
        "Operating Income": 34,
        "EBIT": 104,
        "Net Income": -22
    },
    "2018-12-31": {
        "Diluted EPS": -0.31,
        "Total Revenue": 156,
        "Gross Profit": 156,
        "Operating Income": 31,
        "EBIT": 82,
        "Net Income": -22
    },
    "2018-09-30": {
        "Diluted EPS": 0.58,
        "Total Revenue": 178,
        "Gross Profit": 178,
        "Operating Income": 59,
        "EBIT": 109,
        "Net Income": 33
    },
    "2018-06-30": {
        "Diluted EPS": 1.42,
        "Total Revenue": 225,
        "Gross Profit": 225,
        "Operating Income": 261,
        "EBIT": 310,
        "Net Income": 82
    },
    "2018-03-31": {
        "Diluted EPS": 1.22,
        "Total Revenue": 212,
        "Gross Profit": 212,
        "Operating Income": 92,
        "EBIT": 145,
        "Net Income": 74
    },
    "2017-12-31": {
        "Diluted EPS": -1.65,
        "Total Revenue": 198,
        "Gross Profit": 198,
        "Operating Income": 69,
        "EBIT": 126,
        "Net Income": -90
    },
    "2017-09-30": {
        "Diluted EPS": 0.01,
        "Total Revenue": 191,
        "Gross Profit": 191,
        "Operating Income": 69,
        "EBIT": 126,
        "Net Income": 1
    },
    "2017-06-30": {
        "Diluted EPS": 0.24,
        "Total Revenue": 220,
        "Gross Profit": 220,
        "Operating Income": 92,
        "EBIT": 148,
        "Net Income": 13
    },
    "2017-03-31": {
        "Diluted EPS": 0.22,
        "Total Revenue": 198,
        "Gross Profit": 198,
        "Operating Income": 82,
        "EBIT": 138,
        "Net Income": 12
    },
    "2016-12-31": {
        "Diluted EPS": 0.95,
        "Total Revenue": 222,
        "Gross Profit": 222,
        "Operating Income": 67,
        "EBIT": 141,
        "Net Income": 43
    },
    "2016-09-30": {
        "Diluted EPS": 0.62,
        "Total Revenue": 191,
        "Gross Profit": 191,
        "Operating Income": 80,
        "EBIT": 134,
        "Net Income": 27
    },
    "2016-06-30": {
        "Diluted EPS": 0.19,
        "Total Revenue": 188,
        "Gross Profit": 188,
        "Operating Income": 82,
        "EBIT": 139,
        "Net Income": 8
    },
    "2016-03-31": {
        "Diluted EPS": 0.14,
        "Total Revenue": 171,
        "Gross Profit": 171,
        "Operating Income": 73,
        "EBIT": 123,
        "Net Income": 5
    },
    "2015-12-31": {
        "Diluted EPS": 0.17,
        "Total Revenue": 153,
        "Gross Profit": 153,
        "Operating Income": 59,
        "EBIT": 107,
        "Net Income": 3
    },
    "2015-09-30": {
        "Diluted EPS": 0.05,
        "Total Revenue": 115,
        "Gross Profit": 115,
        "Operating Income": 48,
        "EBIT": 86,
        "Net Income": 1
    },
    "2015-06-30": {
        "Diluted EPS": 0.16,
        "Total Revenue": 125,
        "Gross Profit": 125,
        "Operating Income": 58,
        "EBIT": 98,
        "Net Income": 4
    },
    "2015-03-31": {
        "Diluted EPS": 0.08,
        "Total Revenue": 108,
        "Gross Profit": 108,
        "Operating Income": 44,
        "EBIT": 81,
        "Net Income": 2
    },
    "2014-12-31": {
        "Diluted EPS": -1.2,
        "Total Revenue": 104,
        "Gross Profit": 104,
        "Operating Income": 40,
        "EBIT": 67,
        "Net Income": -29
    },
    "2014-09-30": {
        "Diluted EPS": 0.17,
        "Total Revenue": 97,
        "Gross Profit": 97,
        "Operating Income": 52,
        "EBIT": 78,
        "Net Income": 3
    },
    "2014-06-30": {
        "Diluted EPS": 1.19,
        "Total Revenue": 99,
        "Gross Profit": 99,
        "Operating Income": 54,
        "EBIT": 82,
        "Net Income": 23
    },
    "2014-03-31": {
        "Diluted EPS": 0.0,
        "Total Revenue": 59,
        "Gross Profit": 59,
        "Operating Income": 30,
        "EBIT": 48,
        "Net Income": 6
    },
    "2013-12-31": {
        "Diluted EPS": 0.0,
        "Total Revenue": NaN,
        "Gross Profit": NaN,
        "Operating Income": NaN,
        "EBIT": NaN,
        "Net Income": NaN
    },
    "2013-09-30": {
        "Diluted EPS": 0.0,
        "Total Revenue": 28,
        "Gross Profit": 28,
        "Operating Income": 9,
        "EBIT": 20,
        "Net Income": -2
    },
    "2013-06-30": {
        "Diluted EPS": 0.0,
        "Total Revenue": 34,
        "Gross Profit": 34,
        "Operating Income": 19,
        "EBIT": 19,
        "Net Income": 8
    },
    "2012-12-31": {
        "Diluted EPS": 0.0,
        "Total Revenue": NaN,
        "Gross Profit": NaN,
        "Operating Income": NaN,
        "EBIT": NaN,
        "Net Income": NaN
    },
    "2023-09-30": {
        "Tax Effect Of Unusual Items": 0.0,
        "Tax Rate For Calcs": 0.19,
        "Normalized EBITDA": 239000000.0,
        "Total Unusual Items": 0.0,
        "Total Unusual Items Excluding Goodwill": 0.0,
        "Net Income From Continuing Operation Net Minority Interest": 53000000.0,
        "Reconciled Depreciation": 166000000.0,
        "Reconciled Cost Of Revenue": 107000000.0,
        "EBITDA": 239000000.0,
        "EBIT": 73000000.0,
        "Net Interest Income": 17000000.0,
        "Interest Expense": NaN,
        "Interest Income": 17000000.0,
        "Normalized Income": 53000000.0,
        "Net Income From Continuing And Discontinued Operation": 53000000.0,
        "Total Expenses": 294000000.0,
        "Total Operating Income As Reported": 73000000.0,
        "Diluted Average Shares": 93400000.0,
        "Basic Average Shares": 93400000.0,
        "Diluted EPS": 0.57,
        "Basic EPS": 0.57,
        "Diluted NI Availto Com Stockholders": 53000000.0,
        "Net Income Common Stockholders": 53000000.0,
        "Net Income": 53000000.0,
        "Minority Interests": -79000000.0,
        "Net Income Including Noncontrolling Interests": 132000000.0,
        "Net Income Discontinuous Operations": NaN,
        "Net Income Continuous Operations": 132000000.0,
        "Tax Provision": 31000000.0,
        "Pretax Income": 163000000.0,
        "Other Income Expense": 73000000.0,
        "Other Non Operating Income Expenses": 2000000.0,
        "Special Income Charges": 0.0,
        "Gain On Sale Of Business": 0.0,
        "Earnings From Equity Interest": 71000000.0,
        "Net Non Operating Interest Income Expense": 17000000.0,
        "Interest Expense Non Operating": NaN,
        "Interest Income Non Operating": 17000000.0,
        "Operating Income": 73000000.0,
        "Operating Expense": 166000000.0,
        "Other Taxes": 21000000.0,
        "Depreciation Amortization Depletion Income Statement": 145000000.0,
        "Depreciation And Amortization In Income Statement": 145000000.0,
        "Gross Profit": 239000000.0,
        "Cost Of Revenue": 128000000.0,
        "Total Revenue": 367000000.0,
        "Operating Revenue": 367000000.0
    },
    "2023-12-31": {
        "Tax Effect Of Unusual Items": 0.0,
        "Tax Rate For Calcs": 0.119534,
        "Normalized EBITDA": 6000000.0,
        "Total Unusual Items": 0.0,
        "Total Unusual Items Excluding Goodwill": 0.0,
        "Net Income From Continuing Operation Net Minority Interest": -338000000.0,
        "Reconciled Depreciation": 162000000.0,
        "Reconciled Cost Of Revenue": 55000000.0,
        "EBITDA": 6000000.0,
        "EBIT": -156000000.0,
        "Net Interest Income": -187000000.0,
        "Interest Expense": 187000000.0,
        "Interest Income": NaN,
        "Normalized Income": -338000000.0,
        "Net Income From Continuing And Discontinued Operation": 112000000.0,
        "Total Expenses": 228000000.0,
        "Total Operating Income As Reported": -168000000.0,
        "Diluted Average Shares": 93400000.0,
        "Basic Average Shares": 93400000.0,
        "Diluted EPS": 1.2,
        "Basic EPS": 1.2,
        "Diluted NI Availto Com Stockholders": 112000000.0,
        "Net Income Common Stockholders": 112000000.0,
        "Net Income": 112000000.0,
        "Minority Interests": -36000000.0,
        "Net Income Including Noncontrolling Interests": 148000000.0,
        "Net Income Discontinuous Operations": NaN,
        "Net Income Continuous Operations": -302000000.0,
        "Tax Provision": -41000000.0,
        "Pretax Income": -343000000.0,
        "Other Income Expense": 12000000.0,
        "Other Non Operating Income Expenses": 3000000.0,
        "Special Income Charges": 0.0,
        "Gain On Sale Of Business": 0.0,
        "Earnings From Equity Interest": 9000000.0,
        "Net Non Operating Interest Income Expense": -187000000.0,
        "Interest Expense Non Operating": 187000000.0,
        "Interest Income Non Operating": NaN,
        "Operating Income": -168000000.0,
        "Operating Expense": 120000000.0,
        "Other Taxes": 11000000.0,
        "Depreciation Amortization Depletion Income Statement": 109000000.0,
        "Depreciation And Amortization In Income Statement": 109000000.0,
        "Gross Profit": -48000000.0,
        "Cost Of Revenue": 108000000.0,
        "Total Revenue": 60000000.0,
        "Operating Revenue": 60000000.0
    },
    "2024-03-31": {
        "Tax Effect Of Unusual Items": 0.0,
        "Tax Rate For Calcs": 0.4,
        "Normalized EBITDA": 192000000.0,
        "Total Unusual Items": NaN,
        "Total Unusual Items Excluding Goodwill": NaN,
        "Net Income From Continuing Operation Net Minority Interest": 70000000.0,
        "Reconciled Depreciation": 157000000.0,
        "Reconciled Cost Of Revenue": 102000000.0,
        "EBITDA": 192000000.0,
        "EBIT": 35000000.0,
        "Net Interest Income": -13000000.0,
        "Interest Expense": 13000000.0,
        "Interest Income": NaN,
        "Normalized Income": 70000000.0,
        "Net Income From Continuing And Discontinued Operation": 70000000.0,
        "Total Expenses": 278000000.0,
        "Total Operating Income As Reported": -21000000.0,
        "Diluted Average Shares": 93500000.0,
        "Basic Average Shares": 93500000.0,
        "Diluted EPS": 0.75,
        "Basic EPS": 0.75,
        "Diluted NI Availto Com Stockholders": 70000000.0,
        "Net Income Common Stockholders": 70000000.0,
        "Net Income": 70000000.0,
        "Minority Interests": 35000000.0,
        "Net Income Including Noncontrolling Interests": 35000000.0,
        "Net Income Discontinuous Operations": 0.0,
        "Net Income Continuous Operations": 35000000.0,
        "Tax Provision": -13000000.0,
        "Pretax Income": 22000000.0,
        "Other Income Expense": 56000000.0,
        "Other Non Operating Income Expenses": 22000000.0,
        "Special Income Charges": NaN,
        "Gain On Sale Of Business": NaN,
        "Earnings From Equity Interest": 34000000.0,
        "Net Non Operating Interest Income Expense": -13000000.0,
        "Interest Expense Non Operating": 13000000.0,
        "Interest Income Non Operating": NaN,
        "Operating Income": -21000000.0,
        "Operating Expense": 155000000.0,
        "Other Taxes": 19000000.0,
        "Depreciation Amortization Depletion Income Statement": 136000000.0,
        "Depreciation And Amortization In Income Statement": 136000000.0,
        "Gross Profit": 134000000.0,
        "Cost Of Revenue": 123000000.0,
        "Total Revenue": 257000000.0,
        "Operating Revenue": 257000000.0
    }
}