{
    "2023-03-31": {
        "Tax Effect Of Unusual Items": 0.0,
        "Tax Rate For Calcs": 0.21,
        "Normalized EBITDA": -3133000.0,
        "Total Unusual Items": NaN,
        "Total Unusual Items Excluding Goodwill": NaN,
        "Net Income From Continuing Operation Net Minority Interest": -38082000.0,
        "Reconciled Depreciation": 31509000.0,
        "Reconciled Cost Of Revenue": 70432000.0,
        "EBITDA": -3133000.0,
        "EBIT": -34642000.0,
        "Net Interest Income": 11361000.0,
        "Interest Expense": 2126000.0,
        "Interest Income": 13487000.0,
        "Normalized Income": -38082000.0,
        "Net Income From Continuing And Discontinued Operation": -38082000.0,
        "Total Expenses": 337447000.0,
        "Total Operating Income As Reported": -47272000.0,
        "Diluted Average Shares": 330389000.0,
        "Basic Average Shares": 330389000.0,
        "Diluted EPS": -0.12,
        "Basic EPS": -0.12,
        "Diluted NI Availto Com Stockholders": -38082000.0,
        "Net Income Common Stockholders": -38082000.0,
        "Net Income": -38082000.0,
        "Net Income Including Noncontrolling Interests": -38082000.0,
        "Net Income Continuous Operations": -38082000.0,
        "Tax Provision": 1314000.0,
        "Pretax Income": -36768000.0,
        "Other Income Expense": -857000.0,
        "Other Non Operating Income Expenses": -857000.0,
        "Special Income Charges": NaN,
        "Other Special Charges": NaN,
        "Net Non Operating Interest Income Expense": 11361000.0,
        "Interest Expense Non Operating": 2126000.0,
        "Interest Income Non Operating": 13487000.0,
        "Operating Income": -47272000.0,
        "Operating Expense": 267015000.0,
        "Research And Development": 81539000.0,
        "Selling General And Administration": 185476000.0,
        "Selling And Marketing Expense": 137001000.0,
        "General And Administrative Expense": 48475000.0,
        "Other Gand A": 48475000.0,
        "Gross Profit": 219743000.0,
        "Cost Of Revenue": 70432000.0,
        "Total Revenue": 290175000.0,
        "Operating Revenue": 290175000.0
    },
    "2022-12-31": {
        "Tax Effect Of Unusual Items": NaN,
        "Tax Rate For Calcs": NaN,
        "Normalized EBITDA": NaN,
        "Total Unusual Items": 0.0,
        "Total Unusual Items Excluding Goodwill": 0.0,
        "Net Income From Continuing Operation Net Minority Interest": NaN,
        "Reconciled Depreciation": NaN,
        "Reconciled Cost Of Revenue": NaN,
        "EBITDA": NaN,
        "EBIT": NaN,
        "Net Interest Income": NaN,
        "Interest Expense": NaN,
        "Interest Income": NaN,
        "Normalized Income": NaN,
        "Net Income From Continuing And Discontinued Operation": NaN,
        "Total Expenses": NaN,
        "Total Operating Income As Reported": NaN,
        "Diluted Average Shares": NaN,
        "Basic Average Shares": NaN,
        "Diluted EPS": NaN,
        "Basic EPS": NaN,
        "Diluted NI Availto Com Stockholders": NaN,
        "Net Income Common Stockholders": NaN,
        "Net Income": NaN,
        "Net Income Including Noncontrolling Interests": NaN,
        "Net Income Continuous Operations": NaN,
        "Tax Provision": NaN,
        "Pretax Income": NaN,
        "Other Income Expense": NaN,
        "Other Non Operating Income Expenses": NaN,
        "Special Income Charges": 0.0,
        "Other Special Charges": NaN,
        "Net Non Operating Interest Income Expense": NaN,
        "Interest Expense Non Operating": NaN,
        "Interest Income Non Operating": NaN,
        "Operating Income": NaN,
        "Operating Expense": NaN,
        "Research And Development": NaN,
        "Selling General And Administration": NaN,
        "Selling And Marketing Expense": NaN,
        "General And Administrative Expense": NaN,
        "Other Gand A": NaN,
        "Gross Profit": NaN,
        "Cost Of Revenue": NaN,
        "Total Revenue": NaN,
        "Operating Revenue": NaN
    },
    "2022-09-30": {
        "Tax Effect Of Unusual Items": NaN,
        "Tax Rate For Calcs": NaN,
        "Normalized EBITDA": NaN,
        "Total Unusual Items": 0.0,
        "Total Unusual Items Excluding Goodwill": 0.0,
        "Net Income From Continuing Operation Net Minority Interest": NaN,
        "Reconciled Depreciation": NaN,
        "Reconciled Cost Of Revenue": NaN,
        "EBITDA": NaN,
        "EBIT": NaN,
        "Net Interest Income": NaN,
        "Interest Expense": NaN,
        "Interest Income": NaN,
        "Normalized Income": NaN,
        "Net Income From Continuing And Discontinued Operation": NaN,
        "Total Expenses": NaN,
        "Total Operating Income As Reported": NaN,
        "Diluted Average Shares": NaN,
        "Basic Average Shares": NaN,
        "Diluted EPS": NaN,
        "Basic EPS": NaN,
        "Diluted NI Availto Com Stockholders": NaN,
        "Net Income Common Stockholders": NaN,
        "Net Income": NaN,
        "Net Income Including Noncontrolling Interests": NaN,
        "Net Income Continuous Operations": NaN,
        "Tax Provision": NaN,
        "Pretax Income": NaN,
        "Other Income Expense": NaN,
        "Other Non Operating Income Expenses": NaN,
        "Special Income Charges": 0.0,
        "Other Special Charges": NaN,
        "Net Non Operating Interest Income Expense": NaN,
        "Interest Expense Non Operating": NaN,
        "Interest Income Non Operating": NaN,
        "Operating Income": NaN,
        "Operating Expense": NaN,
        "Research And Development": NaN,
        "Selling General And Administration": NaN,
        "Selling And Marketing Expense": NaN,
        "General And Administrative Expense": NaN,
        "Other Gand A": NaN,
        "Gross Profit": NaN,
        "Cost Of Revenue": NaN,
        "Total Revenue": NaN,
        "Operating Revenue": NaN
    },
    "2022-06-30": {
        "Tax Effect Of Unusual Items": 0.0,
        "Tax Rate For Calcs": 0.002668,
        "Normalized EBITDA": -37329000.0,
        "Total Unusual Items": NaN,
        "Total Unusual Items Excluding Goodwill": NaN,
        "Net Income From Continuing Operation Net Minority Interest": -63537000.0,
        "Reconciled Depreciation": 25338000.0,
        "Reconciled Cost Of Revenue": 55804000.0,
        "EBITDA": -37329000.0,
        "EBIT": -62667000.0,
        "Net Interest Income": 601000.0,
        "Interest Expense": 1040000.0,
        "Interest Income": 1641000.0,
        "Normalized Income": -63537000.0,
        "Net Income From Continuing And Discontinued Operation": -63537000.0,
        "Total Expenses": 299058000.0,
        "Total Operating Income As Reported": -64541000.0,
        "Diluted Average Shares": 325197000.0,
        "Basic Average Shares": 325197000.0,
        "Diluted EPS": -0.2,
        "Basic EPS": -0.2,
        "Diluted NI Availto Com Stockholders": -63537000.0,
        "Net Income Common Stockholders": -63537000.0,
        "Net Income": -63537000.0,
        "Net Income Including Noncontrolling Interests": -63537000.0,
        "Net Income Continuous Operations": -63537000.0,
        "Tax Provision": -170000.0,
        "Pretax Income": -63707000.0,
        "Other Income Expense": 233000.0,
        "Other Non Operating Income Expenses": 233000.0,
        "Special Income Charges": NaN,
        "Other Special Charges": NaN,
        "Net Non Operating Interest Income Expense": 601000.0,
        "Interest Expense Non Operating": 1040000.0,
        "Interest Income Non Operating": 1641000.0,
        "Operating Income": -64541000.0,
        "Operating Expense": 243254000.0,
        "Research And Development": 75114000.0,
        "Selling General And Administration": 168140000.0,
        "Selling And Marketing Expense": 117622000.0,
        "General And Administrative Expense": 50518000.0,
        "Other Gand A": 50518000.0,
        "Gross Profit": 178713000.0,
        "Cost Of Revenue": 55804000.0,
        "Total Revenue": 234517000.0,
        "Operating Revenue": 234517000.0
    },
    "2023-06-30": {
        "Tax Effect Of Unusual Items": -10563000.0,
        "Tax Rate For Calcs": 0.21,
        "Normalized EBITDA": -7490000.0,
        "Total Unusual Items": -50300000.0,
        "Total Unusual Items Excluding Goodwill": -50300000.0,
        "Net Income From Continuing Operation Net Minority Interest": -94467000.0,
        "Reconciled Depreciation": 33673000.0,
        "Reconciled Cost Of Revenue": 75221000.0,
        "EBITDA": -57790000.0,
        "EBIT": -91463000.0,
        "Net Interest Income": 14997000.0,
        "Interest Expense": 1539000.0,
        "Interest Income": 16536000.0,
        "Normalized Income": -54730000.0,
        "Net Income From Continuing And Discontinued Operation": -94467000.0,
        "Total Expenses": 364666000.0,
        "Total Operating Income As Reported": -56172000.0,
        "Diluted Average Shares": 332297000.0,
        "Basic Average Shares": 332297000.0,
        "Diluted EPS": -0.28,
        "Basic EPS": -0.28,
        "Diluted NI Availto Com Stockholders": -94467000.0,
        "Net Income Common Stockholders": -94467000.0,
        "Net Income": -94467000.0,
        "Net Income Including Noncontrolling Interests": -94467000.0,
        "Net Income Continuous Operations": -94467000.0,
        "Tax Provision": 1465000.0,
        "Pretax Income": -93002000.0,
        "Other Income Expense": -51827000.0,
        "Other Non Operating Income Expenses": -1527000.0,
        "Special Income Charges": -50300000.0,
        "Other Special Charges": 50300000.0,
        "Net Non Operating Interest Income Expense": 14997000.0,
        "Interest Expense Non Operating": 1539000.0,
        "Interest Income Non Operating": 16536000.0,
        "Operating Income": -56172000.0,
        "Operating Expense": 289445000.0,
        "Research And Development": 89610000.0,
        "Selling General And Administration": 199835000.0,
        "Selling And Marketing Expense": 146688000.0,
        "General And Administrative Expense": 53147000.0,
        "Other Gand A": 53147000.0,
        "Gross Profit": 233273000.0,
        "Cost Of Revenue": 75221000.0,
        "Total Revenue": 308494000.0,
        "Operating Revenue": 308494000.0
    },
    "2022-03-31": {
        "Diluted EPS": -0.13,
        "Total Revenue": 212,
        "Gross Profit": 165,
        "Operating Income": -40,
        "EBIT": -9,
        "Net Income": -41
    },
    "2021-12-31": {
        "Diluted EPS": -0.24,
        "Total Revenue": 194,
        "Gross Profit": 151,
        "Operating Income": -41,
        "EBIT": 2,
        "Net Income": -78
    },
    "2021-09-30": {
        "Diluted EPS": -0.34,
        "Total Revenue": 172,
        "Gross Profit": 135,
        "Operating Income": -26,
        "EBIT": 11,
        "Net Income": -107
    },
    "2021-06-30": {
        "Diluted EPS": -0.12,
        "Total Revenue": 152,
        "Gross Profit": 117,
        "Operating Income": -29,
        "EBIT": 3,
        "Net Income": -36
    },
    "2021-03-31": {
        "Diluted EPS": -0.13,
        "Total Revenue": 138,
        "Gross Profit": 106,
        "Operating Income": -31,
        "EBIT": -1,
        "Net Income": -40
    },
    "2020-12-31": {
        "Diluted EPS": -0.11,
        "Total Revenue": 126,
        "Gross Profit": 97,
        "Operating Income": -25,
        "EBIT": 4,
        "Net Income": -34
    },
    "2020-09-30": {
        "Diluted EPS": -0.09,
        "Total Revenue": 114,
        "Gross Profit": 87,
        "Operating Income": -21,
        "EBIT": 5,
        "Net Income": -26
    },
    "2020-06-30": {
        "Diluted EPS": -0.09,
        "Total Revenue": 100,
        "Gross Profit": 76,
        "Operating Income": -25,
        "EBIT": -5,
        "Net Income": -26
    },
    "2020-03-31": {
        "Diluted EPS": -0.11,
        "Total Revenue": 91,
        "Gross Profit": 70,
        "Operating Income": -36,
        "EBIT": -22,
        "Net Income": -33
    },
    "2019-12-31": {
        "Diluted EPS": 0.06,
        "Total Revenue": 84,
        "Gross Profit": 66,
        "Operating Income": -30,
        "EBIT": -18,
        "Net Income": -28
    },
    "2019-09-30": {
        "Diluted EPS": -0.35,
        "Total Revenue": 74,
        "Gross Profit": 58,
        "Operating Income": -41,
        "EBIT": -31,
        "Net Income": -41
    },
    "2019-06-30": {
        "Diluted EPS": -0.23,
        "Total Revenue": 67,
        "Gross Profit": 53,
        "Operating Income": -20,
        "EBIT": -10,
        "Net Income": -20
    },
    "2019-03-31": {
        "Diluted EPS": -0.2,
        "Total Revenue": 62,
        "Gross Profit": 47,
        "Operating Income": -17,
        "EBIT": -9,
        "Net Income": -17
    },
    "2018-12-31": {
        "Diluted EPS": 0.0,
        "Total Revenue": NaN,
        "Gross Profit": NaN,
        "Operating Income": NaN,
        "EBIT": NaN,
        "Net Income": NaN
    },
    "2018-09-30": {
        "Diluted EPS": -0.47,
        "Total Revenue": 50,
        "Gross Profit": 39,
        "Operating Income": -36,
        "EBIT": -36,
        "Net Income": -38
    },
    "2017-12-31": {
        "Diluted EPS": 0.0,
        "Total Revenue": NaN,
        "Gross Profit": NaN,
        "Operating Income": NaN,
        "EBIT": NaN,
        "Net Income": NaN
    },
    "2016-12-31": {
        "Diluted EPS": 0.0,
        "Total Revenue": NaN,
        "Gross Profit": NaN,
        "Operating Income": NaN,
        "EBIT": NaN,
        "Net Income": NaN
    },
    "2023-09-30": {
        "Tax Effect Of Unusual Items": 0.0,
        "Tax Rate For Calcs": 0.21,
        "Normalized EBITDA": 13315000.0,
        "Total Unusual Items": 0.0,
        "Total Unusual Items Excluding Goodwill": 0.0,
        "Net Income From Continuing Operation Net Minority Interest": -23535000.0,
        "Reconciled Depreciation": 34458000.0,
        "Reconciled Cost Of Revenue": 78069000.0,
        "EBITDA": 13315000.0,
        "EBIT": -21143000.0,
        "Net Interest Income": 16816000.0,
        "Interest Expense": 1138000.0,
        "Interest Income": 17954000.0,
        "Normalized Income": -23535000.0,
        "Net Income From Continuing And Discontinued Operation": -23535000.0,
        "Total Expenses": 374815000.0,
        "Total Operating Income As Reported": -39212000.0,
        "Diluted Average Shares": 334666000.0,
        "Basic Average Shares": 334666000.0,
        "Diluted EPS": -0.07,
        "Basic EPS": -0.07,
        "Diluted NI Availto Com Stockholders": -23535000.0,
        "Net Income Common Stockholders": -23535000.0,
        "Net Income": -23535000.0,
        "Net Income Including Noncontrolling Interests": -23535000.0,
        "Net Income Continuous Operations": -23535000.0,
        "Tax Provision": 1254000.0,
        "Pretax Income": -22281000.0,
        "Other Income Expense": 115000.0,
        "Other Non Operating Income Expenses": 115000.0,
        "Special Income Charges": 0.0,
        "Other Special Charges": NaN,
        "Net Non Operating Interest Income Expense": 16816000.0,
        "Interest Expense Non Operating": 1138000.0,
        "Interest Income Non Operating": 17954000.0,
        "Operating Income": -39212000.0,
        "Operating Expense": 296746000.0,
        "Research And Development": 90593000.0,
        "Selling General And Administration": 206153000.0,
        "Selling And Marketing Expense": 150214000.0,
        "General And Administrative Expense": 55939000.0,
        "Other Gand A": 55939000.0,
        "Gross Profit": 257534000.0,
        "Cost Of Revenue": 78069000.0,
        "Total Revenue": 335603000.0,
        "Operating Revenue": 335603000.0
    },
    "2023-12-31": {
        "Tax Effect Of Unusual Items": 0.0,
        "Tax Rate For Calcs": 0.21,
        "Normalized EBITDA": 11438000.0,
        "Total Unusual Items": 0.0,
        "Total Unusual Items Excluding Goodwill": 0.0,
        "Net Income From Continuing Operation Net Minority Interest": -27865000.0,
        "Reconciled Depreciation": 36180000.0,
        "Reconciled Cost Of Revenue": 83283000.0,
        "EBITDA": 11438000.0,
        "EBIT": -24742000.0,
        "Net Interest Income": 19121000.0,
        "Interest Expense": 1069000.0,
        "Interest Income": 20190000.0,
        "Normalized Income": -27865000.0,
        "Net Income From Continuing And Discontinued Operation": -27865000.0,
        "Total Expenses": 405302000.0,
        "Total Operating Income As Reported": -42829000.0,
        "Diluted Average Shares": 336578000.0,
        "Basic Average Shares": 336578000.0,
        "Diluted EPS": -0.08,
        "Basic EPS": -0.08,
        "Diluted NI Availto Com Stockholders": -27865000.0,
        "Net Income Common Stockholders": -27865000.0,
        "Net Income": -27865000.0,
        "Net Income Including Noncontrolling Interests": -27865000.0,
        "Net Income Continuous Operations": -27865000.0,
        "Tax Provision": 2054000.0,
        "Pretax Income": -25811000.0,
        "Other Income Expense": -2103000.0,
        "Other Non Operating Income Expenses": -2103000.0,
        "Special Income Charges": 0.0,
        "Other Special Charges": 0.0,
        "Net Non Operating Interest Income Expense": 19121000.0,
        "Interest Expense Non Operating": 1069000.0,
        "Interest Income Non Operating": 20190000.0,
        "Operating Income": -42829000.0,
        "Operating Expense": 322019000.0,
        "Research And Development": 96401000.0,
        "Selling General And Administration": 225618000.0,
        "Selling And Marketing Expense": 165214000.0,
        "General And Administrative Expense": 60404000.0,
        "Other Gand A": 60404000.0,
        "Gross Profit": 279190000.0,
        "Cost Of Revenue": 83283000.0,
        "Total Revenue": 362473000.0,
        "Operating Revenue": 362473000.0
    },
    "2024-03-31": {
        "Tax Effect Of Unusual Items": 0.0,
        "Tax Rate For Calcs": 0.4,
        "Normalized EBITDA": -2062000.0,
        "Total Unusual Items": NaN,
        "Total Unusual Items Excluding Goodwill": NaN,
        "Net Income From Continuing Operation Net Minority Interest": -35543000.0,
        "Reconciled Depreciation": 30112000.0,
        "Reconciled Cost Of Revenue": 85038000.0,
        "EBITDA": -2062000.0,
        "EBIT": -32174000.0,
        "Net Interest Income": 20152000.0,
        "Interest Expense": 1100000.0,
        "Interest Income": 21252000.0,
        "Normalized Income": -35543000.0,
        "Net Income From Continuing And Discontinued Operation": -35543000.0,
        "Total Expenses": 433152000.0,
        "Total Operating Income As Reported": -54550000.0,
        "Diluted Average Shares": 338583000.0,
        "Basic Average Shares": 338583000.0,
        "Diluted EPS": -0.1,
        "Basic EPS": -0.1,
        "Diluted NI Availto Com Stockholders": -35543000.0,
        "Net Income Common Stockholders": -35543000.0,
        "Net Income": -35543000.0,
        "Net Income Including Noncontrolling Interests": -35543000.0,
        "Net Income Continuous Operations": -35543000.0,
        "Tax Provision": 2269000.0,
        "Pretax Income": -33274000.0,
        "Other Income Expense": 1124000.0,
        "Other Non Operating Income Expenses": 1124000.0,
        "Special Income Charges": NaN,
        "Other Special Charges": NaN,
        "Net Non Operating Interest Income Expense": 20152000.0,
        "Interest Expense Non Operating": 1100000.0,
        "Interest Income Non Operating": 21252000.0,
        "Operating Income": -54550000.0,
        "Operating Expense": 348114000.0,
        "Research And Development": 87703000.0,
        "Selling General And Administration": 260411000.0,
        "Selling And Marketing Expense": 194102000.0,
        "General And Administrative Expense": 66309000.0,
        "Other Gand A": 66309000.0,
        "Gross Profit": 293564000.0,
        "Cost Of Revenue": 85038000.0,
        "Total Revenue": 378602000.0,
        "Operating Revenue": 378602000.0
    },
    "2024-06-30": {
        "Tax Effect Of Unusual Items": 0.0,
        "Tax Rate For Calcs": 0.21,
        "Normalized EBITDA": 16941000.0,
        "Total Unusual Items": 0.0,
        "Total Unusual Items Excluding Goodwill": 0.0,
        "Net Income From Continuing Operation Net Minority Interest": -15078000.0,
        "Reconciled Depreciation": 29655000.0,
        "Reconciled Cost Of Revenue": 89011000.0,
        "EBITDA": 16941000.0,
        "EBIT": -12714000.0,
        "Net Interest Income": 20497000.0,
        "Interest Expense": 1218000.0,
        "Interest Income": 21715000.0,
        "Normalized Income": -15078000.0,
        "Net Income From Continuing And Discontinued Operation": -15078000.0,
        "Total Expenses": 435694000.0,
        "Total Operating Income As Reported": -34698000.0,
        "Diluted Average Shares": 340648000.0,
        "Basic Average Shares": 340648000.0,
        "Diluted EPS": -0.04,
        "Basic EPS": -0.04,
        "Diluted NI Availto Com Stockholders": -15078000.0,
        "Net Income Common Stockholders": -15078000.0,
        "Net Income": -15078000.0,
        "Net Income Including Noncontrolling Interests": -15078000.0,
        "Net Income Continuous Operations": -15078000.0,
        "Tax Provision": 1146000.0,
        "Pretax Income": -13932000.0,
        "Other Income Expense": 269000.0,
        "Other Non Operating Income Expenses": 269000.0,
        "Special Income Charges": 0.0,
        "Other Special Charges": NaN,
        "Net Non Operating Interest Income Expense": 20497000.0,
        "Interest Expense Non Operating": 1218000.0,
        "Interest Income Non Operating": 21715000.0,
        "Operating Income": -34698000.0,
        "Operating Expense": 346683000.0,
        "Research And Development": 102547000.0,
        "Selling General And Administration": 244136000.0,
        "Selling And Marketing Expense": 174501000.0,
        "General And Administrative Expense": 69635000.0,
        "Other Gand A": 69635000.0,
        "Gross Profit": 311985000.0,
        "Cost Of Revenue": 89011000.0,
        "Total Revenue": 400996000.0,
        "Operating Revenue": 400996000.0
    }
}