{
    "2023-03-31": {
        "Tax Effect Of Unusual Items": 412400.0,
        "Tax Rate For Calcs": 0.4,
        "Normalized EBITDA": -12480000.0,
        "Total Unusual Items": 1031000.0,
        "Total Unusual Items Excluding Goodwill": 1031000.0,
        "Net Income From Continuing Operation Net Minority Interest": -17618000.0,
        "Reconciled Depreciation": 5988000.0,
        "Reconciled Cost Of Revenue": 24878000.0,
        "EBIT": -17437000.0,
        "Net Interest Income": 721000.0,
        "Interest Expense": 175000.0,
        "Interest Income": 896000.0,
        "Normalized Income": -18236600.0,
        "Net Income From Continuing And Discontinued Operation": -17618000.0,
        "Total Expenses": 33180000.0,
        "Total Operating Income As Reported": -19364000.0,
        "Diluted Average Shares": 36599000.0,
        "Basic Average Shares": 36599000.0,
        "Diluted EPS": -0.48,
        "Basic EPS": -0.48,
        "Diluted NI Availto Com Stockholders": -17618000.0,
        "Net Income Common Stockholders": -17618000.0,
        "Net Income": -17618000.0,
        "Net Income Including Noncontrolling Interests": -17618000.0,
        "Net Income Continuous Operations": -17618000.0,
        "Tax Provision": 6000.0,
        "Pretax Income": -17612000.0,
        "Other Income Expense": 1031000.0,
        "Special Income Charges": NaN,
        "Gain On Sale Of Ppe": NaN,
        "Impairment Of Capital Assets": NaN,
        "Restructuring And Mergern Acquisition": NaN,
        "Earnings From Equity Interest": 0.0,
        "Gain On Sale Of Security": 1031000.0,
        "Net Non Operating Interest Income Expense": 721000.0,
        "Interest Expense Non Operating": 175000.0,
        "Interest Income Non Operating": 896000.0,
        "Operating Income": -19364000.0,
        "Operating Expense": 8302000.0,
        "Selling General And Administration": 8302000.0,
        "General And Administrative Expense": 8302000.0,
        "Other Gand A": 8302000.0,
        "Gross Profit": -11062000.0,
        "Cost Of Revenue": 24878000.0,
        "Total Revenue": 13816000.0,
        "Operating Revenue": 13816000.0
    },
    "2022-12-31": {
        "Tax Effect Of Unusual Items": 125026.520681,
        "Tax Rate For Calcs": 0.044039,
        "Normalized EBITDA": 9572000.0,
        "Total Unusual Items": 2839000.0,
        "Total Unusual Items Excluding Goodwill": 2839000.0,
        "Net Income From Continuing Operation Net Minority Interest": 11787000.0,
        "Reconciled Depreciation": 6455000.0,
        "Reconciled Cost Of Revenue": 27365000.0,
        "EBIT": 12411000.0,
        "Net Interest Income": 343000.0,
        "Interest Expense": 81000.0,
        "Interest Income": 424000.0,
        "Normalized Income": 9073026.520681,
        "Net Income From Continuing And Discontinued Operation": 11787000.0,
        "Total Expenses": 37455000.0,
        "Total Operating Income As Reported": 9148000.0,
        "Diluted Average Shares": 37308000.0,
        "Basic Average Shares": 36577000.0,
        "Diluted EPS": 0.32,
        "Basic EPS": 0.32,
        "Diluted NI Availto Com Stockholders": 11787000.0,
        "Net Income Common Stockholders": 11787000.0,
        "Net Income": 11787000.0,
        "Net Income Including Noncontrolling Interests": 11787000.0,
        "Net Income Continuous Operations": 11787000.0,
        "Tax Provision": 543000.0,
        "Pretax Income": 12330000.0,
        "Other Income Expense": 2839000.0,
        "Special Income Charges": 0.0,
        "Gain On Sale Of Ppe": 0.0,
        "Impairment Of Capital Assets": NaN,
        "Restructuring And Mergern Acquisition": 0.0,
        "Earnings From Equity Interest": 0.0,
        "Gain On Sale Of Security": 2839000.0,
        "Net Non Operating Interest Income Expense": 343000.0,
        "Interest Expense Non Operating": 81000.0,
        "Interest Income Non Operating": 424000.0,
        "Operating Income": 9148000.0,
        "Operating Expense": 10090000.0,
        "Selling General And Administration": 10090000.0,
        "General And Administrative Expense": 10090000.0,
        "Other Gand A": 10090000.0,
        "Gross Profit": 19238000.0,
        "Cost Of Revenue": 27365000.0,
        "Total Revenue": 46603000.0,
        "Operating Revenue": 46603000.0
    },
    "2022-09-30": {
        "Tax Effect Of Unusual Items": -50114.821926,
        "Tax Rate For Calcs": 0.021472,
        "Normalized EBITDA": 45897000.0,
        "Total Unusual Items": -2334000.0,
        "Total Unusual Items Excluding Goodwill": -2334000.0,
        "Net Income From Continuing Operation Net Minority Interest": 36185000.0,
        "Reconciled Depreciation": 6499000.0,
        "Reconciled Cost Of Revenue": 28127000.0,
        "EBIT": 37064000.0,
        "Net Interest Income": 127000.0,
        "Interest Expense": 85000.0,
        "Interest Income": 212000.0,
        "Normalized Income": 38468885.178074,
        "Net Income From Continuing And Discontinued Operation": 36185000.0,
        "Total Expenses": 38347000.0,
        "Total Operating Income As Reported": 30846000.0,
        "Diluted Average Shares": 38140000.0,
        "Basic Average Shares": 38104000.0,
        "Diluted EPS": 0.95,
        "Basic EPS": 0.95,
        "Diluted NI Availto Com Stockholders": 36185000.0,
        "Net Income Common Stockholders": 36185000.0,
        "Net Income": 36185000.0,
        "Net Income Including Noncontrolling Interests": 36185000.0,
        "Net Income Continuous Operations": 36185000.0,
        "Tax Provision": 794000.0,
        "Pretax Income": 36979000.0,
        "Other Income Expense": 6006000.0,
        "Special Income Charges": 0.0,
        "Gain On Sale Of Ppe": 0.0,
        "Impairment Of Capital Assets": NaN,
        "Restructuring And Mergern Acquisition": 0.0,
        "Earnings From Equity Interest": 8340000.0,
        "Gain On Sale Of Security": -2334000.0,
        "Net Non Operating Interest Income Expense": 127000.0,
        "Interest Expense Non Operating": 85000.0,
        "Interest Income Non Operating": 212000.0,
        "Operating Income": 30846000.0,
        "Operating Expense": 10220000.0,
        "Selling General And Administration": 10220000.0,
        "General And Administrative Expense": 10220000.0,
        "Other Gand A": 10220000.0,
        "Gross Profit": 41066000.0,
        "Cost Of Revenue": 28127000.0,
        "Total Revenue": 69193000.0,
        "Operating Revenue": 69193000.0
    },
    "2022-06-30": {
        "Tax Effect Of Unusual Items": -772400.0,
        "Tax Rate For Calcs": 0.4,
        "Normalized EBITDA": 59714000.0,
        "Total Unusual Items": -1931000.0,
        "Total Unusual Items Excluding Goodwill": -1931000.0,
        "Net Income From Continuing Operation Net Minority Interest": 52726000.0,
        "Reconciled Depreciation": 6227000.0,
        "Reconciled Cost Of Revenue": 25028000.0,
        "EBIT": 51556000.0,
        "Net Interest Income": -667000.0,
        "Interest Expense": 428000.0,
        "Interest Income": 11000.0,
        "Normalized Income": 53884600.0,
        "Net Income From Continuing And Discontinued Operation": 52726000.0,
        "Total Expenses": 36068000.0,
        "Total Operating Income As Reported": 25214000.0,
        "Diluted Average Shares": 38844000.0,
        "Basic Average Shares": 38825000.0,
        "Diluted EPS": 1.36,
        "Basic EPS": 1.36,
        "Diluted NI Availto Com Stockholders": 52726000.0,
        "Net Income Common Stockholders": 52726000.0,
        "Net Income": 52726000.0,
        "Net Income Including Noncontrolling Interests": 52726000.0,
        "Net Income Continuous Operations": 52726000.0,
        "Tax Provision": -1598000.0,
        "Pretax Income": 51128000.0,
        "Other Income Expense": 26581000.0,
        "Special Income Charges": 0.0,
        "Gain On Sale Of Ppe": 0.0,
        "Impairment Of Capital Assets": 0.0,
        "Restructuring And Mergern Acquisition": NaN,
        "Earnings From Equity Interest": 28512000.0,
        "Gain On Sale Of Security": -1931000.0,
        "Net Non Operating Interest Income Expense": -667000.0,
        "Interest Expense Non Operating": 428000.0,
        "Interest Income Non Operating": 11000.0,
        "Operating Income": 25214000.0,
        "Operating Expense": 11040000.0,
        "Selling General And Administration": 11040000.0,
        "General And Administrative Expense": 11040000.0,
        "Other Gand A": 11040000.0,
        "Gross Profit": 36254000.0,
        "Cost Of Revenue": 25028000.0,
        "Total Revenue": 61282000.0,
        "Operating Revenue": 61282000.0
    },
    "2022-03-31": {
        "Diluted EPS": 0.11,
        "Total Revenue": 22,
        "Gross Profit": 4,
        "Operating Income": -12,
        "EBIT": -4,
        "Net Income": 4
    },
    "2021-12-31": {
        "Diluted EPS": -3.73,
        "Total Revenue": 12,
        "Gross Profit": -2,
        "Operating Income": -25,
        "EBIT": -18,
        "Net Income": -34
    },
    "2021-09-30": {
        "Diluted EPS": -0.06,
        "Total Revenue": 34,
        "Gross Profit": 13,
        "Operating Income": -45,
        "EBIT": -34,
        "Net Income": -1
    },
    "2021-06-30": {
        "Diluted EPS": 1.19,
        "Total Revenue": 38,
        "Gross Profit": 4,
        "Operating Income": 5,
        "EBIT": 7,
        "Net Income": 13
    },
    "2021-03-31": {
        "Diluted EPS": 3.84,
        "Total Revenue": 60,
        "Gross Profit": 26,
        "Operating Income": 34,
        "EBIT": 37,
        "Net Income": 42
    },
    "2020-12-31": {
        "Diluted EPS": -43.88,
        "Total Revenue": 50,
        "Gross Profit": 18,
        "Operating Income": -457,
        "EBIT": -445,
        "Net Income": -466
    },
    "2020-09-30": {
        "Diluted EPS": -3.12,
        "Total Revenue": 47,
        "Gross Profit": 14,
        "Operating Income": -26,
        "EBIT": -9,
        "Net Income": -37
    },
    "2020-06-30": {
        "Diluted EPS": -5.73,
        "Total Revenue": 26,
        "Gross Profit": -2,
        "Operating Income": -21,
        "EBIT": -6,
        "Net Income": -45
    },
    "2020-03-31": {
        "Diluted EPS": -18.12,
        "Total Revenue": 41,
        "Gross Profit": 10,
        "Operating Income": -26,
        "EBIT": -10,
        "Net Income": -125
    },
    "2019-12-31": {
        "Diluted EPS": 2.16,
        "Total Revenue": 60,
        "Gross Profit": 26,
        "Operating Income": -21,
        "EBIT": -4,
        "Net Income": 15
    },
    "2019-09-30": {
        "Diluted EPS": -0.28,
        "Total Revenue": 63,
        "Gross Profit": 30,
        "Operating Income": 9,
        "EBIT": 26,
        "Net Income": -2
    },
    "2019-06-30": {
        "Diluted EPS": 5.05,
        "Total Revenue": 51,
        "Gross Profit": 23,
        "Operating Income": -3,
        "EBIT": 15,
        "Net Income": 35
    },
    "2019-03-31": {
        "Diluted EPS": -0.51,
        "Total Revenue": 50,
        "Gross Profit": 23,
        "Operating Income": -6,
        "EBIT": 11,
        "Net Income": -3
    },
    "2018-12-31": {
        "Diluted EPS": -1.0,
        "Total Revenue": 65,
        "Gross Profit": 37,
        "Operating Income": 14,
        "EBIT": 34,
        "Net Income": -7
    },
    "2018-09-30": {
        "Diluted EPS": -0.1,
        "Total Revenue": 62,
        "Gross Profit": 34,
        "Operating Income": 13,
        "EBIT": 32,
        "Net Income": 0
    },
    "2018-06-30": {
        "Diluted EPS": 0.1,
        "Total Revenue": 61,
        "Gross Profit": 33,
        "Operating Income": 12,
        "EBIT": 29,
        "Net Income": 1
    },
    "2018-03-31": {
        "Diluted EPS": -0.8,
        "Total Revenue": 54,
        "Gross Profit": 27,
        "Operating Income": 4,
        "EBIT": 22,
        "Net Income": -6
    },
    "2017-12-31": {
        "Diluted EPS": -0.1,
        "Total Revenue": 51,
        "Gross Profit": 27,
        "Operating Income": 8,
        "EBIT": 25,
        "Net Income": -1
    },
    "2017-09-30": {
        "Diluted EPS": -1.5,
        "Total Revenue": 39,
        "Gross Profit": 17,
        "Operating Income": -3,
        "EBIT": 14,
        "Net Income": -11
    },
    "2017-06-30": {
        "Diluted EPS": -1.9,
        "Total Revenue": 38,
        "Gross Profit": 15,
        "Operating Income": -5,
        "EBIT": 12,
        "Net Income": -13
    },
    "2017-03-31": {
        "Diluted EPS": -4.8,
        "Total Revenue": 35,
        "Gross Profit": 11,
        "Operating Income": -26,
        "EBIT": -9,
        "Net Income": -35
    },
    "2016-12-31": {
        "Diluted EPS": 5.2,
        "Total Revenue": 27,
        "Gross Profit": 5,
        "Operating Income": -14,
        "EBIT": 2,
        "Net Income": -21
    },
    "2016-09-30": {
        "Diluted EPS": -3.0,
        "Total Revenue": 24,
        "Gross Profit": 3,
        "Operating Income": -16,
        "EBIT": 0,
        "Net Income": -21
    },
    "2016-06-30": {
        "Diluted EPS": -4.8,
        "Total Revenue": 17,
        "Gross Profit": -2,
        "Operating Income": -19,
        "EBIT": -5,
        "Net Income": -25
    },
    "2016-03-31": {
        "Diluted EPS": -19.6,
        "Total Revenue": 10,
        "Gross Profit": -24,
        "Operating Income": -51,
        "EBIT": -39,
        "Net Income": -58
    },
    "2015-12-31": {
        "Diluted EPS": -111.0,
        "Total Revenue": 22,
        "Gross Profit": -4,
        "Operating Income": -291,
        "EBIT": -278,
        "Net Income": -302
    },
    "2015-09-30": {
        "Diluted EPS": -6.6,
        "Total Revenue": 15,
        "Gross Profit": -3,
        "Operating Income": -16,
        "EBIT": -6,
        "Net Income": -18
    },
    "2015-06-30": {
        "Diluted EPS": -85.0,
        "Total Revenue": 13,
        "Gross Profit": -5,
        "Operating Income": -136,
        "EBIT": -127,
        "Net Income": -139
    },
    "2015-03-31": {
        "Diluted EPS": -36.0,
        "Total Revenue": 12,
        "Gross Profit": -7,
        "Operating Income": -48,
        "EBIT": -41,
        "Net Income": -52
    },
    "2014-12-31": {
        "Diluted EPS": -62.08,
        "Total Revenue": 18,
        "Gross Profit": -8,
        "Operating Income": -72,
        "EBIT": -65,
        "Net Income": -72
    },
    "2014-09-30": {
        "Diluted EPS": -16.81,
        "Total Revenue": 13,
        "Gross Profit": -11,
        "Operating Income": -19,
        "EBIT": -13,
        "Net Income": -19
    },
    "2014-06-30": {
        "Diluted EPS": -13.21,
        "Total Revenue": 13,
        "Gross Profit": -7,
        "Operating Income": -15,
        "EBIT": -9,
        "Net Income": -15
    },
    "2014-03-31": {
        "Diluted EPS": -9.6,
        "Total Revenue": 5,
        "Gross Profit": -4,
        "Operating Income": -11,
        "EBIT": -6,
        "Net Income": -11
    },
    "2013-12-31": {
        "Diluted EPS": -4.8,
        "Total Revenue": NaN,
        "Gross Profit": NaN,
        "Operating Income": NaN,
        "EBIT": NaN,
        "Net Income": -4
    },
    "2013-09-30": {
        "Diluted EPS": -9.6,
        "Total Revenue": NaN,
        "Gross Profit": NaN,
        "Operating Income": -1,
        "EBIT": -1,
        "Net Income": -3
    },
    "2013-06-30": {
        "Diluted EPS": -80.03,
        "Total Revenue": NaN,
        "Gross Profit": NaN,
        "Operating Income": 0,
        "EBIT": 0,
        "Net Income": 0
    },
    "2023-06-30": {
        "Tax Effect Of Unusual Items": -19556400.0,
        "Tax Rate For Calcs": 0.4,
        "Normalized EBITDA": 10140000.0,
        "Total Unusual Items": -48891000.0,
        "Total Unusual Items Excluding Goodwill": -48891000.0,
        "Net Income From Continuing Operation Net Minority Interest": -49783000.0,
        "Reconciled Depreciation": 6147000.0,
        "Reconciled Cost Of Revenue": 24658000.0,
        "EBIT": -44898000.0,
        "Net Interest Income": 199000.0,
        "Interest Expense": 589000.0,
        "Interest Income": 788000.0,
        "Normalized Income": -20448400.0,
        "Net Income From Continuing And Discontinued Operation": -49783000.0,
        "Total Expenses": 35644000.0,
        "Total Operating Income As Reported": -46131000.0,
        "Diluted Average Shares": 36612000.0,
        "Basic Average Shares": 36612000.0,
        "Diluted EPS": -1.36,
        "Basic EPS": -1.36,
        "Diluted NI Availto Com Stockholders": -49783000.0,
        "Net Income Common Stockholders": -49783000.0,
        "Net Income": -49783000.0,
        "Net Income Including Noncontrolling Interests": -49783000.0,
        "Net Income Continuous Operations": -49783000.0,
        "Tax Provision": 4296000.0,
        "Pretax Income": -45487000.0,
        "Other Income Expense": -48891000.0,
        "Special Income Charges": -49336000.0,
        "Gain On Sale Of Ppe": NaN,
        "Impairment Of Capital Assets": 49336000.0,
        "Restructuring And Mergern Acquisition": NaN,
        "Earnings From Equity Interest": 0.0,
        "Gain On Sale Of Security": 445000.0,
        "Net Non Operating Interest Income Expense": 199000.0,
        "Interest Expense Non Operating": 589000.0,
        "Interest Income Non Operating": 788000.0,
        "Operating Income": 3205000.0,
        "Operating Expense": 10986000.0,
        "Selling General And Administration": 10986000.0,
        "General And Administrative Expense": 10986000.0,
        "Other Gand A": 10986000.0,
        "Gross Profit": 14191000.0,
        "Cost Of Revenue": 24658000.0,
        "Total Revenue": 38849000.0,
        "Operating Revenue": 38849000.0
    }
}