{
    "2023-06-30": {
        "Tax Effect Of Unusual Items": -7356.623425,
        "Tax Rate For Calcs": 0.000666,
        "Normalized EBITDA": 168518000.0,
        "Total Unusual Items": -11047000.0,
        "Total Unusual Items Excluding Goodwill": -11047000.0,
        "Net Income From Continuing Operation Net Minority Interest": 150064000.0,
        "Reconciled Depreciation": 63502000.0,
        "Reconciled Cost Of Revenue": 739801000.0,
        "EBIT": 157471000.0,
        "Net Interest Income": -7307000.0,
        "Interest Expense": 7307000.0,
        "Normalized Income": 161103643.376575,
        "Net Income From Continuing And Discontinued Operation": 150064000.0,
        "Total Expenses": 779500000.0,
        "Total Operating Income As Reported": 154544000.0,
        "Diluted Average Shares": 233222000.0,
        "Basic Average Shares": 229033000.0,
        "Diluted EPS": 0.64,
        "Basic EPS": 0.66,
        "Diluted NI Availto Com Stockholders": 150064000.0,
        "Net Income Common Stockholders": 150064000.0,
        "Net Income": 150064000.0,
        "Net Income Including Noncontrolling Interests": 150064000.0,
        "Net Income Continuous Operations": 150064000.0,
        "Tax Provision": 100000.0,
        "Pretax Income": 150164000.0,
        "Other Income Expense": -8120000.0,
        "Other Non Operating Income Expenses": 2927000.0,
        "Special Income Charges": -11047000.0,
        "Gain On Sale Of Ppe": -5772000.0,
        "Restructuring And Mergern Acquisition": 5275000.0,
        "Net Non Operating Interest Income Expense": -7307000.0,
        "Interest Expense Non Operating": 7307000.0,
        "Operating Income": 165591000.0,
        "Operating Expense": 39699000.0,
        "Selling General And Administration": 39699000.0,
        "Gross Profit": 205290000.0,
        "Cost Of Revenue": 739801000.0,
        "Total Revenue": 945091000.0,
        "Operating Revenue": 945091000.0
    },
    "2023-03-31": {
        "Tax Effect Of Unusual Items": -1572400.0,
        "Tax Rate For Calcs": 0.4,
        "Normalized EBITDA": 163122000.0,
        "Total Unusual Items": -3931000.0,
        "Total Unusual Items Excluding Goodwill": -3931000.0,
        "Net Income From Continuing Operation Net Minority Interest": 253993000.0,
        "Reconciled Depreciation": 58645000.0,
        "Reconciled Cost Of Revenue": 732589000.0,
        "EBIT": 159191000.0,
        "Net Interest Income": -6198000.0,
        "Interest Expense": 6198000.0,
        "Normalized Income": 256351600.0,
        "Net Income From Continuing And Discontinued Operation": 253993000.0,
        "Total Expenses": 772270000.0,
        "Total Operating Income As Reported": 159471000.0,
        "Diluted Average Shares": 237072000.0,
        "Basic Average Shares": 233158000.0,
        "Diluted EPS": 1.07,
        "Basic EPS": 1.09,
        "Diluted NI Availto Com Stockholders": 253993000.0,
        "Net Income Common Stockholders": 253993000.0,
        "Net Income": 253993000.0,
        "Net Income Including Noncontrolling Interests": 253993000.0,
        "Net Income Continuous Operations": 253993000.0,
        "Tax Provision": -101000000.0,
        "Pretax Income": 152993000.0,
        "Other Income Expense": -4211000.0,
        "Other Non Operating Income Expenses": -280000.0,
        "Special Income Charges": -3931000.0,
        "Gain On Sale Of Ppe": -3770000.0,
        "Restructuring And Mergern Acquisition": 161000.0,
        "Net Non Operating Interest Income Expense": -6198000.0,
        "Interest Expense Non Operating": 6198000.0,
        "Operating Income": 163402000.0,
        "Operating Expense": 39681000.0,
        "Selling General And Administration": 39681000.0,
        "Gross Profit": 203083000.0,
        "Cost Of Revenue": 732589000.0,
        "Total Revenue": 935672000.0,
        "Operating Revenue": 935672000.0
    },
    "2022-12-31": {
        "Tax Effect Of Unusual Items": 17309.507003,
        "Tax Rate For Calcs": 0.011888,
        "Normalized EBITDA": 139643000.0,
        "Total Unusual Items": 1456000.0,
        "Total Unusual Items Excluding Goodwill": 1456000.0,
        "Net Income From Continuing Operation Net Minority Interest": 132985000.0,
        "Reconciled Depreciation": 58760000.0,
        "Reconciled Cost Of Revenue": 691650000.0,
        "EBIT": 141099000.0,
        "Net Interest Income": -6514000.0,
        "Interest Expense": 6514000.0,
        "Normalized Income": 131546309.507003,
        "Net Income From Continuing And Discontinued Operation": 132985000.0,
        "Total Expenses": 728517000.0,
        "Total Operating Income As Reported": 143796000.0,
        "Diluted Average Shares": 247792000.0,
        "Basic Average Shares": 241500000.0,
        "Diluted EPS": 0.54,
        "Basic EPS": 0.55,
        "Diluted NI Availto Com Stockholders": 132985000.0,
        "Net Income Common Stockholders": 132985000.0,
        "Net Income": 132985000.0,
        "Net Income Including Noncontrolling Interests": 132985000.0,
        "Net Income Continuous Operations": 132985000.0,
        "Tax Provision": 1600000.0,
        "Pretax Income": 134585000.0,
        "Other Income Expense": -1241000.0,
        "Other Non Operating Income Expenses": -2697000.0,
        "Special Income Charges": 1456000.0,
        "Gain On Sale Of Ppe": 4456000.0,
        "Restructuring And Mergern Acquisition": 3000000.0,
        "Net Non Operating Interest Income Expense": -6514000.0,
        "Interest Expense Non Operating": 6514000.0,
        "Operating Income": 142340000.0,
        "Operating Expense": 36867000.0,
        "Selling General And Administration": 36867000.0,
        "Gross Profit": 179207000.0,
        "Cost Of Revenue": 691650000.0,
        "Total Revenue": 870857000.0,
        "Operating Revenue": 870857000.0
    },
    "2022-09-30": {
        "Tax Effect Of Unusual Items": -250230.492784,
        "Tax Rate For Calcs": 0.014676,
        "Normalized EBITDA": 130494000.0,
        "Total Unusual Items": -17050000.0,
        "Total Unusual Items Excluding Goodwill": -17050000.0,
        "Net Income From Continuing Operation Net Minority Interest": 104734000.0,
        "Reconciled Depreciation": 56542000.0,
        "Reconciled Cost Of Revenue": 739225000.0,
        "EBIT": 113444000.0,
        "Net Interest Income": -7150000.0,
        "Interest Expense": 7150000.0,
        "Normalized Income": 121533769.507216,
        "Net Income From Continuing And Discontinued Operation": 104734000.0,
        "Total Expenses": 776640000.0,
        "Total Operating Income As Reported": 102320000.0,
        "Diluted Average Shares": 250821000.0,
        "Basic Average Shares": 244686000.0,
        "Diluted EPS": 0.42,
        "Basic EPS": 0.43,
        "Diluted NI Availto Com Stockholders": 104734000.0,
        "Net Income Common Stockholders": 104734000.0,
        "Net Income": 104734000.0,
        "Net Income Including Noncontrolling Interests": 104734000.0,
        "Net Income Continuous Operations": 104734000.0,
        "Tax Provision": 1560000.0,
        "Pretax Income": 106294000.0,
        "Other Income Expense": -5926000.0,
        "Other Non Operating Income Expenses": 11124000.0,
        "Special Income Charges": -17050000.0,
        "Gain On Sale Of Ppe": 10471000.0,
        "Restructuring And Mergern Acquisition": 27521000.0,
        "Net Non Operating Interest Income Expense": -7150000.0,
        "Interest Expense Non Operating": 7150000.0,
        "Operating Income": 119370000.0,
        "Operating Expense": 37415000.0,
        "Selling General And Administration": 37415000.0,
        "Gross Profit": 156785000.0,
        "Cost Of Revenue": 739225000.0,
        "Total Revenue": 896010000.0,
        "Operating Revenue": 896010000.0
    },
    "2022-06-30": {
        "Tax Effect Of Unusual Items": -405920.399438,
        "Tax Rate For Calcs": 0.017791,
        "Normalized EBITDA": 99858000.0,
        "Total Unusual Items": -22816000.0,
        "Total Unusual Items Excluding Goodwill": -22816000.0,
        "Net Income From Continuing Operation Net Minority Interest": 68458000.0,
        "Reconciled Depreciation": 58794000.0,
        "Reconciled Cost Of Revenue": 708660000.0,
        "EBIT": 77042000.0,
        "Net Interest Income": -7344000.0,
        "Interest Expense": 7344000.0,
        "Normalized Income": 90868079.600562,
        "Net Income From Continuing And Discontinued Operation": 68458000.0,
        "Total Expenses": 744515000.0,
        "Total Operating Income As Reported": 75581000.0,
        "Diluted Average Shares": 250775000.0,
        "Basic Average Shares": 243969000.0,
        "Diluted EPS": 0.27,
        "Basic EPS": 0.28,
        "Diluted NI Availto Com Stockholders": 68458000.0,
        "Net Income Common Stockholders": 68458000.0,
        "Net Income": 68458000.0,
        "Net Income Including Noncontrolling Interests": 68458000.0,
        "Net Income Continuous Operations": 68458000.0,
        "Tax Provision": 1240000.0,
        "Pretax Income": 69698000.0,
        "Other Income Expense": -21355000.0,
        "Other Non Operating Income Expenses": 1461000.0,
        "Special Income Charges": -22816000.0,
        "Gain On Sale Of Ppe": 866000.0,
        "Restructuring And Mergern Acquisition": 23682000.0,
        "Net Non Operating Interest Income Expense": -7344000.0,
        "Interest Expense Non Operating": 7344000.0,
        "Operating Income": 98397000.0,
        "Operating Expense": 35855000.0,
        "Selling General And Administration": 35855000.0,
        "Gross Profit": 134252000.0,
        "Cost Of Revenue": 708660000.0,
        "Total Revenue": 842912000.0,
        "Operating Revenue": 842912000.0
    },
    "2022-03-31": {
        "Diluted EPS": 0.04,
        "Total Revenue": 635,
        "Gross Profit": 110,
        "Operating Income": 11,
        "EBIT": 67,
        "Net Income": 9
    },
    "2021-12-31": {
        "Diluted EPS": 0.07,
        "Total Revenue": 510,
        "Gross Profit": 86,
        "Operating Income": 16,
        "EBIT": 69,
        "Net Income": 11
    },
    "2021-09-30": {
        "Diluted EPS": -0.2,
        "Total Revenue": 393,
        "Gross Profit": 49,
        "Operating Income": -37,
        "EBIT": 8,
        "Net Income": -44
    },
    "2021-06-30": {
        "Diluted EPS": -0.15,
        "Total Revenue": 292,
        "Gross Profit": 23,
        "Operating Income": -37,
        "EBIT": 4,
        "Net Income": -32
    },
    "2021-03-31": {
        "Diluted EPS": -0.25,
        "Total Revenue": 228,
        "Gross Profit": 11,
        "Operating Income": -47,
        "EBIT": 0,
        "Net Income": -55
    },
    "2020-12-31": {
        "Diluted EPS": -0.27,
        "Total Revenue": 215,
        "Gross Profit": 24,
        "Operating Income": -64,
        "EBIT": 4,
        "Net Income": -60
    },
    "2020-09-30": {
        "Diluted EPS": -0.48,
        "Total Revenue": 164,
        "Gross Profit": 14,
        "Operating Income": -92,
        "EBIT": -18,
        "Net Income": -102
    },
    "2020-06-30": {
        "Diluted EPS": -0.53,
        "Total Revenue": 196,
        "Gross Profit": 17,
        "Operating Income": -109,
        "EBIT": -33,
        "Net Income": -112
    },
    "2020-03-31": {
        "Diluted EPS": -0.34,
        "Total Revenue": 628,
        "Gross Profit": 115,
        "Operating Income": -66,
        "EBIT": 21,
        "Net Income": -72
    },
    "2019-12-31": {
        "Diluted EPS": -0.63,
        "Total Revenue": 528,
        "Gross Profit": 120,
        "Operating Income": -77,
        "EBIT": 6,
        "Net Income": -83
    },
    "2019-09-30": {
        "Diluted EPS": 0.03,
        "Total Revenue": 444,
        "Gross Profit": 111,
        "Operating Income": 8,
        "EBIT": 77,
        "Net Income": 4
    },
    "2019-06-30": {
        "Diluted EPS": -0.05,
        "Total Revenue": 428,
        "Gross Profit": 103,
        "Operating Income": 1,
        "EBIT": 71,
        "Net Income": -5
    },
    "2019-03-31": {
        "Diluted EPS": -0.21,
        "Total Revenue": 422,
        "Gross Profit": 84,
        "Operating Income": -16,
        "EBIT": 56,
        "Net Income": -22
    },
    "2018-12-31": {
        "Diluted EPS": 0.06,
        "Total Revenue": 487,
        "Gross Profit": 114,
        "Operating Income": 14,
        "EBIT": 86,
        "Net Income": 6
    },
    "2018-09-30": {
        "Diluted EPS": 0.28,
        "Total Revenue": 559,
        "Gross Profit": 122,
        "Operating Income": 25,
        "EBIT": 94,
        "Net Income": 31
    },
    "2018-06-30": {
        "Diluted EPS": 0.27,
        "Total Revenue": 579,
        "Gross Profit": 131,
        "Operating Income": 44,
        "EBIT": 104,
        "Net Income": 31
    },
    "2018-03-31": {
        "Diluted EPS": -0.07,
        "Total Revenue": 513,
        "Gross Profit": 110,
        "Operating Income": 15,
        "EBIT": 76,
        "Net Income": -8
    },
    "2017-12-31": {
        "Diluted EPS": 0.44,
        "Total Revenue": 501,
        "Gross Profit": 112,
        "Operating Income": 40,
        "EBIT": 91,
        "Net Income": 44
    },
    "2017-09-30": {
        "Diluted EPS": 0.04,
        "Total Revenue": 477,
        "Gross Profit": 86,
        "Operating Income": 11,
        "EBIT": 58,
        "Net Income": 4
    },
    "2017-06-30": {
        "Diluted EPS": -0.12,
        "Total Revenue": 323,
        "Gross Profit": 45,
        "Operating Income": -10,
        "EBIT": 23,
        "Net Income": -12
    },
    "2017-03-31": {
        "Diluted EPS": -0.7,
        "Total Revenue": 240,
        "Gross Profit": 16,
        "Operating Income": -32,
        "EBIT": 2,
        "Net Income": -64
    },
    "2016-12-31": {
        "Diluted EPS": -0.44,
        "Total Revenue": 151,
        "Gross Profit": 8,
        "Operating Income": -29,
        "EBIT": 1,
        "Net Income": -39
    },
    "2016-09-30": {
        "Diluted EPS": -0.59,
        "Total Revenue": 117,
        "Gross Profit": -4,
        "Operating Income": -41,
        "EBIT": -12,
        "Net Income": 0
    },
    "2016-06-30": {
        "Diluted EPS": -0.52,
        "Total Revenue": 92,
        "Gross Profit": 7,
        "Operating Income": -37,
        "EBIT": -8,
        "Net Income": 0
    },
    "2016-03-31": {
        "Diluted EPS": -0.59,
        "Total Revenue": 61,
        "Gross Profit": -7,
        "Operating Income": -43,
        "EBIT": -26,
        "Net Income": -51
    },
    "2015-12-31": {
        "Diluted EPS": 0.0,
        "Total Revenue": NaN,
        "Gross Profit": NaN,
        "Operating Income": NaN,
        "EBIT": NaN,
        "Net Income": NaN
    },
    "2014-12-31": {
        "Diluted EPS": 0.0,
        "Total Revenue": NaN,
        "Gross Profit": NaN,
        "Operating Income": NaN,
        "EBIT": NaN,
        "Net Income": NaN
    }
}