{
    "2023-06-30": {
        "Tax Effect Of Unusual Items": NaN,
        "Tax Rate For Calcs": NaN,
        "Normalized EBITDA": NaN,
        "Total Unusual Items": NaN,
        "Total Unusual Items Excluding Goodwill": NaN,
        "Net Income From Continuing Operation Net Minority Interest": NaN,
        "Reconciled Depreciation": NaN,
        "Reconciled Cost Of Revenue": NaN,
        "EBITDA": NaN,
        "EBIT": NaN,
        "Net Interest Income": NaN,
        "Interest Expense": NaN,
        "Interest Income": NaN,
        "Normalized Income": NaN,
        "Net Income From Continuing And Discontinued Operation": NaN,
        "Total Expenses": NaN,
        "Total Operating Income As Reported": NaN,
        "Diluted Average Shares": 132439000.0,
        "Basic Average Shares": 132439000.0,
        "Diluted EPS": -0.77,
        "Basic EPS": -0.77,
        "Diluted NI Availto Com Stockholders": NaN,
        "Net Income Common Stockholders": NaN,
        "Net Income": NaN,
        "Minority Interests": NaN,
        "Net Income Including Noncontrolling Interests": NaN,
        "Net Income Continuous Operations": NaN,
        "Tax Provision": NaN,
        "Pretax Income": NaN,
        "Other Income Expense": NaN,
        "Other Non Operating Income Expenses": NaN,
        "Special Income Charges": NaN,
        "Gain On Sale Of Ppe": NaN,
        "Other Special Charges": NaN,
        "Impairment Of Capital Assets": NaN,
        "Restructuring And Mergern Acquisition": 0.0,
        "Earnings From Equity Interest": NaN,
        "Gain On Sale Of Security": NaN,
        "Net Non Operating Interest Income Expense": NaN,
        "Total Other Finance Cost": NaN,
        "Interest Expense Non Operating": NaN,
        "Interest Income Non Operating": NaN,
        "Operating Income": NaN,
        "Operating Expense": NaN,
        "Other Operating Expenses": NaN,
        "Other Taxes": NaN,
        "Depreciation Amortization Depletion Income Statement": NaN,
        "Depreciation And Amortization In Income Statement": NaN,
        "Selling General And Administration": NaN,
        "General And Administrative Expense": NaN,
        "Other Gand A": NaN,
        "Salaries And Wages": NaN,
        "Gross Profit": NaN,
        "Cost Of Revenue": NaN,
        "Total Revenue": NaN,
        "Excise Taxes": NaN,
        "Operating Revenue": NaN
    },
    "2023-03-31": {
        "Tax Effect Of Unusual Items": NaN,
        "Tax Rate For Calcs": NaN,
        "Normalized EBITDA": NaN,
        "Total Unusual Items": NaN,
        "Total Unusual Items Excluding Goodwill": NaN,
        "Net Income From Continuing Operation Net Minority Interest": NaN,
        "Reconciled Depreciation": NaN,
        "Reconciled Cost Of Revenue": NaN,
        "EBITDA": NaN,
        "EBIT": NaN,
        "Net Interest Income": NaN,
        "Interest Expense": NaN,
        "Interest Income": NaN,
        "Normalized Income": NaN,
        "Net Income From Continuing And Discontinued Operation": NaN,
        "Total Expenses": NaN,
        "Total Operating Income As Reported": NaN,
        "Diluted Average Shares": 132439000.0,
        "Basic Average Shares": 132439000.0,
        "Diluted EPS": -0.15,
        "Basic EPS": -0.15,
        "Diluted NI Availto Com Stockholders": NaN,
        "Net Income Common Stockholders": NaN,
        "Net Income": NaN,
        "Minority Interests": NaN,
        "Net Income Including Noncontrolling Interests": NaN,
        "Net Income Continuous Operations": NaN,
        "Tax Provision": NaN,
        "Pretax Income": NaN,
        "Other Income Expense": NaN,
        "Other Non Operating Income Expenses": NaN,
        "Special Income Charges": NaN,
        "Gain On Sale Of Ppe": NaN,
        "Other Special Charges": NaN,
        "Impairment Of Capital Assets": NaN,
        "Restructuring And Mergern Acquisition": 0.0,
        "Earnings From Equity Interest": NaN,
        "Gain On Sale Of Security": NaN,
        "Net Non Operating Interest Income Expense": NaN,
        "Total Other Finance Cost": NaN,
        "Interest Expense Non Operating": NaN,
        "Interest Income Non Operating": NaN,
        "Operating Income": NaN,
        "Operating Expense": NaN,
        "Other Operating Expenses": NaN,
        "Other Taxes": NaN,
        "Depreciation Amortization Depletion Income Statement": NaN,
        "Depreciation And Amortization In Income Statement": NaN,
        "Selling General And Administration": NaN,
        "General And Administrative Expense": NaN,
        "Other Gand A": NaN,
        "Salaries And Wages": NaN,
        "Gross Profit": NaN,
        "Cost Of Revenue": NaN,
        "Total Revenue": NaN,
        "Excise Taxes": NaN,
        "Operating Revenue": NaN
    },
    "2022-12-31": {
        "Tax Effect Of Unusual Items": -7131625.0,
        "Tax Rate For Calcs": 0.295,
        "Normalized EBITDA": 84628000.0,
        "Total Unusual Items": -24175000.0,
        "Total Unusual Items Excluding Goodwill": -24175000.0,
        "Net Income From Continuing Operation Net Minority Interest": -81693000.0,
        "Reconciled Depreciation": 77918000.0,
        "Reconciled Cost Of Revenue": 619044000.0,
        "EBITDA": 60453000.0,
        "EBIT": -17465000.0,
        "Net Interest Income": -38693000.0,
        "Interest Expense": 40645000.0,
        "Interest Income": 4884000.0,
        "Normalized Income": -64649625.0,
        "Net Income From Continuing And Discontinued Operation": -81693000.0,
        "Total Expenses": 772235000.0,
        "Total Operating Income As Reported": -42142000.0,
        "Diluted Average Shares": NaN,
        "Basic Average Shares": NaN,
        "Diluted EPS": NaN,
        "Basic EPS": NaN,
        "Diluted NI Availto Com Stockholders": -81693000.0,
        "Net Income Common Stockholders": -81693000.0,
        "Net Income": -81693000.0,
        "Minority Interests": -258000.0,
        "Net Income Including Noncontrolling Interests": -81435000.0,
        "Net Income Continuous Operations": -81435000.0,
        "Tax Provision": 23325000.0,
        "Pretax Income": -58110000.0,
        "Other Income Expense": -26957000.0,
        "Other Non Operating Income Expenses": -4667000.0,
        "Special Income Charges": -43963000.0,
        "Gain On Sale Of Ppe": -157000.0,
        "Other Special Charges": 1992000.0,
        "Impairment Of Capital Assets": NaN,
        "Earnings From Equity Interest": NaN,
        "Gain On Sale Of Security": 19788000.0,
        "Net Non Operating Interest Income Expense": -38693000.0,
        "Total Other Finance Cost": 2932000.0,
        "Interest Expense Non Operating": 40645000.0,
        "Interest Income Non Operating": 4884000.0,
        "Operating Income": 7540000.0,
        "Operating Expense": 76010000.0,
        "Other Operating Expenses": 35200000.0,
        "Other Taxes": NaN,
        "Depreciation Amortization Depletion Income Statement": 737000.0,
        "Depreciation And Amortization In Income Statement": 737000.0,
        "Selling General And Administration": 40073000.0,
        "General And Administrative Expense": 40073000.0,
        "Other Gand A": 25894000.0,
        "Salaries And Wages": 14179000.0,
        "Gross Profit": 83550000.0,
        "Cost Of Revenue": 696225000.0,
        "Total Revenue": 779775000.0,
        "Excise Taxes": 63791000.0,
        "Operating Revenue": 844089000.0
    },
    "2022-09-30": {
        "Tax Effect Of Unusual Items": NaN,
        "Tax Rate For Calcs": NaN,
        "Normalized EBITDA": NaN,
        "Total Unusual Items": NaN,
        "Total Unusual Items Excluding Goodwill": NaN,
        "Net Income From Continuing Operation Net Minority Interest": NaN,
        "Reconciled Depreciation": NaN,
        "Reconciled Cost Of Revenue": NaN,
        "EBITDA": NaN,
        "EBIT": NaN,
        "Net Interest Income": NaN,
        "Interest Expense": NaN,
        "Interest Income": NaN,
        "Normalized Income": NaN,
        "Net Income From Continuing And Discontinued Operation": NaN,
        "Total Expenses": NaN,
        "Total Operating Income As Reported": NaN,
        "Diluted Average Shares": 132439000.0,
        "Basic Average Shares": 132439000.0,
        "Diluted EPS": -0.31,
        "Basic EPS": -0.31,
        "Diluted NI Availto Com Stockholders": NaN,
        "Net Income Common Stockholders": NaN,
        "Net Income": NaN,
        "Minority Interests": NaN,
        "Net Income Including Noncontrolling Interests": NaN,
        "Net Income Continuous Operations": NaN,
        "Tax Provision": NaN,
        "Pretax Income": NaN,
        "Other Income Expense": NaN,
        "Other Non Operating Income Expenses": NaN,
        "Special Income Charges": NaN,
        "Gain On Sale Of Ppe": NaN,
        "Other Special Charges": NaN,
        "Impairment Of Capital Assets": NaN,
        "Restructuring And Mergern Acquisition": NaN,
        "Earnings From Equity Interest": NaN,
        "Gain On Sale Of Security": NaN,
        "Net Non Operating Interest Income Expense": NaN,
        "Total Other Finance Cost": NaN,
        "Interest Expense Non Operating": NaN,
        "Interest Income Non Operating": NaN,
        "Operating Income": NaN,
        "Operating Expense": NaN,
        "Other Operating Expenses": NaN,
        "Other Taxes": 0.0,
        "Depreciation Amortization Depletion Income Statement": NaN,
        "Depreciation And Amortization In Income Statement": NaN,
        "Selling General And Administration": NaN,
        "General And Administrative Expense": NaN,
        "Other Gand A": NaN,
        "Salaries And Wages": NaN,
        "Gross Profit": NaN,
        "Cost Of Revenue": NaN,
        "Total Revenue": NaN,
        "Excise Taxes": NaN,
        "Operating Revenue": NaN
    },
    "2022-06-30": {
        "Tax Effect Of Unusual Items": -6227549.658942,
        "Tax Rate For Calcs": 0.25306,
        "Normalized EBITDA": 302605000.0,
        "Total Unusual Items": -24609000.0,
        "Total Unusual Items Excluding Goodwill": -24609000.0,
        "Net Income From Continuing Operation Net Minority Interest": 109002000.0,
        "Reconciled Depreciation": 74374000.0,
        "Reconciled Cost Of Revenue": 483251000.0,
        "EBITDA": 277996000.0,
        "EBIT": 203622000.0,
        "Net Interest Income": -31894000.0,
        "Interest Expense": 38254000.0,
        "Interest Income": 5242000.0,
        "Normalized Income": 127383450.341058,
        "Net Income From Continuing And Discontinued Operation": 109002000.0,
        "Total Expenses": 612432000.0,
        "Total Operating Income As Reported": 239602000.0,
        "Diluted Average Shares": 132439000.0,
        "Basic Average Shares": 132439000.0,
        "Diluted EPS": 0.82,
        "Basic EPS": 0.82,
        "Diluted NI Availto Com Stockholders": 109002000.0,
        "Net Income Common Stockholders": 109002000.0,
        "Net Income": 109002000.0,
        "Minority Interests": -14518000.0,
        "Net Income Including Noncontrolling Interests": 123520000.0,
        "Net Income Continuous Operations": 123520000.0,
        "Tax Provision": 41848000.0,
        "Pretax Income": 165368000.0,
        "Other Income Expense": -19740000.0,
        "Other Non Operating Income Expenses": 4869000.0,
        "Special Income Charges": 20540000.0,
        "Gain On Sale Of Ppe": 104000.0,
        "Other Special Charges": -20436000.0,
        "Impairment Of Capital Assets": NaN,
        "Earnings From Equity Interest": NaN,
        "Gain On Sale Of Security": -45149000.0,
        "Net Non Operating Interest Income Expense": -31894000.0,
        "Total Other Finance Cost": -1118000.0,
        "Interest Expense Non Operating": 38254000.0,
        "Interest Income Non Operating": 5242000.0,
        "Operating Income": 217002000.0,
        "Operating Expense": 56103000.0,
        "Other Operating Expenses": 18984000.0,
        "Depreciation Amortization Depletion Income Statement": 1296000.0,
        "Depreciation And Amortization In Income Statement": 1296000.0,
        "Selling General And Administration": 35823000.0,
        "General And Administrative Expense": 35823000.0,
        "Other Gand A": 19114000.0,
        "Salaries And Wages": 16709000.0,
        "Gross Profit": 273105000.0,
        "Cost Of Revenue": 556329000.0,
        "Total Revenue": 829434000.0,
        "Excise Taxes": 132741000.0,
        "Operating Revenue": 963587000.0
    },
    "2022-03-31": {
        "Diluted EPS": 0.48,
        "Total Revenue": 722,
        "Gross Profit": 197,
        "Operating Income": 123,
        "EBIT": 189,
        "Net Income": 63
    },
    "2021-12-31": {
        "Diluted EPS": 0.01,
        "Total Revenue": 678,
        "Gross Profit": 94,
        "Operating Income": 68,
        "EBIT": 137,
        "Net Income": 1
    },
    "2021-09-30": {
        "Diluted EPS": -0.14,
        "Total Revenue": 655,
        "Gross Profit": 148,
        "Operating Income": 87,
        "EBIT": 156,
        "Net Income": -19
    },
    "2021-06-30": {
        "Diluted EPS": 0.82,
        "Total Revenue": 686,
        "Gross Profit": 217,
        "Operating Income": 171,
        "EBIT": 233,
        "Net Income": 109
    },
    "2021-03-31": {
        "Diluted EPS": 0.17,
        "Total Revenue": 603,
        "Gross Profit": 174,
        "Operating Income": 121,
        "EBIT": 180,
        "Net Income": 23
    },
    "2020-12-31": {
        "Diluted EPS": 0.38,
        "Total Revenue": 635,
        "Gross Profit": 174,
        "Operating Income": 97,
        "EBIT": 160,
        "Net Income": 50
    },
    "2020-09-30": {
        "Diluted EPS": -0.23,
        "Total Revenue": 538,
        "Gross Profit": 141,
        "Operating Income": 25,
        "EBIT": 86,
        "Net Income": -30
    },
    "2020-06-30": {
        "Diluted EPS": -0.42,
        "Total Revenue": 337,
        "Gross Profit": 21,
        "Operating Income": -12,
        "EBIT": 41,
        "Net Income": -56
    },
    "2020-03-31": {
        "Diluted EPS": -3.95,
        "Total Revenue": 442,
        "Gross Profit": 51,
        "Operating Income": -508,
        "EBIT": -441,
        "Net Income": -524
    },
    "2019-12-31": {
        "Diluted EPS": 0.0,
        "Total Revenue": 586,
        "Gross Profit": 108,
        "Operating Income": -5,
        "EBIT": 65,
        "Net Income": -1
    },
    "2019-09-30": {
        "Diluted EPS": -1.13,
        "Total Revenue": 564,
        "Gross Profit": 59,
        "Operating Income": -178,
        "EBIT": -84,
        "Net Income": -150
    },
    "2019-06-30": {
        "Diluted EPS": 0.15,
        "Total Revenue": 613,
        "Gross Profit": 135,
        "Operating Income": 45,
        "EBIT": 118,
        "Net Income": 20
    },
    "2019-03-31": {
        "Diluted EPS": -0.11,
        "Total Revenue": 570,
        "Gross Profit": 82,
        "Operating Income": 27,
        "EBIT": 108,
        "Net Income": -14
    },
    "2018-12-31": {
        "Diluted EPS": 0.39,
        "Total Revenue": 583,
        "Gross Profit": 142,
        "Operating Income": 65,
        "EBIT": 127,
        "Net Income": 53
    },
    "2018-09-30": {
        "Diluted EPS": 0.06,
        "Total Revenue": 595,
        "Gross Profit": 107,
        "Operating Income": 53,
        "EBIT": 120,
        "Net Income": 7
    },
    "2018-06-30": {
        "Diluted EPS": -0.3,
        "Total Revenue": 637,
        "Gross Profit": 162,
        "Operating Income": 94,
        "EBIT": 163,
        "Net Income": -40
    },
    "2018-03-31": {
        "Diluted EPS": 0.41,
        "Total Revenue": 676,
        "Gross Profit": 191,
        "Operating Income": 122,
        "EBIT": 192,
        "Net Income": 55
    },
    "2017-12-31": {
        "Diluted EPS": 0.07,
        "Total Revenue": 703,
        "Gross Profit": 235,
        "Operating Income": 152,
        "EBIT": 222,
        "Net Income": 12
    },
    "2017-09-30": {
        "Diluted EPS": 0.62,
        "Total Revenue": 626,
        "Gross Profit": 178,
        "Operating Income": 96,
        "EBIT": 161,
        "Net Income": 70
    },
    "2017-06-30": {
        "Diluted EPS": -0.04,
        "Total Revenue": 571,
        "Gross Profit": 146,
        "Operating Income": 78,
        "EBIT": 145,
        "Net Income": -4
    },
    "2017-03-31": {
        "Diluted EPS": 0.44,
        "Total Revenue": 549,
        "Gross Profit": 138,
        "Operating Income": 75,
        "EBIT": 144,
        "Net Income": 49
    },
    "2016-12-31": {
        "Diluted EPS": 0.0,
        "Total Revenue": NaN,
        "Gross Profit": NaN,
        "Operating Income": NaN,
        "EBIT": NaN,
        "Net Income": NaN
    },
    "2016-09-30": {
        "Diluted EPS": 0.43,
        "Total Revenue": 523,
        "Gross Profit": 159,
        "Operating Income": 82,
        "EBIT": 154,
        "Net Income": 38
    },
    "2016-06-30": {
        "Diluted EPS": 0.98,
        "Total Revenue": 469,
        "Gross Profit": 135,
        "Operating Income": 58,
        "EBIT": 58,
        "Net Income": 85
    },
    "2015-12-31": {
        "Diluted EPS": 0.0,
        "Total Revenue": NaN,
        "Gross Profit": NaN,
        "Operating Income": NaN,
        "EBIT": NaN,
        "Net Income": NaN
    },
    "2023-09-30": {
        "Tax Effect Of Unusual Items": -7382670.0,
        "Tax Rate For Calcs": 0.295,
        "Normalized EBITDA": 74951000.0,
        "Total Unusual Items": -25026000.0,
        "Total Unusual Items Excluding Goodwill": -25026000.0,
        "Net Income From Continuing Operation Net Minority Interest": -73738000.0,
        "Reconciled Depreciation": 72095000.0,
        "Reconciled Cost Of Revenue": 511029000.0,
        "EBITDA": 49925000.0,
        "EBIT": -22170000.0,
        "Net Interest Income": -37253000.0,
        "Interest Expense": 40835000.0,
        "Interest Income": 3214000.0,
        "Normalized Income": -56094670.0,
        "Net Income From Continuing And Discontinued Operation": -73738000.0,
        "Total Expenses": 648212000.0,
        "Total Operating Income As Reported": -4976000.0,
        "Diluted Average Shares": 132439000.0,
        "Basic Average Shares": 132439000.0,
        "Diluted EPS": -0.56,
        "Basic EPS": -0.56,
        "Diluted NI Availto Com Stockholders": -73738000.0,
        "Net Income Common Stockholders": -73738000.0,
        "Net Income": -73738000.0,
        "Minority Interests": -10374000.0,
        "Net Income Including Noncontrolling Interests": -63364000.0,
        "Net Income Continuous Operations": -63364000.0,
        "Tax Provision": 359000.0,
        "Pretax Income": -63005000.0,
        "Other Income Expense": -26874000.0,
        "Other Non Operating Income Expenses": -8176000.0,
        "Special Income Charges": -736000.0,
        "Gain On Sale Of Ppe": 115000.0,
        "Other Special Charges": -1059000.0,
        "Impairment Of Capital Assets": 1910000.0,
        "Restructuring And Mergern Acquisition": NaN,
        "Earnings From Equity Interest": 6328000.0,
        "Gain On Sale Of Security": -24290000.0,
        "Net Non Operating Interest Income Expense": -37253000.0,
        "Total Other Finance Cost": -368000.0,
        "Interest Expense Non Operating": 40835000.0,
        "Interest Income Non Operating": 3214000.0,
        "Operating Income": 1122000.0,
        "Operating Expense": 65666000.0,
        "Other Operating Expenses": 19740000.0,
        "Other Taxes": 12818000.0,
        "Depreciation Amortization Depletion Income Statement": 578000.0,
        "Depreciation And Amortization In Income Statement": 578000.0,
        "Selling General And Administration": 32530000.0,
        "General And Administrative Expense": 32530000.0,
        "Other Gand A": 17447000.0,
        "Salaries And Wages": 15083000.0,
        "Gross Profit": 66788000.0,
        "Cost Of Revenue": 582546000.0,
        "Total Revenue": 649334000.0,
        "Excise Taxes": 63311000.0,
        "Operating Revenue": 713640000.0
    },
    "2023-12-31": {
        "Tax Effect Of Unusual Items": -15971300.0,
        "Tax Rate For Calcs": 0.295,
        "Normalized EBITDA": 84042000.0,
        "Total Unusual Items": -54140000.0,
        "Total Unusual Items Excluding Goodwill": -54140000.0,
        "Net Income From Continuing Operation Net Minority Interest": -93402000.0,
        "Reconciled Depreciation": 82873000.0,
        "Reconciled Cost Of Revenue": 479350000.0,
        "EBITDA": 29902000.0,
        "EBIT": -52971000.0,
        "Net Interest Income": -48277000.0,
        "Interest Expense": 50890000.0,
        "Interest Income": 3060000.0,
        "Normalized Income": -55233300.0,
        "Net Income From Continuing And Discontinued Operation": -93402000.0,
        "Total Expenses": 549071000.0,
        "Total Operating Income As Reported": -78449000.0,
        "Diluted Average Shares": NaN,
        "Basic Average Shares": NaN,
        "Diluted EPS": NaN,
        "Basic EPS": NaN,
        "Diluted NI Availto Com Stockholders": -93402000.0,
        "Net Income Common Stockholders": -93402000.0,
        "Net Income": -93402000.0,
        "Minority Interests": 14236000.0,
        "Net Income Including Noncontrolling Interests": -107638000.0,
        "Net Income Continuous Operations": -107638000.0,
        "Tax Provision": 3777000.0,
        "Pretax Income": -103861000.0,
        "Other Income Expense": -136390000.0,
        "Other Non Operating Income Expenses": -88383000.0,
        "Special Income Charges": -61726000.0,
        "Gain On Sale Of Ppe": -2562000.0,
        "Other Special Charges": 3618000.0,
        "Impairment Of Capital Assets": 55546000.0,
        "Restructuring And Mergern Acquisition": NaN,
        "Earnings From Equity Interest": 6133000.0,
        "Gain On Sale Of Security": 7586000.0,
        "Net Non Operating Interest Income Expense": -48277000.0,
        "Total Other Finance Cost": 447000.0,
        "Interest Expense Non Operating": 50890000.0,
        "Interest Income Non Operating": 3060000.0,
        "Operating Income": 80806000.0,
        "Operating Expense": -12303000.0,
        "Other Operating Expenses": 30949000.0,
        "Other Taxes": 10915000.0,
        "Depreciation Amortization Depletion Income Statement": 849000.0,
        "Depreciation And Amortization In Income Statement": 849000.0,
        "Selling General And Administration": 31890000.0,
        "General And Administrative Expense": 31890000.0,
        "Other Gand A": 19148000.0,
        "Salaries And Wages": 12742000.0,
        "Gross Profit": 68503000.0,
        "Cost Of Revenue": 561374000.0,
        "Total Revenue": 629877000.0,
        "Excise Taxes": 64333000.0,
        "Operating Revenue": 694642000.0
    },
    "2024-03-31": {
        "Tax Effect Of Unusual Items": -148241.935484,
        "Tax Rate For Calcs": 0.034946,
        "Normalized EBITDA": 109731000.0,
        "Total Unusual Items": -4242000.0,
        "Total Unusual Items Excluding Goodwill": -4242000.0,
        "Net Income From Continuing Operation Net Minority Interest": -23843000.0,
        "Reconciled Depreciation": 72567000.0,
        "Reconciled Cost Of Revenue": 421215000.0,
        "EBITDA": 105489000.0,
        "EBIT": 32922000.0,
        "Net Interest Income": -47249000.0,
        "Interest Expense": 44826000.0,
        "Interest Income": 1884000.0,
        "Normalized Income": -19749241.935484,
        "Net Income From Continuing And Discontinued Operation": -23843000.0,
        "Total Expenses": 544216000.0,
        "Total Operating Income As Reported": 48368000.0,
        "Diluted Average Shares": 132439000.0,
        "Basic Average Shares": 132439000.0,
        "Diluted EPS": -0.18,
        "Basic EPS": -0.18,
        "Diluted NI Availto Com Stockholders": -23843000.0,
        "Net Income Common Stockholders": -23843000.0,
        "Net Income": -23843000.0,
        "Minority Interests": -12355000.0,
        "Net Income Including Noncontrolling Interests": -11488000.0,
        "Net Income Continuous Operations": -11488000.0,
        "Tax Provision": -416000.0,
        "Pretax Income": -11904000.0,
        "Other Income Expense": -221000.0,
        "Other Non Operating Income Expenses": -1694000.0,
        "Special Income Charges": 13252000.0,
        "Gain On Sale Of Ppe": -189000.0,
        "Other Special Charges": 604000.0,
        "Impairment Of Capital Assets": -17219000.0,
        "Restructuring And Mergern Acquisition": 3174000.0,
        "Earnings From Equity Interest": 5715000.0,
        "Gain On Sale Of Security": -17494000.0,
        "Net Non Operating Interest Income Expense": -47249000.0,
        "Total Other Finance Cost": 4307000.0,
        "Interest Expense Non Operating": 44826000.0,
        "Interest Income Non Operating": 1884000.0,
        "Operating Income": 35566000.0,
        "Operating Expense": 51023000.0,
        "Other Operating Expenses": 17389000.0,
        "Other Taxes": NaN,
        "Depreciation Amortization Depletion Income Statement": 589000.0,
        "Depreciation And Amortization In Income Statement": 589000.0,
        "Selling General And Administration": 33045000.0,
        "General And Administrative Expense": 33045000.0,
        "Other Gand A": 15763000.0,
        "Salaries And Wages": 17282000.0,
        "Gross Profit": 86589000.0,
        "Cost Of Revenue": 493193000.0,
        "Total Revenue": 579782000.0,
        "Excise Taxes": 54067000.0,
        "Operating Revenue": 634477000.0
    },
    "2024-06-30": {
        "Tax Effect Of Unusual Items": -31256023.927178,
        "Tax Rate For Calcs": 0.249328,
        "Normalized EBITDA": 151975000.0,
        "Total Unusual Items": -125361000.0,
        "Total Unusual Items Excluding Goodwill": -125361000.0,
        "Net Income From Continuing Operation Net Minority Interest": -76299000.0,
        "Reconciled Depreciation": 69865000.0,
        "Reconciled Cost Of Revenue": 487974000.0,
        "EBITDA": 26614000.0,
        "EBIT": -43251000.0,
        "Net Interest Income": -54115000.0,
        "Interest Expense": 49029000.0,
        "Interest Income": 3402000.0,
        "Normalized Income": 17805976.072822,
        "Net Income From Continuing And Discontinued Operation": -76299000.0,
        "Total Expenses": 619073000.0,
        "Total Operating Income As Reported": 18956000.0,
        "Diluted Average Shares": 132439000.0,
        "Basic Average Shares": 132439000.0,
        "Diluted EPS": -0.58,
        "Basic EPS": -0.58,
        "Diluted NI Availto Com Stockholders": -76299000.0,
        "Net Income Common Stockholders": -76299000.0,
        "Net Income": -76299000.0,
        "Minority Interests": -7027000.0,
        "Net Income Including Noncontrolling Interests": -69272000.0,
        "Net Income Continuous Operations": -69272000.0,
        "Tax Provision": -23008000.0,
        "Pretax Income": -92280000.0,
        "Other Income Expense": -155397000.0,
        "Other Non Operating Income Expenses": -35378000.0,
        "Special Income Charges": -63646000.0,
        "Gain On Sale Of Ppe": -14000.0,
        "Other Special Charges": 982000.0,
        "Impairment Of Capital Assets": 60210000.0,
        "Restructuring And Mergern Acquisition": 2440000.0,
        "Earnings From Equity Interest": 5342000.0,
        "Gain On Sale Of Security": -61715000.0,
        "Net Non Operating Interest Income Expense": -54115000.0,
        "Total Other Finance Cost": 8488000.0,
        "Interest Expense Non Operating": 49029000.0,
        "Interest Income Non Operating": 3402000.0,
        "Operating Income": 117232000.0,
        "Operating Expense": 62015000.0,
        "Other Operating Expenses": 31766000.0,
        "Other Taxes": NaN,
        "Depreciation Amortization Depletion Income Statement": 781000.0,
        "Depreciation And Amortization In Income Statement": 781000.0,
        "Selling General And Administration": 29468000.0,
        "General And Administrative Expense": 29468000.0,
        "Other Gand A": 14811000.0,
        "Salaries And Wages": 14657000.0,
        "Gross Profit": 179247000.0,
        "Cost Of Revenue": 557058000.0,
        "Total Revenue": 736305000.0,
        "Excise Taxes": 66655000.0,
        "Operating Revenue": 803376000.0
    },
    "2024-09-30": {
        "Tax Effect Of Unusual Items": 8861505.0,
        "Tax Rate For Calcs": 0.295,
        "Normalized EBITDA": 154101000.0,
        "Total Unusual Items": 30039000.0,
        "Total Unusual Items Excluding Goodwill": 30039000.0,
        "Net Income From Continuing Operation Net Minority Interest": -5152000.0,
        "Reconciled Depreciation": 82281000.0,
        "Reconciled Cost Of Revenue": 501472000.0,
        "EBITDA": 184140000.0,
        "EBIT": 101859000.0,
        "Net Interest Income": -52298000.0,
        "Interest Expense": 53116000.0,
        "Interest Income": 3698000.0,
        "Normalized Income": -26329495.0,
        "Net Income From Continuing And Discontinued Operation": -5152000.0,
        "Total Expenses": 633900000.0,
        "Total Operating Income As Reported": 84761000.0,
        "Diluted Average Shares": NaN,
        "Basic Average Shares": NaN,
        "Diluted EPS": NaN,
        "Basic EPS": NaN,
        "Diluted NI Availto Com Stockholders": -5152000.0,
        "Net Income Common Stockholders": -5152000.0,
        "Net Income": -5152000.0,
        "Minority Interests": -11135000.0,
        "Net Income Including Noncontrolling Interests": 5983000.0,
        "Net Income Continuous Operations": 5983000.0,
        "Tax Provision": 42760000.0,
        "Pretax Income": 48743000.0,
        "Other Income Expense": 25465000.0,
        "Other Non Operating Income Expenses": -10016000.0,
        "Special Income Charges": 18607000.0,
        "Gain On Sale Of Ppe": -6720000.0,
        "Other Special Charges": -3022000.0,
        "Impairment Of Capital Assets": -17592000.0,
        "Restructuring And Mergern Acquisition": -4713000.0,
        "Earnings From Equity Interest": 5442000.0,
        "Gain On Sale Of Security": 11432000.0,
        "Net Non Operating Interest Income Expense": -52298000.0,
        "Total Other Finance Cost": 2880000.0,
        "Interest Expense Non Operating": 53116000.0,
        "Interest Income Non Operating": 3698000.0,
        "Operating Income": 75576000.0,
        "Operating Expense": 51004000.0,
        "Other Operating Expenses": 21516000.0,
        "Other Taxes": 0.0,
        "Depreciation Amortization Depletion Income Statement": 857000.0,
        "Depreciation And Amortization In Income Statement": 857000.0,
        "Selling General And Administration": 28631000.0,
        "General And Administrative Expense": 28631000.0,
        "Other Gand A": 14461000.0,
        "Salaries And Wages": 14170000.0,
        "Gross Profit": 126580000.0,
        "Cost Of Revenue": 582896000.0,
        "Total Revenue": 709476000.0,
        "Excise Taxes": 62916000.0,
        "Operating Revenue": 773757000.0
    }
}