{
    "2023-03-31": {
        "Tax Effect Of Unusual Items": -79040.0,
        "Tax Rate For Calcs": 0.16,
        "Normalized EBITDA": 283709000.0,
        "Total Unusual Items": -494000.0,
        "Total Unusual Items Excluding Goodwill": -494000.0,
        "Net Income From Continuing Operation Net Minority Interest": 150206000.0,
        "Reconciled Depreciation": 34608000.0,
        "Reconciled Cost Of Revenue": 224667000.0,
        "EBITDA": 283215000.0,
        "EBIT": 248607000.0,
        "Net Interest Income": -71673000.0,
        "Interest Expense": 68081000.0,
        "Normalized Income": 150620960.0,
        "Net Income From Continuing And Discontinued Operation": 150206000.0,
        "Total Expenses": 311413000.0,
        "Total Operating Income As Reported": 267224000.0,
        "Diluted Average Shares": 209325619.0,
        "Basic Average Shares": 208707385.0,
        "Diluted EPS": 0.71,
        "Basic EPS": 0.72,
        "Diluted NI Availto Com Stockholders": 150206000.0,
        "Net Income Common Stockholders": 150206000.0,
        "Net Income": 150206000.0,
        "Minority Interests": -1360000.0,
        "Net Income Including Noncontrolling Interests": 151566000.0,
        "Net Income Continuous Operations": 151566000.0,
        "Tax Provision": 28960000.0,
        "Pretax Income": 180526000.0,
        "Other Income Expense": -15519000.0,
        "Other Non Operating Income Expenses": -25005000.0,
        "Special Income Charges": -494000.0,
        "Other Special Charges": NaN,
        "Impairment Of Capital Assets": NaN,
        "Restructuring And Mergern Acquisition": 494000.0,
        "Earnings From Equity Interest": 9980000.0,
        "Net Non Operating Interest Income Expense": -71673000.0,
        "Total Other Finance Cost": 3592000.0,
        "Interest Expense Non Operating": 68081000.0,
        "Operating Income": 267718000.0,
        "Operating Expense": 86513000.0,
        "Depreciation Amortization Depletion Income Statement": 34375000.0,
        "Depreciation And Amortization In Income Statement": 34375000.0,
        "Selling General And Administration": 52138000.0,
        "Gross Profit": 354231000.0,
        "Cost Of Revenue": 224900000.0,
        "Total Revenue": 579131000.0,
        "Operating Revenue": 578212000.0
    },
    "2022-12-31": {
        "Tax Effect Of Unusual Items": -489758.653356,
        "Tax Rate For Calcs": 0.040953,
        "Normalized EBITDA": 194773000.0,
        "Total Unusual Items": -11959000.0,
        "Total Unusual Items Excluding Goodwill": -11959000.0,
        "Net Income From Continuing Operation Net Minority Interest": 64127000.0,
        "Reconciled Depreciation": 36404000.0,
        "Reconciled Cost Of Revenue": 177413000.0,
        "EBITDA": 182814000.0,
        "EBIT": 146410000.0,
        "Net Interest Income": -80517000.0,
        "Interest Expense": 77795000.0,
        "Normalized Income": 75596241.346644,
        "Net Income From Continuing And Discontinued Operation": 64127000.0,
        "Total Expenses": 283916000.0,
        "Total Operating Income As Reported": 250494000.0,
        "Diluted Average Shares": 209745660.0,
        "Basic Average Shares": 208768552.0,
        "Diluted EPS": 0.3,
        "Basic EPS": 0.31,
        "Diluted NI Availto Com Stockholders": 64127000.0,
        "Net Income Common Stockholders": 64127000.0,
        "Net Income": 64127000.0,
        "Minority Interests": -1678000.0,
        "Net Income Including Noncontrolling Interests": 65805000.0,
        "Net Income Continuous Operations": 65805000.0,
        "Tax Provision": 2810000.0,
        "Pretax Income": 68615000.0,
        "Other Income Expense": -113321000.0,
        "Other Non Operating Income Expenses": 16431000.0,
        "Special Income Charges": -11959000.0,
        "Other Special Charges": 0.0,
        "Impairment Of Capital Assets": 2550000.0,
        "Restructuring And Mergern Acquisition": 9409000.0,
        "Earnings From Equity Interest": -117793000.0,
        "Net Non Operating Interest Income Expense": -80517000.0,
        "Total Other Finance Cost": 2722000.0,
        "Interest Expense Non Operating": 77795000.0,
        "Operating Income": 262453000.0,
        "Operating Expense": 106300000.0,
        "Depreciation Amortization Depletion Income Statement": 36201000.0,
        "Depreciation And Amortization In Income Statement": 36201000.0,
        "Selling General And Administration": 70099000.0,
        "Gross Profit": 368753000.0,
        "Cost Of Revenue": 177616000.0,
        "Total Revenue": 546369000.0,
        "Operating Revenue": 545390000.0
    },
    "2022-09-30": {
        "Tax Effect Of Unusual Items": -3105225.023413,
        "Tax Rate For Calcs": 0.150615,
        "Normalized EBITDA": 186420000.0,
        "Total Unusual Items": -20617000.0,
        "Total Unusual Items Excluding Goodwill": -20617000.0,
        "Net Income From Continuing Operation Net Minority Interest": 61848000.0,
        "Reconciled Depreciation": 36013000.0,
        "Reconciled Cost Of Revenue": 435961000.0,
        "EBITDA": 165803000.0,
        "EBIT": 129790000.0,
        "Net Interest Income": -63588000.0,
        "Interest Expense": 63588000.0,
        "Normalized Income": 79359774.976587,
        "Net Income From Continuing And Discontinued Operation": 61848000.0,
        "Total Expenses": 539575000.0,
        "Total Operating Income As Reported": 186735000.0,
        "Diluted Average Shares": 209800427.0,
        "Basic Average Shares": 209629936.0,
        "Diluted EPS": 0.29,
        "Basic EPS": 0.3,
        "Diluted NI Availto Com Stockholders": 61848000.0,
        "Net Income Common Stockholders": 61848000.0,
        "Net Income": 61848000.0,
        "Minority Interests": 5617000.0,
        "Net Income Including Noncontrolling Interests": 56231000.0,
        "Net Income Continuous Operations": 56231000.0,
        "Tax Provision": 9971000.0,
        "Pretax Income": 66202000.0,
        "Other Income Expense": -62565000.0,
        "Other Non Operating Income Expenses": -10214000.0,
        "Special Income Charges": -20617000.0,
        "Other Special Charges": 14997000.0,
        "Impairment Of Capital Assets": 0.0,
        "Restructuring And Mergern Acquisition": 5620000.0,
        "Earnings From Equity Interest": -31734000.0,
        "Net Non Operating Interest Income Expense": -63588000.0,
        "Total Other Finance Cost": 2583000.0,
        "Interest Expense Non Operating": 63588000.0,
        "Operating Income": 192355000.0,
        "Operating Expense": 103394000.0,
        "Depreciation Amortization Depletion Income Statement": 35793000.0,
        "Depreciation And Amortization In Income Statement": 35793000.0,
        "Selling General And Administration": 67601000.0,
        "Gross Profit": 295749000.0,
        "Cost Of Revenue": 436181000.0,
        "Total Revenue": 731930000.0,
        "Operating Revenue": 725544000.0
    },
    "2022-06-30": {
        "Tax Effect Of Unusual Items": -17301594.614485,
        "Tax Rate For Calcs": 0.326599,
        "Normalized EBITDA": -127799000.0,
        "Total Unusual Items": -52975000.0,
        "Total Unusual Items Excluding Goodwill": -52975000.0,
        "Net Income From Continuing Operation Net Minority Interest": -169765000.0,
        "Reconciled Depreciation": 36320000.0,
        "Reconciled Cost Of Revenue": 311555000.0,
        "EBITDA": -180774000.0,
        "EBIT": -217130000.0,
        "Net Interest Income": -47840000.0,
        "Interest Expense": 47840000.0,
        "Normalized Income": -134091594.614485,
        "Net Income From Continuing And Discontinued Operation": -169765000.0,
        "Total Expenses": 398185000.0,
        "Total Operating Income As Reported": 133695000.0,
        "Diluted Average Shares": 209669188.0,
        "Basic Average Shares": 209669188.0,
        "Diluted EPS": -0.81,
        "Basic EPS": -0.81,
        "Diluted NI Availto Com Stockholders": -169765000.0,
        "Net Income Common Stockholders": -169765000.0,
        "Net Income": -169765000.0,
        "Minority Interests": 8666000.0,
        "Net Income Including Noncontrolling Interests": -178431000.0,
        "Net Income Continuous Operations": -178431000.0,
        "Tax Provision": -86539000.0,
        "Pretax Income": -264970000.0,
        "Other Income Expense": -403800000.0,
        "Other Non Operating Income Expenses": 22102000.0,
        "Special Income Charges": -52975000.0,
        "Other Special Charges": NaN,
        "Impairment Of Capital Assets": 48109000.0,
        "Restructuring And Mergern Acquisition": 4866000.0,
        "Earnings From Equity Interest": -372927000.0,
        "Net Non Operating Interest Income Expense": -47840000.0,
        "Total Other Finance Cost": 3318000.0,
        "Interest Expense Non Operating": 47840000.0,
        "Operating Income": 186670000.0,
        "Operating Expense": 86666000.0,
        "Depreciation Amortization Depletion Income Statement": 36356000.0,
        "Depreciation And Amortization In Income Statement": 36356000.0,
        "Selling General And Administration": 50310000.0,
        "Gross Profit": 273336000.0,
        "Cost Of Revenue": 311519000.0,
        "Total Revenue": 584855000.0,
        "Operating Revenue": 572374000.0
    },
    "2022-03-31": {
        "Diluted EPS": 1.13,
        "Total Revenue": 505,
        "Gross Profit": 274,
        "Operating Income": 166,
        "EBIT": 201,
        "Net Income": 238
    },
    "2021-12-31": {
        "Diluted EPS": 0.76,
        "Total Revenue": 649,
        "Gross Profit": 345,
        "Operating Income": 219,
        "EBIT": 255,
        "Net Income": 151
    },
    "2021-09-30": {
        "Diluted EPS": -0.05,
        "Total Revenue": 305,
        "Gross Profit": 154,
        "Operating Income": 54,
        "EBIT": 101,
        "Net Income": -10
    },
    "2021-06-30": {
        "Diluted EPS": -0.03,
        "Total Revenue": 224,
        "Gross Profit": 107,
        "Operating Income": -12,
        "EBIT": 8,
        "Net Income": -6
    },
    "2021-03-31": {
        "Diluted EPS": -0.21,
        "Total Revenue": 146,
        "Gross Profit": 49,
        "Operating Income": -22,
        "EBIT": -12,
        "Net Income": -38
    },
    "2020-12-31": {
        "Diluted EPS": 1.22,
        "Total Revenue": 146,
        "Gross Profit": 77,
        "Operating Income": 18,
        "EBIT": 29,
        "Net Income": 0
    },
    "2020-09-30": {
        "Diluted EPS": -0.21,
        "Total Revenue": 137,
        "Gross Profit": 65,
        "Operating Income": 11,
        "EBIT": 24,
        "Net Income": -36
    },
    "2020-06-30": {
        "Diluted EPS": -2.4,
        "Total Revenue": 95,
        "Gross Profit": 25,
        "Operating Income": -148,
        "EBIT": -137,
        "Net Income": -137
    },
    "2020-03-31": {
        "Diluted EPS": -0.32,
        "Total Revenue": 75,
        "Gross Profit": 6,
        "Operating Income": -36,
        "EBIT": -27,
        "Net Income": -8
    },
    "2019-12-31": {
        "Diluted EPS": -0.08,
        "Total Revenue": 70,
        "Gross Profit": 10,
        "Operating Income": -36,
        "EBIT": -32,
        "Net Income": -7
    },
    "2019-09-30": {
        "Diluted EPS": -0.3,
        "Total Revenue": 50,
        "Gross Profit": 4,
        "Operating Income": -48,
        "EBIT": -44,
        "Net Income": -7
    },
    "2019-06-30": {
        "Diluted EPS": -0.28,
        "Total Revenue": 40,
        "Gross Profit": -4,
        "Operating Income": -44,
        "EBIT": -40,
        "Net Income": -6
    },
    "2019-03-31": {
        "Diluted EPS": -0.96,
        "Total Revenue": 30,
        "Gross Profit": -3,
        "Operating Income": -59,
        "EBIT": -57,
        "Net Income": -14
    },
    "2018-12-31": {
        "Diluted EPS": 0.0,
        "Total Revenue": 31,
        "Gross Profit": 0,
        "Operating Income": -22,
        "EBIT": -18,
        "Net Income": -35
    },
    "2018-09-30": {
        "Diluted EPS": 0.0,
        "Total Revenue": 28,
        "Gross Profit": 6,
        "Operating Income": -10,
        "EBIT": -8,
        "Net Income": -14
    },
    "2018-06-30": {
        "Diluted EPS": 0.0,
        "Total Revenue": 27,
        "Gross Profit": 1,
        "Operating Income": -17,
        "EBIT": -16,
        "Net Income": -19
    },
    "2018-03-31": {
        "Diluted EPS": 0.0,
        "Total Revenue": 26,
        "Gross Profit": 5,
        "Operating Income": -9,
        "EBIT": -8,
        "Net Income": -11
    },
    "2017-12-31": {
        "Diluted EPS": 0.0,
        "Total Revenue": NaN,
        "Gross Profit": NaN,
        "Operating Income": NaN,
        "EBIT": NaN,
        "Net Income": NaN
    },
    "2016-12-31": {
        "Diluted EPS": 0.0,
        "Total Revenue": NaN,
        "Gross Profit": NaN,
        "Operating Income": NaN,
        "EBIT": NaN,
        "Net Income": NaN
    },
    "2023-06-30": {
        "Tax Effect Of Unusual Items": -175602.0,
        "Tax Rate For Calcs": 0.113,
        "Normalized EBITDA": 240563000.0,
        "Total Unusual Items": -1554000.0,
        "Total Unusual Items Excluding Goodwill": -1554000.0,
        "Net Income From Continuing Operation Net Minority Interest": 119248000.0,
        "Reconciled Depreciation": 42341000.0,
        "Reconciled Cost Of Revenue": 270682000.0,
        "EBITDA": 239009000.0,
        "EBIT": 196668000.0,
        "Net Interest Income": -64396000.0,
        "Interest Expense": 61246000.0,
        "Normalized Income": 120626398.0,
        "Net Income From Continuing And Discontinued Operation": 119248000.0,
        "Total Expenses": 368826000.0,
        "Total Operating Income As Reported": 190965000.0,
        "Diluted Average Shares": 205711467.0,
        "Basic Average Shares": 205045121.0,
        "Diluted EPS": 0.58,
        "Basic EPS": 0.58,
        "Diluted NI Availto Com Stockholders": 119248000.0,
        "Net Income Common Stockholders": 119248000.0,
        "Net Income": 119248000.0,
        "Minority Interests": -852000.0,
        "Net Income Including Noncontrolling Interests": 120100000.0,
        "Net Income Continuous Operations": 120100000.0,
        "Tax Provision": 15322000.0,
        "Pretax Income": 135422000.0,
        "Other Income Expense": 7299000.0,
        "Other Non Operating Income Expenses": 6584000.0,
        "Special Income Charges": -1554000.0,
        "Other Special Charges": NaN,
        "Impairment Of Capital Assets": 0.0,
        "Restructuring And Mergern Acquisition": 1554000.0,
        "Earnings From Equity Interest": 2269000.0,
        "Net Non Operating Interest Income Expense": -64396000.0,
        "Total Other Finance Cost": 3150000.0,
        "Interest Expense Non Operating": 61246000.0,
        "Operating Income": 192519000.0,
        "Operating Expense": 97918000.0,
        "Depreciation Amortization Depletion Income Statement": 42115000.0,
        "Depreciation And Amortization In Income Statement": 42115000.0,
        "Selling General And Administration": 55803000.0,
        "Gross Profit": 290437000.0,
        "Cost Of Revenue": 270908000.0,
        "Total Revenue": 561345000.0,
        "Operating Revenue": 560459000.0
    },
    "2023-09-30": {
        "Tax Effect Of Unusual Items": -788832.0,
        "Tax Rate For Calcs": 0.288,
        "Normalized EBITDA": 199220000.0,
        "Total Unusual Items": -2739000.0,
        "Total Unusual Items Excluding Goodwill": -2739000.0,
        "Net Income From Continuing Operation Net Minority Interest": 61221000.0,
        "Reconciled Depreciation": 48904000.0,
        "Reconciled Cost Of Revenue": 264118000.0,
        "EBITDA": 196481000.0,
        "EBIT": 147577000.0,
        "Net Interest Income": -64822000.0,
        "Interest Expense": 60045000.0,
        "Normalized Income": 63171168.0,
        "Net Income From Continuing And Discontinued Operation": 61221000.0,
        "Total Expenses": 362129000.0,
        "Total Operating Income As Reported": 149594000.0,
        "Diluted Average Shares": 205032928.0,
        "Basic Average Shares": 205032928.0,
        "Diluted EPS": 0.3,
        "Basic EPS": 0.3,
        "Diluted NI Availto Com Stockholders": 61221000.0,
        "Net Income Common Stockholders": 61221000.0,
        "Net Income": 61221000.0,
        "Minority Interests": -1117000.0,
        "Net Income Including Noncontrolling Interests": 62338000.0,
        "Net Income Continuous Operations": 62338000.0,
        "Tax Provision": 25194000.0,
        "Pretax Income": 87532000.0,
        "Other Income Expense": 21000.0,
        "Other Non Operating Income Expenses": 2271000.0,
        "Special Income Charges": -2739000.0,
        "Other Special Charges": NaN,
        "Impairment Of Capital Assets": 0.0,
        "Restructuring And Mergern Acquisition": 2739000.0,
        "Earnings From Equity Interest": 489000.0,
        "Net Non Operating Interest Income Expense": -64822000.0,
        "Total Other Finance Cost": 4777000.0,
        "Interest Expense Non Operating": 60045000.0,
        "Operating Income": 152333000.0,
        "Operating Expense": 97777000.0,
        "Depreciation Amortization Depletion Income Statement": 48670000.0,
        "Depreciation And Amortization In Income Statement": 48670000.0,
        "Selling General And Administration": 49107000.0,
        "Gross Profit": 250110000.0,
        "Cost Of Revenue": 264352000.0,
        "Total Revenue": 514462000.0,
        "Operating Revenue": 488155000.0
    },
    "2023-12-31": {
        "Tax Effect Of Unusual Items": 2869228.95339,
        "Tax Rate For Calcs": 0.176448,
        "Normalized EBITDA": 376714000.0,
        "Total Unusual Items": 16261000.0,
        "Total Unusual Items Excluding Goodwill": 16261000.0,
        "Net Income From Continuing Operation Net Minority Interest": 217207000.0,
        "Reconciled Depreciation": 61471000.0,
        "Reconciled Cost Of Revenue": 330208000.0,
        "EBITDA": 392975000.0,
        "EBIT": 330811000.0,
        "Net Interest Income": -76951000.0,
        "Interest Expense": 69902000.0,
        "Normalized Income": 203815228.95339,
        "Net Income From Continuing And Discontinued Operation": 217207000.0,
        "Total Expenses": 439735000.0,
        "Total Operating Income As Reported": 334884000.0,
        "Diluted Average Shares": NaN,
        "Basic Average Shares": NaN,
        "Diluted EPS": NaN,
        "Basic EPS": NaN,
        "Diluted NI Availto Com Stockholders": 216471000.0,
        "Net Income Common Stockholders": 217207000.0,
        "Net Income": 217207000.0,
        "Minority Interests": 2335000.0,
        "Net Income Including Noncontrolling Interests": 214872000.0,
        "Net Income Continuous Operations": 214872000.0,
        "Tax Provision": 46037000.0,
        "Pretax Income": 260909000.0,
        "Other Income Expense": 19237000.0,
        "Other Non Operating Income Expenses": 5742000.0,
        "Special Income Charges": 16261000.0,
        "Other Special Charges": NaN,
        "Impairment Of Capital Assets": 10958000.0,
        "Restructuring And Mergern Acquisition": 2159000.0,
        "Earnings From Equity Interest": -2766000.0,
        "Net Non Operating Interest Income Expense": -76951000.0,
        "Total Other Finance Cost": 7049000.0,
        "Interest Expense Non Operating": 69902000.0,
        "Operating Income": 318623000.0,
        "Operating Expense": 110220000.0,
        "Depreciation Amortization Depletion Income Statement": 62164000.0,
        "Depreciation And Amortization In Income Statement": 62164000.0,
        "Selling General And Administration": 48056000.0,
        "Gross Profit": 428843000.0,
        "Cost Of Revenue": 329515000.0,
        "Total Revenue": 758358000.0,
        "Operating Revenue": 710229000.0
    }
}