{
    "2023-03-31": {
        "Tax Effect Of Unusual Items": 0.0,
        "Tax Rate For Calcs": 0.0,
        "Normalized EBITDA": -50194000.0,
        "Net Income From Continuing Operation Net Minority Interest": -47647000.0,
        "Reconciled Depreciation": 609000.0,
        "EBITDA": -50194000.0,
        "EBIT": -50194000.0,
        "Net Interest Income": 2584000.0,
        "Interest Income": 2584000.0,
        "Normalized Income": -47647000.0,
        "Net Income From Continuing And Discontinued Operation": -47647000.0,
        "Total Expenses": 52441000.0,
        "Total Operating Income As Reported": -50194000.0,
        "Diluted Average Shares": 82008000.0,
        "Basic Average Shares": 82008000.0,
        "Diluted EPS": -0.58,
        "Basic EPS": -0.58,
        "Diluted NI Availto Com Stockholders": -47647000.0,
        "Net Income Common Stockholders": -47647000.0,
        "Net Income": -47647000.0,
        "Net Income Including Noncontrolling Interests": -47647000.0,
        "Net Income Continuous Operations": -47647000.0,
        "Pretax Income": -47647000.0,
        "Other Income Expense": -37000.0,
        "Other Non Operating Income Expenses": -37000.0,
        "Net Non Operating Interest Income Expense": 2584000.0,
        "Interest Income Non Operating": 2584000.0,
        "Operating Income": -50194000.0,
        "Operating Expense": 52441000.0,
        "Research And Development": 40857000.0,
        "Selling General And Administration": 11584000.0,
        "General And Administrative Expense": 11584000.0,
        "Other Gand A": 11584000.0,
        "Total Revenue": 2247000.0,
        "Operating Revenue": 2247000.0
    },
    "2022-12-31": {
        "Tax Effect Of Unusual Items": 0.0,
        "Tax Rate For Calcs": 0.0,
        "Normalized EBITDA": -38297000.0,
        "Net Income From Continuing Operation Net Minority Interest": -36437000.0,
        "Reconciled Depreciation": 614000.0,
        "EBITDA": -38297000.0,
        "EBIT": -38297000.0,
        "Net Interest Income": 2030000.0,
        "Interest Income": 2030000.0,
        "Normalized Income": -36437000.0,
        "Net Income From Continuing And Discontinued Operation": -36437000.0,
        "Total Expenses": 56478000.0,
        "Total Operating Income As Reported": -38297000.0,
        "Diluted Average Shares": 81807000.0,
        "Basic Average Shares": 81807000.0,
        "Diluted EPS": -0.45,
        "Basic EPS": -0.45,
        "Diluted NI Availto Com Stockholders": -36437000.0,
        "Net Income Common Stockholders": -36437000.0,
        "Net Income": -36437000.0,
        "Net Income Including Noncontrolling Interests": -36437000.0,
        "Net Income Continuous Operations": -36437000.0,
        "Pretax Income": -36437000.0,
        "Other Income Expense": -170000.0,
        "Other Non Operating Income Expenses": -170000.0,
        "Net Non Operating Interest Income Expense": 2030000.0,
        "Interest Income Non Operating": 2030000.0,
        "Operating Income": -38297000.0,
        "Operating Expense": 56478000.0,
        "Research And Development": 46722000.0,
        "Selling General And Administration": 9756000.0,
        "General And Administrative Expense": 9756000.0,
        "Other Gand A": 9756000.0,
        "Total Revenue": 18181000.0,
        "Operating Revenue": 18181000.0
    },
    "2022-09-30": {
        "Tax Effect Of Unusual Items": 0.0,
        "Tax Rate For Calcs": 0.0,
        "Normalized EBITDA": -47706000.0,
        "Net Income From Continuing Operation Net Minority Interest": -47261000.0,
        "Reconciled Depreciation": 598000.0,
        "EBITDA": -47706000.0,
        "EBIT": -48304000.0,
        "Net Interest Income": 965000.0,
        "Interest Income": 965000.0,
        "Normalized Income": -47261000.0,
        "Net Income From Continuing And Discontinued Operation": -47261000.0,
        "Total Expenses": 56215000.0,
        "Total Operating Income As Reported": -48304000.0,
        "Diluted Average Shares": 80623000.0,
        "Basic Average Shares": 80623000.0,
        "Diluted EPS": -0.59,
        "Basic EPS": -0.59,
        "Diluted NI Availto Com Stockholders": -47261000.0,
        "Net Income Common Stockholders": -47261000.0,
        "Net Income": -47261000.0,
        "Net Income Including Noncontrolling Interests": -47261000.0,
        "Net Income Continuous Operations": -47261000.0,
        "Pretax Income": -47261000.0,
        "Other Income Expense": 78000.0,
        "Other Non Operating Income Expenses": 78000.0,
        "Net Non Operating Interest Income Expense": 965000.0,
        "Interest Income Non Operating": 965000.0,
        "Operating Income": -48304000.0,
        "Operating Expense": 56215000.0,
        "Research And Development": 46106000.0,
        "Selling General And Administration": 10109000.0,
        "General And Administrative Expense": 10109000.0,
        "Other Gand A": 10109000.0,
        "Total Revenue": 7911000.0,
        "Operating Revenue": 7911000.0
    },
    "2022-06-30": {
        "Tax Effect Of Unusual Items": 0.0,
        "Tax Rate For Calcs": 0.0,
        "Normalized EBITDA": -45671000.0,
        "Net Income From Continuing Operation Net Minority Interest": -46519000.0,
        "Reconciled Depreciation": 1396000.0,
        "EBITDA": -45671000.0,
        "EBIT": -47067000.0,
        "Net Interest Income": 543000.0,
        "Interest Income": 543000.0,
        "Normalized Income": -46519000.0,
        "Net Income From Continuing And Discontinued Operation": -46519000.0,
        "Total Expenses": 55360000.0,
        "Total Operating Income As Reported": -47067000.0,
        "Diluted Average Shares": 79270000.0,
        "Basic Average Shares": 79270000.0,
        "Diluted EPS": -0.59,
        "Basic EPS": -0.59,
        "Diluted NI Availto Com Stockholders": -46519000.0,
        "Net Income Common Stockholders": -46519000.0,
        "Net Income": -46519000.0,
        "Net Income Including Noncontrolling Interests": -46519000.0,
        "Net Income Continuous Operations": -46519000.0,
        "Pretax Income": -46519000.0,
        "Other Income Expense": 5000.0,
        "Other Non Operating Income Expenses": 5000.0,
        "Net Non Operating Interest Income Expense": 543000.0,
        "Interest Income Non Operating": 543000.0,
        "Operating Income": -47067000.0,
        "Operating Expense": 55360000.0,
        "Research And Development": 45433000.0,
        "Selling General And Administration": 9927000.0,
        "General And Administrative Expense": 9927000.0,
        "Other Gand A": 9927000.0,
        "Total Revenue": 8293000.0,
        "Operating Revenue": 8293000.0
    },
    "2022-03-31": {
        "Diluted EPS": -0.42,
        "Total Revenue": 21,
        "Gross Profit": 21,
        "Operating Income": -33,
        "EBIT": -31,
        "Net Income": -32
    },
    "2021-12-31": {
        "Diluted EPS": -0.35,
        "Total Revenue": 21,
        "Gross Profit": 21,
        "Operating Income": -27,
        "EBIT": -25,
        "Net Income": -27
    },
    "2021-09-30": {
        "Diluted EPS": -0.37,
        "Total Revenue": 19,
        "Gross Profit": 19,
        "Operating Income": -29,
        "EBIT": -26,
        "Net Income": -29
    },
    "2021-06-30": {
        "Diluted EPS": -0.48,
        "Total Revenue": 17,
        "Gross Profit": 17,
        "Operating Income": -37,
        "EBIT": -34,
        "Net Income": -37
    },
    "2021-03-31": {
        "Diluted EPS": -0.36,
        "Total Revenue": 22,
        "Gross Profit": 22,
        "Operating Income": -28,
        "EBIT": -26,
        "Net Income": -28
    },
    "2020-12-31": {
        "Diluted EPS": -0.41,
        "Total Revenue": 20,
        "Gross Profit": 20,
        "Operating Income": -28,
        "EBIT": -26,
        "Net Income": -28
    },
    "2020-09-30": {
        "Diluted EPS": -0.43,
        "Total Revenue": 23,
        "Gross Profit": 23,
        "Operating Income": -30,
        "EBIT": -28,
        "Net Income": -30
    },
    "2020-06-30": {
        "Diluted EPS": -0.38,
        "Total Revenue": 20,
        "Gross Profit": 20,
        "Operating Income": -26,
        "EBIT": -24,
        "Net Income": -26
    },
    "2020-03-31": {
        "Diluted EPS": -0.28,
        "Total Revenue": 24,
        "Gross Profit": 24,
        "Operating Income": -21,
        "EBIT": -19,
        "Net Income": -19
    },
    "2019-12-31": {
        "Diluted EPS": 0.66,
        "Total Revenue": 31,
        "Gross Profit": 31,
        "Operating Income": -17,
        "EBIT": -16,
        "Net Income": -16
    },
    "2019-09-30": {
        "Diluted EPS": -0.17,
        "Total Revenue": 22,
        "Gross Profit": 22,
        "Operating Income": -13,
        "EBIT": -11,
        "Net Income": -11
    },
    "2019-06-30": {
        "Diluted EPS": -0.13,
        "Total Revenue": 25,
        "Gross Profit": 25,
        "Operating Income": -10,
        "EBIT": -8,
        "Net Income": -8
    },
    "2019-03-31": {
        "Diluted EPS": -1.21,
        "Total Revenue": 26,
        "Gross Profit": 26,
        "Operating Income": -9,
        "EBIT": -8,
        "Net Income": -8
    },
    "2018-12-31": {
        "Diluted EPS": 2.23,
        "Total Revenue": 47,
        "Gross Profit": 47,
        "Operating Income": 13,
        "EBIT": 15,
        "Net Income": 14
    },
    "2018-09-30": {
        "Diluted EPS": -1.15,
        "Total Revenue": 21,
        "Gross Profit": 21,
        "Operating Income": -8,
        "EBIT": -7,
        "Net Income": -8
    },
    "2018-06-30": {
        "Diluted EPS": -0.52,
        "Total Revenue": 22,
        "Gross Profit": 22,
        "Operating Income": -4,
        "EBIT": -3,
        "Net Income": -3
    },
    "2018-03-31": {
        "Diluted EPS": -0.64,
        "Total Revenue": 19,
        "Gross Profit": 19,
        "Operating Income": -5,
        "EBIT": -3,
        "Net Income": -4
    },
    "2017-12-31": {
        "Diluted EPS": 0.0,
        "Total Revenue": NaN,
        "Gross Profit": NaN,
        "Operating Income": NaN,
        "EBIT": NaN,
        "Net Income": NaN
    },
    "2023-06-30": {
        "Tax Effect Of Unusual Items": 0.0,
        "Tax Rate For Calcs": 0.0,
        "Normalized EBITDA": -40016000.0,
        "Net Income From Continuing Operation Net Minority Interest": -38261000.0,
        "Reconciled Depreciation": 559000.0,
        "EBITDA": -40016000.0,
        "EBIT": -40575000.0,
        "Net Interest Income": 2448000.0,
        "Interest Income": 2448000.0,
        "Normalized Income": -38261000.0,
        "Net Income From Continuing And Discontinued Operation": -38261000.0,
        "Total Expenses": 41998000.0,
        "Total Operating Income As Reported": -40575000.0,
        "Diluted Average Shares": 82456000.0,
        "Basic Average Shares": 82456000.0,
        "Diluted EPS": -0.46,
        "Basic EPS": -0.46,
        "Diluted NI Availto Com Stockholders": -38261000.0,
        "Net Income Common Stockholders": -38261000.0,
        "Net Income": -38261000.0,
        "Net Income Including Noncontrolling Interests": -38261000.0,
        "Net Income Continuous Operations": -38261000.0,
        "Pretax Income": -38261000.0,
        "Other Income Expense": -134000.0,
        "Other Non Operating Income Expenses": -134000.0,
        "Net Non Operating Interest Income Expense": 2448000.0,
        "Interest Income Non Operating": 2448000.0,
        "Operating Income": -40575000.0,
        "Operating Expense": 41998000.0,
        "Research And Development": 32351000.0,
        "Selling General And Administration": 9647000.0,
        "General And Administrative Expense": 9647000.0,
        "Other Gand A": 9647000.0,
        "Total Revenue": 1423000.0,
        "Operating Revenue": 1423000.0
    }
}