{
    "2023-03-31": {
        "Tax Effect Of Unusual Items": 0.0,
        "Tax Rate For Calcs": 0.23,
        "Normalized EBITDA": 13888000.0,
        "Total Unusual Items": 0.0,
        "Total Unusual Items Excluding Goodwill": 0.0,
        "Net Income From Continuing Operation Net Minority Interest": -878000.0,
        "Reconciled Depreciation": 13599000.0,
        "EBITDA": 13888000.0,
        "EBIT": 289000.0,
        "Net Interest Income": -5283000.0,
        "Interest Expense": 0.0,
        "Normalized Income": -878000.0,
        "Net Income From Continuing And Discontinued Operation": -878000.0,
        "Total Expenses": 52350000.0,
        "Total Operating Income As Reported": -2817000.0,
        "Diluted Average Shares": 33521194.0,
        "Basic Average Shares": 33521194.0,
        "Diluted EPS": -0.03,
        "Basic EPS": -0.03,
        "Diluted NI Availto Com Stockholders": -878000.0,
        "Net Income Common Stockholders": -878000.0,
        "Net Income": -878000.0,
        "Net Income Including Noncontrolling Interests": -878000.0,
        "Net Income Continuous Operations": -878000.0,
        "Tax Provision": 1167000.0,
        "Pretax Income": 289000.0,
        "Other Income Expense": 8389000.0,
        "Special Income Charges": 0.0,
        "Restructuring And Mergern Acquisition": 0.0,
        "Earnings From Equity Interest": 8389000.0,
        "Net Non Operating Interest Income Expense": -5283000.0,
        "Total Other Finance Cost": 5283000.0,
        "Interest Expense Non Operating": 0.0,
        "Operating Income": -2817000.0,
        "Operating Expense": 52350000.0,
        "Depreciation Amortization Depletion Income Statement": 13599000.0,
        "Depreciation And Amortization In Income Statement": 13599000.0,
        "Research And Development": 4521000.0,
        "Selling General And Administration": 34230000.0,
        "Selling And Marketing Expense": 26822000.0,
        "General And Administrative Expense": 7408000.0,
        "Other Gand A": 7408000.0,
        "Total Revenue": 49533000.0,
        "Operating Revenue": 49533000.0
    },
    "2022-12-31": {
        "Tax Effect Of Unusual Items": -772570.0,
        "Tax Rate For Calcs": 0.23,
        "Normalized EBITDA": 23607000.0,
        "Total Unusual Items": -3359000.0,
        "Total Unusual Items Excluding Goodwill": -3359000.0,
        "Net Income From Continuing Operation Net Minority Interest": -793000.0,
        "Reconciled Depreciation": 12258000.0,
        "EBITDA": 20248000.0,
        "EBIT": 7990000.0,
        "Net Interest Income": -3290000.0,
        "Interest Expense": 9378000.0,
        "Normalized Income": 1793430.0,
        "Net Income From Continuing And Discontinued Operation": -793000.0,
        "Total Expenses": 72093000.0,
        "Total Operating Income As Reported": -3638000.0,
        "Diluted Average Shares": 33482197.0,
        "Basic Average Shares": 33482197.0,
        "Diluted EPS": -0.02,
        "Basic EPS": -0.02,
        "Diluted NI Availto Com Stockholders": -793000.0,
        "Net Income Common Stockholders": -793000.0,
        "Net Income": -793000.0,
        "Net Income Including Noncontrolling Interests": -793000.0,
        "Net Income Continuous Operations": -793000.0,
        "Tax Provision": -595000.0,
        "Pretax Income": -1388000.0,
        "Other Income Expense": 4773000.0,
        "Special Income Charges": -767000.0,
        "Restructuring And Mergern Acquisition": 767000.0,
        "Earnings From Equity Interest": 8132000.0,
        "Net Non Operating Interest Income Expense": -3290000.0,
        "Total Other Finance Cost": -6088000.0,
        "Interest Expense Non Operating": 9378000.0,
        "Operating Income": -2871000.0,
        "Operating Expense": 19014000.0,
        "Depreciation Amortization Depletion Income Statement": 12258000.0,
        "Depreciation And Amortization In Income Statement": 12258000.0,
        "Research And Development": 2622000.0,
        "Selling General And Administration": 4134000.0,
        "Selling And Marketing Expense": -9537000.0,
        "General And Administrative Expense": 13671000.0,
        "Other Gand A": -3885000.0,
        "Total Revenue": 69222000.0,
        "Operating Revenue": 69222000.0
    },
    "2022-09-30": {
        "Tax Effect Of Unusual Items": -334000.0,
        "Tax Rate For Calcs": 0.4,
        "Normalized EBITDA": 11876000.0,
        "Total Unusual Items": -835000.0,
        "Total Unusual Items Excluding Goodwill": -835000.0,
        "Net Income From Continuing Operation Net Minority Interest": -4368000.0,
        "Reconciled Depreciation": 14348000.0,
        "EBITDA": 11041000.0,
        "EBIT": -3307000.0,
        "Net Interest Income": -4702000.0,
        "Interest Expense": 0.0,
        "Normalized Income": -3867000.0,
        "Net Income From Continuing And Discontinued Operation": -4368000.0,
        "Total Expenses": 65469000.0,
        "Total Operating Income As Reported": -4130000.0,
        "Diluted Average Shares": 33453706.0,
        "Basic Average Shares": 33453706.0,
        "Diluted EPS": -0.13,
        "Basic EPS": -0.13,
        "Diluted NI Availto Com Stockholders": -4368000.0,
        "Net Income Common Stockholders": -4368000.0,
        "Net Income": -4368000.0,
        "Net Income Including Noncontrolling Interests": -4368000.0,
        "Net Income Continuous Operations": -4368000.0,
        "Tax Provision": 1061000.0,
        "Pretax Income": -3307000.0,
        "Other Income Expense": 4690000.0,
        "Special Income Charges": -835000.0,
        "Restructuring And Mergern Acquisition": 835000.0,
        "Earnings From Equity Interest": 5525000.0,
        "Net Non Operating Interest Income Expense": -4702000.0,
        "Total Other Finance Cost": 4702000.0,
        "Interest Expense Non Operating": 0.0,
        "Operating Income": -3295000.0,
        "Operating Expense": 65469000.0,
        "Depreciation Amortization Depletion Income Statement": 14348000.0,
        "Depreciation And Amortization In Income Statement": 14348000.0,
        "Research And Development": 2085000.0,
        "Selling General And Administration": 49036000.0,
        "Selling And Marketing Expense": 42600000.0,
        "General And Administrative Expense": 6436000.0,
        "Other Gand A": 6436000.0,
        "Total Revenue": 62174000.0,
        "Operating Revenue": 62174000.0
    },
    "2022-06-30": {
        "Tax Effect Of Unusual Items": -5664400.0,
        "Tax Rate For Calcs": 0.4,
        "Normalized EBITDA": 8124000.0,
        "Total Unusual Items": -14161000.0,
        "Total Unusual Items Excluding Goodwill": -14161000.0,
        "Net Income From Continuing Operation Net Minority Interest": -12911000.0,
        "Reconciled Depreciation": 5051000.0,
        "EBITDA": -6037000.0,
        "EBIT": -11088000.0,
        "Net Interest Income": -2382000.0,
        "Interest Expense": 1227000.0,
        "Normalized Income": -4414400.0,
        "Net Income From Continuing And Discontinued Operation": -12911000.0,
        "Total Expenses": 21390000.0,
        "Total Operating Income As Reported": -14499000.0,
        "Diluted Average Shares": 26158125.0,
        "Basic Average Shares": 26158125.0,
        "Diluted EPS": -0.49,
        "Basic EPS": -0.49,
        "Diluted NI Availto Com Stockholders": -12911000.0,
        "Net Income Common Stockholders": -12911000.0,
        "Net Income": -12911000.0,
        "Net Income Including Noncontrolling Interests": -12911000.0,
        "Net Income Continuous Operations": -12911000.0,
        "Tax Provision": 596000.0,
        "Pretax Income": -12315000.0,
        "Other Income Expense": -9595000.0,
        "Special Income Charges": -14161000.0,
        "Restructuring And Mergern Acquisition": 14161000.0,
        "Earnings From Equity Interest": 4566000.0,
        "Net Non Operating Interest Income Expense": -2382000.0,
        "Total Other Finance Cost": 1155000.0,
        "Interest Expense Non Operating": 1227000.0,
        "Operating Income": -338000.0,
        "Operating Expense": 21390000.0,
        "Depreciation Amortization Depletion Income Statement": 5051000.0,
        "Depreciation And Amortization In Income Statement": 5051000.0,
        "Research And Development": 3029000.0,
        "Selling General And Administration": 13310000.0,
        "Selling And Marketing Expense": 9121000.0,
        "General And Administrative Expense": 4189000.0,
        "Other Gand A": 4189000.0,
        "Total Revenue": 21052000.0,
        "Operating Revenue": 21052000.0
    },
    "2022-03-31": {
        "Diluted EPS": -0.03,
        "Total Revenue": 13,
        "Gross Profit": 13,
        "Operating Income": -2,
        "EBIT": -2,
        "Net Income": -1
    },
    "2021-12-31": {
        "Diluted EPS": -0.14,
        "Total Revenue": 12,
        "Gross Profit": 12,
        "Operating Income": -6,
        "EBIT": -6,
        "Net Income": -4
    },
    "2021-09-30": {
        "Diluted EPS": 0.06,
        "Total Revenue": 12,
        "Gross Profit": 12,
        "Operating Income": 1,
        "EBIT": 1,
        "Net Income": 1
    },
    "2021-06-30": {
        "Diluted EPS": 0.1,
        "Total Revenue": 13,
        "Gross Profit": 13,
        "Operating Income": 2,
        "EBIT": 2,
        "Net Income": 3
    },
    "2021-03-31": {
        "Diluted EPS": 0.15,
        "Total Revenue": 13,
        "Gross Profit": 13,
        "Operating Income": 2,
        "EBIT": 2,
        "Net Income": 4
    },
    "2020-12-31": {
        "Diluted EPS": 0.1,
        "Total Revenue": 14,
        "Gross Profit": 14,
        "Operating Income": 3,
        "EBIT": 6,
        "Net Income": 2
    },
    "2020-09-30": {
        "Diluted EPS": 0.11,
        "Total Revenue": 13,
        "Gross Profit": 13,
        "Operating Income": 4,
        "EBIT": 12,
        "Net Income": 3
    },
    "2020-06-30": {
        "Diluted EPS": 0.1,
        "Total Revenue": 13,
        "Gross Profit": 13,
        "Operating Income": 4,
        "EBIT": 4,
        "Net Income": 2
    },
    "2020-03-31": {
        "Diluted EPS": -0.04,
        "Total Revenue": 9,
        "Gross Profit": 9,
        "Operating Income": 1,
        "EBIT": 1,
        "Net Income": -1
    },
    "2019-12-31": {
        "Diluted EPS": 0.0,
        "Total Revenue": NaN,
        "Gross Profit": NaN,
        "Operating Income": NaN,
        "EBIT": NaN,
        "Net Income": NaN
    },
    "2018-12-31": {
        "Diluted EPS": 0.0,
        "Total Revenue": NaN,
        "Gross Profit": NaN,
        "Operating Income": NaN,
        "EBIT": NaN,
        "Net Income": NaN
    },
    "2023-06-30": {
        "Tax Effect Of Unusual Items": -1013150.0,
        "Tax Rate For Calcs": 0.23,
        "Normalized EBITDA": 11357000.0,
        "Total Unusual Items": -4405000.0,
        "Total Unusual Items Excluding Goodwill": -4405000.0,
        "Net Income From Continuing Operation Net Minority Interest": -7761000.0,
        "Reconciled Depreciation": 13734000.0,
        "EBITDA": 6952000.0,
        "EBIT": -6782000.0,
        "Net Interest Income": -5777000.0,
        "Interest Expense": 0.0,
        "Normalized Income": -4369150.0,
        "Net Income From Continuing And Discontinued Operation": -7761000.0,
        "Total Expenses": 52617000.0,
        "Total Operating Income As Reported": -9114000.0,
        "Diluted Average Shares": 33588839.0,
        "Basic Average Shares": 33588839.0,
        "Diluted EPS": -0.23,
        "Basic EPS": -0.23,
        "Diluted NI Availto Com Stockholders": -7761000.0,
        "Net Income Common Stockholders": -7761000.0,
        "Net Income": -7761000.0,
        "Net Income Including Noncontrolling Interests": -7761000.0,
        "Net Income Continuous Operations": -7761000.0,
        "Tax Provision": 979000.0,
        "Pretax Income": -6782000.0,
        "Other Income Expense": 3704000.0,
        "Special Income Charges": -4405000.0,
        "Restructuring And Mergern Acquisition": 4405000.0,
        "Earnings From Equity Interest": 8109000.0,
        "Net Non Operating Interest Income Expense": -5777000.0,
        "Total Other Finance Cost": 5777000.0,
        "Interest Expense Non Operating": 0.0,
        "Operating Income": -4709000.0,
        "Operating Expense": 52617000.0,
        "Depreciation Amortization Depletion Income Statement": 13734000.0,
        "Depreciation And Amortization In Income Statement": 13734000.0,
        "Research And Development": 3869000.0,
        "Selling General And Administration": 35014000.0,
        "Selling And Marketing Expense": 26304000.0,
        "General And Administrative Expense": 8710000.0,
        "Other Gand A": 8710000.0,
        "Total Revenue": 47908000.0,
        "Operating Revenue": 47908000.0
    },
    "2023-09-30": {
        "Tax Effect Of Unusual Items": -339020.0,
        "Tax Rate For Calcs": 0.23,
        "Normalized EBITDA": 12750000.0,
        "Total Unusual Items": -1474000.0,
        "Total Unusual Items Excluding Goodwill": -1474000.0,
        "Net Income From Continuing Operation Net Minority Interest": -3563000.0,
        "Reconciled Depreciation": 14361000.0,
        "EBITDA": 11276000.0,
        "EBIT": -3085000.0,
        "Net Interest Income": -6286000.0,
        "Interest Expense": 0.0,
        "Normalized Income": -2428020.0,
        "Net Income From Continuing And Discontinued Operation": -3563000.0,
        "Total Expenses": 51871000.0,
        "Total Operating Income As Reported": -7009000.0,
        "Diluted Average Shares": 33683107.0,
        "Basic Average Shares": 33683107.0,
        "Diluted EPS": -0.1,
        "Basic EPS": -0.1,
        "Diluted NI Availto Com Stockholders": -3563000.0,
        "Net Income Common Stockholders": -3563000.0,
        "Net Income": -3563000.0,
        "Net Income Including Noncontrolling Interests": -3563000.0,
        "Net Income Continuous Operations": -3563000.0,
        "Tax Provision": 478000.0,
        "Pretax Income": -3085000.0,
        "Other Income Expense": 8736000.0,
        "Special Income Charges": -1474000.0,
        "Restructuring And Mergern Acquisition": 1474000.0,
        "Earnings From Equity Interest": 10210000.0,
        "Net Non Operating Interest Income Expense": -6286000.0,
        "Total Other Finance Cost": 6286000.0,
        "Interest Expense Non Operating": 0.0,
        "Operating Income": -5535000.0,
        "Operating Expense": 51871000.0,
        "Depreciation Amortization Depletion Income Statement": 14361000.0,
        "Depreciation And Amortization In Income Statement": 14361000.0,
        "Research And Development": 4193000.0,
        "Selling General And Administration": 33317000.0,
        "Selling And Marketing Expense": 25275000.0,
        "General And Administrative Expense": 8042000.0,
        "Other Gand A": 8042000.0,
        "Total Revenue": 46336000.0,
        "Operating Revenue": 46336000.0
    }
}