{
    "2023-03-31": {
        "Tax Effect Of Unusual Items": NaN,
        "Tax Rate For Calcs": NaN,
        "Normalized EBITDA": NaN,
        "Total Unusual Items": NaN,
        "Total Unusual Items Excluding Goodwill": NaN,
        "Net Income From Continuing Operation Net Minority Interest": NaN,
        "Reconciled Depreciation": NaN,
        "Reconciled Cost Of Revenue": NaN,
        "EBITDA": NaN,
        "EBIT": NaN,
        "Net Interest Income": NaN,
        "Interest Expense": NaN,
        "Normalized Income": NaN,
        "Net Income From Continuing And Discontinued Operation": NaN,
        "Total Expenses": NaN,
        "Total Operating Income As Reported": NaN,
        "Diluted Average Shares": 12354000.0,
        "Basic Average Shares": 12213000.0,
        "Diluted EPS": 0.03,
        "Basic EPS": 0.03,
        "Diluted NI Availto Com Stockholders": NaN,
        "Net Income Common Stockholders": NaN,
        "Net Income": NaN,
        "Net Income Including Noncontrolling Interests": NaN,
        "Net Income Continuous Operations": NaN,
        "Tax Provision": NaN,
        "Pretax Income": NaN,
        "Other Income Expense": NaN,
        "Other Non Operating Income Expenses": NaN,
        "Special Income Charges": NaN,
        "Gain On Sale Of Ppe": 0.0,
        "Write Off": NaN,
        "Impairment Of Capital Assets": NaN,
        "Net Non Operating Interest Income Expense": NaN,
        "Interest Expense Non Operating": NaN,
        "Operating Income": NaN,
        "Operating Expense": NaN,
        "Selling General And Administration": NaN,
        "Gross Profit": NaN,
        "Cost Of Revenue": NaN,
        "Total Revenue": NaN,
        "Operating Revenue": NaN
    },
    "2022-12-31": {
        "Tax Effect Of Unusual Items": 0.0,
        "Tax Rate For Calcs": 0.21,
        "Normalized EBITDA": 5772000.0,
        "Total Unusual Items": NaN,
        "Total Unusual Items Excluding Goodwill": NaN,
        "Net Income From Continuing Operation Net Minority Interest": -756000.0,
        "Reconciled Depreciation": 5998000.0,
        "Reconciled Cost Of Revenue": 17886000.0,
        "EBITDA": 5772000.0,
        "EBIT": -226000.0,
        "Net Interest Income": -290000.0,
        "Interest Expense": 290000.0,
        "Normalized Income": -756000.0,
        "Net Income From Continuing And Discontinued Operation": -756000.0,
        "Total Expenses": 22736000.0,
        "Total Operating Income As Reported": 889000.0,
        "Diluted Average Shares": NaN,
        "Basic Average Shares": NaN,
        "Diluted EPS": NaN,
        "Basic EPS": NaN,
        "Diluted NI Availto Com Stockholders": -756000.0,
        "Net Income Common Stockholders": -756000.0,
        "Net Income": -756000.0,
        "Net Income Including Noncontrolling Interests": -756000.0,
        "Net Income Continuous Operations": -756000.0,
        "Tax Provision": 240000.0,
        "Pretax Income": -516000.0,
        "Other Income Expense": -1311000.0,
        "Other Non Operating Income Expenses": -1115000.0,
        "Special Income Charges": NaN,
        "Impairment Of Capital Assets": NaN,
        "Net Non Operating Interest Income Expense": -290000.0,
        "Interest Expense Non Operating": 290000.0,
        "Operating Income": 1085000.0,
        "Operating Expense": 4850000.0,
        "Selling General And Administration": 4767000.0,
        "Gross Profit": 5935000.0,
        "Cost Of Revenue": 17886000.0,
        "Total Revenue": 23821000.0,
        "Operating Revenue": 23821000.0
    },
    "2022-09-30": {
        "Tax Effect Of Unusual Items": NaN,
        "Tax Rate For Calcs": NaN,
        "Normalized EBITDA": NaN,
        "Total Unusual Items": NaN,
        "Total Unusual Items Excluding Goodwill": NaN,
        "Net Income From Continuing Operation Net Minority Interest": NaN,
        "Reconciled Depreciation": NaN,
        "Reconciled Cost Of Revenue": NaN,
        "EBITDA": NaN,
        "EBIT": NaN,
        "Net Interest Income": NaN,
        "Interest Expense": NaN,
        "Normalized Income": NaN,
        "Net Income From Continuing And Discontinued Operation": NaN,
        "Total Expenses": NaN,
        "Total Operating Income As Reported": NaN,
        "Diluted Average Shares": 12192000.0,
        "Basic Average Shares": 12192000.0,
        "Diluted EPS": -0.01,
        "Basic EPS": -0.01,
        "Diluted NI Availto Com Stockholders": NaN,
        "Net Income Common Stockholders": NaN,
        "Net Income": NaN,
        "Net Income Including Noncontrolling Interests": NaN,
        "Net Income Continuous Operations": NaN,
        "Tax Provision": NaN,
        "Pretax Income": NaN,
        "Other Income Expense": NaN,
        "Other Non Operating Income Expenses": NaN,
        "Special Income Charges": NaN,
        "Gain On Sale Of Ppe": NaN,
        "Write Off": 0.0,
        "Impairment Of Capital Assets": 0.0,
        "Net Non Operating Interest Income Expense": NaN,
        "Interest Expense Non Operating": NaN,
        "Operating Income": NaN,
        "Operating Expense": NaN,
        "Selling General And Administration": NaN,
        "Gross Profit": NaN,
        "Cost Of Revenue": NaN,
        "Total Revenue": NaN,
        "Operating Revenue": NaN
    },
    "2022-06-30": {
        "Tax Effect Of Unusual Items": 0.0,
        "Tax Rate For Calcs": 0.4,
        "Normalized EBITDA": 6368000.0,
        "Total Unusual Items": NaN,
        "Total Unusual Items Excluding Goodwill": NaN,
        "Net Income From Continuing Operation Net Minority Interest": -70000.0,
        "Reconciled Depreciation": 6042000.0,
        "Reconciled Cost Of Revenue": 16958000.0,
        "EBITDA": 6368000.0,
        "EBIT": 326000.0,
        "Net Interest Income": -24000.0,
        "Interest Expense": 24000.0,
        "Normalized Income": -70000.0,
        "Net Income From Continuing And Discontinued Operation": -70000.0,
        "Total Expenses": 19268000.0,
        "Total Operating Income As Reported": 658000.0,
        "Diluted Average Shares": 12305000.0,
        "Basic Average Shares": 12305000.0,
        "Diluted EPS": -0.01,
        "Basic EPS": -0.01,
        "Diluted NI Availto Com Stockholders": -70000.0,
        "Net Income Common Stockholders": -70000.0,
        "Net Income": -70000.0,
        "Net Income Including Noncontrolling Interests": -70000.0,
        "Net Income Continuous Operations": -70000.0,
        "Tax Provision": 372000.0,
        "Pretax Income": 302000.0,
        "Other Income Expense": -332000.0,
        "Other Non Operating Income Expenses": -332000.0,
        "Special Income Charges": NaN,
        "Impairment Of Capital Assets": NaN,
        "Net Non Operating Interest Income Expense": -24000.0,
        "Interest Expense Non Operating": 24000.0,
        "Operating Income": 658000.0,
        "Operating Expense": 2310000.0,
        "Selling General And Administration": 2310000.0,
        "Gross Profit": 2968000.0,
        "Cost Of Revenue": 16958000.0,
        "Total Revenue": 19926000.0,
        "Operating Revenue": 19926000.0
    },
    "2022-03-31": {
        "Diluted EPS": 0.03,
        "Total Revenue": 20,
        "Gross Profit": 9,
        "Operating Income": 0,
        "EBIT": 6,
        "Net Income": 0
    },
    "2021-12-31": {
        "Diluted EPS": -0.43,
        "Total Revenue": 18,
        "Gross Profit": 4,
        "Operating Income": -8,
        "EBIT": -2,
        "Net Income": -6
    },
    "2021-09-30": {
        "Diluted EPS": -0.1,
        "Total Revenue": 18,
        "Gross Profit": 8,
        "Operating Income": -2,
        "EBIT": 5,
        "Net Income": -1
    },
    "2021-06-30": {
        "Diluted EPS": -0.14,
        "Total Revenue": 18,
        "Gross Profit": 7,
        "Operating Income": -2,
        "EBIT": 4,
        "Net Income": -2
    },
    "2021-03-31": {
        "Diluted EPS": -0.03,
        "Total Revenue": 18,
        "Gross Profit": 9,
        "Operating Income": 0,
        "EBIT": 6,
        "Net Income": 0
    },
    "2020-12-31": {
        "Diluted EPS": -0.13,
        "Total Revenue": 17,
        "Gross Profit": 8,
        "Operating Income": -2,
        "EBIT": 4,
        "Net Income": -2
    },
    "2020-09-30": {
        "Diluted EPS": -0.04,
        "Total Revenue": 16,
        "Gross Profit": 8,
        "Operating Income": -1,
        "EBIT": 5,
        "Net Income": -1
    },
    "2020-06-30": {
        "Diluted EPS": 0.01,
        "Total Revenue": 17,
        "Gross Profit": 9,
        "Operating Income": 0,
        "EBIT": 6,
        "Net Income": 0
    },
    "2020-03-31": {
        "Diluted EPS": 0.3,
        "Total Revenue": 18,
        "Gross Profit": 8,
        "Operating Income": 0,
        "EBIT": 6,
        "Net Income": 4
    },
    "2019-12-31": {
        "Diluted EPS": -0.13,
        "Total Revenue": 20,
        "Gross Profit": 8,
        "Operating Income": -1,
        "EBIT": 5,
        "Net Income": -2
    },
    "2019-09-30": {
        "Diluted EPS": -0.96,
        "Total Revenue": 21,
        "Gross Profit": 10,
        "Operating Income": -14,
        "EBIT": -8,
        "Net Income": -13
    },
    "2019-06-30": {
        "Diluted EPS": 0.02,
        "Total Revenue": 20,
        "Gross Profit": 9,
        "Operating Income": 0,
        "EBIT": 6,
        "Net Income": 0
    },
    "2019-03-31": {
        "Diluted EPS": 0.01,
        "Total Revenue": 18,
        "Gross Profit": 8,
        "Operating Income": 0,
        "EBIT": 5,
        "Net Income": 0
    },
    "2018-12-31": {
        "Diluted EPS": -0.1,
        "Total Revenue": 16,
        "Gross Profit": 7,
        "Operating Income": -1,
        "EBIT": 5,
        "Net Income": -1
    },
    "2018-09-30": {
        "Diluted EPS": 0.02,
        "Total Revenue": 16,
        "Gross Profit": 8,
        "Operating Income": 0,
        "EBIT": 5,
        "Net Income": 0
    },
    "2018-06-30": {
        "Diluted EPS": 0.02,
        "Total Revenue": 18,
        "Gross Profit": 8,
        "Operating Income": 0,
        "EBIT": 6,
        "Net Income": 0
    },
    "2018-03-31": {
        "Diluted EPS": 0.02,
        "Total Revenue": 15,
        "Gross Profit": 8,
        "Operating Income": 0,
        "EBIT": 6,
        "Net Income": 0
    },
    "2017-12-31": {
        "Diluted EPS": 1.42,
        "Total Revenue": 17,
        "Gross Profit": 8,
        "Operating Income": 0,
        "EBIT": 5,
        "Net Income": 19
    },
    "2017-09-30": {
        "Diluted EPS": 0.04,
        "Total Revenue": 16,
        "Gross Profit": 8,
        "Operating Income": 1,
        "EBIT": 6,
        "Net Income": 1
    },
    "2017-06-30": {
        "Diluted EPS": 0.03,
        "Total Revenue": 16,
        "Gross Profit": 8,
        "Operating Income": 0,
        "EBIT": 6,
        "Net Income": 0
    },
    "2017-03-31": {
        "Diluted EPS": 0.02,
        "Total Revenue": 19,
        "Gross Profit": 9,
        "Operating Income": 0,
        "EBIT": 6,
        "Net Income": 0
    },
    "2016-12-31": {
        "Diluted EPS": 0.08,
        "Total Revenue": 17,
        "Gross Profit": 9,
        "Operating Income": 1,
        "EBIT": 6,
        "Net Income": 1
    },
    "2016-09-30": {
        "Diluted EPS": 0.12,
        "Total Revenue": 16,
        "Gross Profit": 9,
        "Operating Income": 2,
        "EBIT": 7,
        "Net Income": 2
    },
    "2016-06-30": {
        "Diluted EPS": 0.1,
        "Total Revenue": 17,
        "Gross Profit": 9,
        "Operating Income": 2,
        "EBIT": 7,
        "Net Income": 1
    },
    "2016-03-31": {
        "Diluted EPS": 0.2,
        "Total Revenue": 22,
        "Gross Profit": 12,
        "Operating Income": 4,
        "EBIT": 9,
        "Net Income": 3
    },
    "2015-12-31": {
        "Diluted EPS": 0.25,
        "Total Revenue": 26,
        "Gross Profit": 13,
        "Operating Income": 5,
        "EBIT": 10,
        "Net Income": 3
    },
    "2015-09-30": {
        "Diluted EPS": 0.2,
        "Total Revenue": 21,
        "Gross Profit": 12,
        "Operating Income": 4,
        "EBIT": 9,
        "Net Income": 3
    },
    "2015-06-30": {
        "Diluted EPS": 0.05,
        "Total Revenue": 24,
        "Gross Profit": 14,
        "Operating Income": 1,
        "EBIT": 7,
        "Net Income": 1
    },
    "2015-03-31": {
        "Diluted EPS": 0.29,
        "Total Revenue": 25,
        "Gross Profit": 14,
        "Operating Income": 6,
        "EBIT": 12,
        "Net Income": 4
    },
    "2014-12-31": {
        "Diluted EPS": 0.31,
        "Total Revenue": 27,
        "Gross Profit": 15,
        "Operating Income": 7,
        "EBIT": 12,
        "Net Income": 4
    },
    "2014-09-30": {
        "Diluted EPS": 0.3,
        "Total Revenue": 26,
        "Gross Profit": 14,
        "Operating Income": 6,
        "EBIT": 11,
        "Net Income": 4
    },
    "2014-06-30": {
        "Diluted EPS": 0.27,
        "Total Revenue": 22,
        "Gross Profit": 13,
        "Operating Income": 5,
        "EBIT": 10,
        "Net Income": 3
    },
    "2014-03-31": {
        "Diluted EPS": 0.23,
        "Total Revenue": 22,
        "Gross Profit": 12,
        "Operating Income": 4,
        "EBIT": 9,
        "Net Income": 3
    },
    "2013-12-31": {
        "Diluted EPS": 0.25,
        "Total Revenue": 23,
        "Gross Profit": 12,
        "Operating Income": 5,
        "EBIT": 10,
        "Net Income": 3
    },
    "2013-09-30": {
        "Diluted EPS": 0.27,
        "Total Revenue": 22,
        "Gross Profit": 12,
        "Operating Income": 5,
        "EBIT": 10,
        "Net Income": 3
    },
    "2013-06-30": {
        "Diluted EPS": 0.31,
        "Total Revenue": 20,
        "Gross Profit": 12,
        "Operating Income": 6,
        "EBIT": 10,
        "Net Income": 4
    },
    "2013-03-31": {
        "Diluted EPS": 0.32,
        "Total Revenue": 24,
        "Gross Profit": 12,
        "Operating Income": 6,
        "EBIT": 10,
        "Net Income": 4
    },
    "2012-12-31": {
        "Diluted EPS": 0.29,
        "Total Revenue": 24,
        "Gross Profit": 11,
        "Operating Income": 6,
        "EBIT": 10,
        "Net Income": 4
    },
    "2012-09-30": {
        "Diluted EPS": 0.21,
        "Total Revenue": 19,
        "Gross Profit": 10,
        "Operating Income": 4,
        "EBIT": 8,
        "Net Income": 3
    },
    "2012-06-30": {
        "Diluted EPS": 0.24,
        "Total Revenue": 25,
        "Gross Profit": 11,
        "Operating Income": 5,
        "EBIT": 9,
        "Net Income": 3
    },
    "2012-03-31": {
        "Diluted EPS": 0.29,
        "Total Revenue": 26,
        "Gross Profit": 11,
        "Operating Income": 6,
        "EBIT": 9,
        "Net Income": 4
    },
    "2011-12-31": {
        "Diluted EPS": 0.26,
        "Total Revenue": 19,
        "Gross Profit": 10,
        "Operating Income": 5,
        "EBIT": 8,
        "Net Income": 3
    },
    "2011-09-30": {
        "Diluted EPS": 0.18,
        "Total Revenue": 18,
        "Gross Profit": 9,
        "Operating Income": 4,
        "EBIT": 7,
        "Net Income": 2
    },
    "2011-06-30": {
        "Diluted EPS": 0.16,
        "Total Revenue": 14,
        "Gross Profit": 8,
        "Operating Income": 3,
        "EBIT": 7,
        "Net Income": 2
    },
    "2011-03-31": {
        "Diluted EPS": 0.2,
        "Total Revenue": 15,
        "Gross Profit": 8,
        "Operating Income": 3,
        "EBIT": 7,
        "Net Income": 2
    },
    "2010-12-31": {
        "Diluted EPS": 0.16,
        "Total Revenue": 16,
        "Gross Profit": 8,
        "Operating Income": 3,
        "EBIT": 7,
        "Net Income": 2
    },
    "2010-09-30": {
        "Diluted EPS": 0.18,
        "Total Revenue": 14,
        "Gross Profit": 8,
        "Operating Income": 3,
        "EBIT": 6,
        "Net Income": 2
    },
    "2010-06-30": {
        "Diluted EPS": 0.13,
        "Total Revenue": 12,
        "Gross Profit": 7,
        "Operating Income": 2,
        "EBIT": 5,
        "Net Income": 2
    },
    "2010-03-31": {
        "Diluted EPS": 0.11,
        "Total Revenue": 12,
        "Gross Profit": 7,
        "Operating Income": 2,
        "EBIT": 5,
        "Net Income": 1
    },
    "2009-12-31": {
        "Diluted EPS": 0.14,
        "Total Revenue": 15,
        "Gross Profit": 7,
        "Operating Income": 3,
        "EBIT": 6,
        "Net Income": 2
    },
    "2009-09-30": {
        "Diluted EPS": 0.22,
        "Total Revenue": 16,
        "Gross Profit": 9,
        "Operating Income": 4,
        "EBIT": 7,
        "Net Income": 3
    },
    "2009-06-30": {
        "Diluted EPS": 0.24,
        "Total Revenue": 17,
        "Gross Profit": 9,
        "Operating Income": 5,
        "EBIT": 8,
        "Net Income": 3
    },
    "2009-03-31": {
        "Diluted EPS": 0.31,
        "Total Revenue": 20,
        "Gross Profit": 11,
        "Operating Income": 6,
        "EBIT": 9,
        "Net Income": 4
    },
    "2023-06-30": {
        "Tax Effect Of Unusual Items": -257597.609562,
        "Tax Rate For Calcs": 0.330677,
        "Normalized EBITDA": 8135000.0,
        "Total Unusual Items": -779000.0,
        "Total Unusual Items Excluding Goodwill": -779000.0,
        "Net Income From Continuing Operation Net Minority Interest": 504000.0,
        "Reconciled Depreciation": 6418000.0,
        "Reconciled Cost Of Revenue": 20606000.0,
        "EBITDA": 7356000.0,
        "EBIT": 938000.0,
        "Net Interest Income": -185000.0,
        "Interest Expense": 185000.0,
        "Normalized Income": 1025402.390438,
        "Net Income From Continuing And Discontinued Operation": 504000.0,
        "Total Expenses": 25466000.0,
        "Total Operating Income As Reported": 712000.0,
        "Diluted Average Shares": 12394000.0,
        "Basic Average Shares": 12292000.0,
        "Diluted EPS": 0.04,
        "Basic EPS": 0.04,
        "Diluted NI Availto Com Stockholders": 504000.0,
        "Net Income Common Stockholders": 504000.0,
        "Net Income": 504000.0,
        "Net Income Including Noncontrolling Interests": 504000.0,
        "Net Income Continuous Operations": 504000.0,
        "Tax Provision": 249000.0,
        "Pretax Income": 753000.0,
        "Other Income Expense": -553000.0,
        "Other Non Operating Income Expenses": 226000.0,
        "Special Income Charges": -779000.0,
        "Gain On Sale Of Ppe": 0.0,
        "Write Off": 779000.0,
        "Impairment Of Capital Assets": 779000.0,
        "Net Non Operating Interest Income Expense": -185000.0,
        "Interest Expense Non Operating": 185000.0,
        "Operating Income": 1491000.0,
        "Operating Expense": 4860000.0,
        "Selling General And Administration": 4860000.0,
        "Gross Profit": 6351000.0,
        "Cost Of Revenue": 20606000.0,
        "Total Revenue": 26957000.0,
        "Operating Revenue": 26957000.0
    },
    "2023-09-30": {
        "Tax Effect Of Unusual Items": 0.0,
        "Tax Rate For Calcs": 0.325148,
        "Normalized EBITDA": 11624000.0,
        "Total Unusual Items": 0.0,
        "Total Unusual Items Excluding Goodwill": 0.0,
        "Net Income From Continuing Operation Net Minority Interest": 2171000.0,
        "Reconciled Depreciation": 6807000.0,
        "Reconciled Cost Of Revenue": 23620000.0,
        "EBITDA": 11624000.0,
        "EBIT": 4817000.0,
        "Net Interest Income": -1600000.0,
        "Interest Expense": 1600000.0,
        "Normalized Income": 2171000.0,
        "Net Income From Continuing And Discontinued Operation": 2171000.0,
        "Total Expenses": 26465000.0,
        "Total Operating Income As Reported": 4904000.0,
        "Diluted Average Shares": 12403000.0,
        "Basic Average Shares": 12378000.0,
        "Diluted EPS": 0.18,
        "Basic EPS": 0.18,
        "Diluted NI Availto Com Stockholders": 2171000.0,
        "Net Income Common Stockholders": 2171000.0,
        "Net Income": 2171000.0,
        "Net Income Including Noncontrolling Interests": 2171000.0,
        "Net Income Continuous Operations": 2171000.0,
        "Tax Provision": 1046000.0,
        "Pretax Income": 3217000.0,
        "Other Income Expense": -87000.0,
        "Other Non Operating Income Expenses": -87000.0,
        "Special Income Charges": 0.0,
        "Gain On Sale Of Ppe": NaN,
        "Write Off": 0.0,
        "Impairment Of Capital Assets": 0.0,
        "Net Non Operating Interest Income Expense": -1600000.0,
        "Interest Expense Non Operating": 1600000.0,
        "Operating Income": 4904000.0,
        "Operating Expense": 2845000.0,
        "Selling General And Administration": 2845000.0,
        "Gross Profit": 7749000.0,
        "Cost Of Revenue": 23620000.0,
        "Total Revenue": 31369000.0,
        "Operating Revenue": 31369000.0
    },
    "2023-12-31": {
        "Tax Effect Of Unusual Items": -102041.72527,
        "Tax Rate For Calcs": 0.202063,
        "Normalized EBITDA": 12095000.0,
        "Total Unusual Items": -505000.0,
        "Total Unusual Items Excluding Goodwill": -505000.0,
        "Net Income From Continuing Operation Net Minority Interest": 1702000.0,
        "Reconciled Depreciation": 7160000.0,
        "Reconciled Cost Of Revenue": 23122000.0,
        "EBITDA": 11590000.0,
        "EBIT": 4430000.0,
        "Net Interest Income": -2297000.0,
        "Interest Expense": 2297000.0,
        "Normalized Income": 2104958.27473,
        "Net Income From Continuing And Discontinued Operation": 1702000.0,
        "Total Expenses": 31277000.0,
        "Total Operating Income As Reported": 4439000.0,
        "Diluted Average Shares": NaN,
        "Basic Average Shares": NaN,
        "Diluted EPS": NaN,
        "Basic EPS": NaN,
        "Diluted NI Availto Com Stockholders": 1702000.0,
        "Net Income Common Stockholders": 1702000.0,
        "Net Income": 1702000.0,
        "Net Income Including Noncontrolling Interests": 1702000.0,
        "Net Income Continuous Operations": 1702000.0,
        "Tax Provision": 431000.0,
        "Pretax Income": 2133000.0,
        "Other Income Expense": -514000.0,
        "Other Non Operating Income Expenses": -9000.0,
        "Special Income Charges": -505000.0,
        "Gain On Sale Of Ppe": NaN,
        "Write Off": 0.0,
        "Impairment Of Capital Assets": NaN,
        "Net Non Operating Interest Income Expense": -2297000.0,
        "Interest Expense Non Operating": 2297000.0,
        "Operating Income": 4944000.0,
        "Operating Expense": 8155000.0,
        "Selling General And Administration": 4190000.0,
        "Gross Profit": 13099000.0,
        "Cost Of Revenue": 23122000.0,
        "Total Revenue": 36221000.0,
        "Operating Revenue": 36221000.0
    },
    "2024-03-31": {
        "Tax Effect Of Unusual Items": -1124.372814,
        "Tax Rate For Calcs": 0.224875,
        "Normalized EBITDA": 16604000.0,
        "Total Unusual Items": -5000.0,
        "Total Unusual Items Excluding Goodwill": -5000.0,
        "Net Income From Continuing Operation Net Minority Interest": 5098000.0,
        "Reconciled Depreciation": 7087000.0,
        "Reconciled Cost Of Revenue": 22881000.0,
        "EBITDA": 16599000.0,
        "EBIT": 9512000.0,
        "Net Interest Income": -2935000.0,
        "Interest Expense": 2935000.0,
        "Normalized Income": 5101875.627186,
        "Net Income From Continuing And Discontinued Operation": 5098000.0,
        "Total Expenses": 27583000.0,
        "Total Operating Income As Reported": 9319000.0,
        "Diluted Average Shares": 12465000.0,
        "Basic Average Shares": 12380000.0,
        "Diluted EPS": 0.41,
        "Basic EPS": 0.41,
        "Diluted NI Availto Com Stockholders": 5098000.0,
        "Net Income Common Stockholders": 5098000.0,
        "Net Income": 5098000.0,
        "Net Income Including Noncontrolling Interests": 5098000.0,
        "Net Income Continuous Operations": 5098000.0,
        "Tax Provision": 1479000.0,
        "Pretax Income": 6577000.0,
        "Other Income Expense": 188000.0,
        "Other Non Operating Income Expenses": 193000.0,
        "Special Income Charges": -5000.0,
        "Gain On Sale Of Ppe": -5000.0,
        "Write Off": NaN,
        "Impairment Of Capital Assets": NaN,
        "Net Non Operating Interest Income Expense": -2935000.0,
        "Interest Expense Non Operating": 2935000.0,
        "Operating Income": 9324000.0,
        "Operating Expense": 4702000.0,
        "Selling General And Administration": 4702000.0,
        "Gross Profit": 14026000.0,
        "Cost Of Revenue": 22881000.0,
        "Total Revenue": 36907000.0,
        "Operating Revenue": 36907000.0
    },
    "2024-06-30": {
        "Tax Effect Of Unusual Items": 0.0,
        "Tax Rate For Calcs": 0.233405,
        "Normalized EBITDA": 16181000.0,
        "Total Unusual Items": 0.0,
        "Total Unusual Items Excluding Goodwill": 0.0,
        "Net Income From Continuing Operation Net Minority Interest": 4250000.0,
        "Reconciled Depreciation": 7705000.0,
        "Reconciled Cost Of Revenue": 25194000.0,
        "EBITDA": 16181000.0,
        "EBIT": 8476000.0,
        "Net Interest Income": -2932000.0,
        "Interest Expense": 2932000.0,
        "Normalized Income": 4250000.0,
        "Net Income From Continuing And Discontinued Operation": 4250000.0,
        "Total Expenses": 29985000.0,
        "Total Operating Income As Reported": 8506000.0,
        "Diluted Average Shares": 12483000.0,
        "Basic Average Shares": 12384000.0,
        "Diluted EPS": 0.34,
        "Basic EPS": 0.34,
        "Diluted NI Availto Com Stockholders": 4250000.0,
        "Net Income Common Stockholders": 4250000.0,
        "Net Income": 4250000.0,
        "Net Income Including Noncontrolling Interests": 4250000.0,
        "Net Income Continuous Operations": 4250000.0,
        "Tax Provision": 1294000.0,
        "Pretax Income": 5544000.0,
        "Other Income Expense": -30000.0,
        "Other Non Operating Income Expenses": -30000.0,
        "Special Income Charges": 0.0,
        "Gain On Sale Of Ppe": 0.0,
        "Write Off": 0.0,
        "Impairment Of Capital Assets": NaN,
        "Net Non Operating Interest Income Expense": -2932000.0,
        "Interest Expense Non Operating": 2932000.0,
        "Operating Income": 8506000.0,
        "Operating Expense": 4791000.0,
        "Selling General And Administration": 4791000.0,
        "Gross Profit": 13297000.0,
        "Cost Of Revenue": 25194000.0,
        "Total Revenue": 38491000.0,
        "Operating Revenue": 38491000.0
    }
}