{
    "2023-03-31": {
        "Tax Effect Of Unusual Items": NaN,
        "Tax Rate For Calcs": NaN,
        "Normalized EBITDA": NaN,
        "Total Unusual Items": NaN,
        "Total Unusual Items Excluding Goodwill": NaN,
        "Net Income From Continuing Operation Net Minority Interest": NaN,
        "Reconciled Depreciation": NaN,
        "Reconciled Cost Of Revenue": NaN,
        "EBITDA": NaN,
        "EBIT": NaN,
        "Net Interest Income": NaN,
        "Interest Expense": NaN,
        "Normalized Income": NaN,
        "Net Income From Continuing And Discontinued Operation": NaN,
        "Total Expenses": NaN,
        "Total Operating Income As Reported": NaN,
        "Diluted Average Shares": NaN,
        "Basic Average Shares": NaN,
        "Diluted EPS": NaN,
        "Basic EPS": NaN,
        "Diluted NI Availto Com Stockholders": NaN,
        "Net Income Common Stockholders": NaN,
        "Net Income": NaN,
        "Net Income Including Noncontrolling Interests": NaN,
        "Net Income Continuous Operations": NaN,
        "Tax Provision": NaN,
        "Pretax Income": NaN,
        "Other Income Expense": NaN,
        "Special Income Charges": NaN,
        "Other Special Charges": NaN,
        "Restructuring And Mergern Acquisition": 249000.0,
        "Net Non Operating Interest Income Expense": NaN,
        "Interest Expense Non Operating": NaN,
        "Operating Income": NaN,
        "Operating Expense": NaN,
        "Other Operating Expenses": NaN,
        "Selling General And Administration": NaN,
        "General And Administrative Expense": NaN,
        "Other Gand A": NaN,
        "Gross Profit": NaN,
        "Cost Of Revenue": NaN,
        "Total Revenue": NaN,
        "Operating Revenue": NaN
    },
    "2022-12-31": {
        "Tax Effect Of Unusual Items": NaN,
        "Tax Rate For Calcs": NaN,
        "Normalized EBITDA": NaN,
        "Total Unusual Items": NaN,
        "Total Unusual Items Excluding Goodwill": NaN,
        "Net Income From Continuing Operation Net Minority Interest": NaN,
        "Reconciled Depreciation": NaN,
        "Reconciled Cost Of Revenue": NaN,
        "EBITDA": NaN,
        "EBIT": NaN,
        "Net Interest Income": NaN,
        "Interest Expense": NaN,
        "Normalized Income": NaN,
        "Net Income From Continuing And Discontinued Operation": NaN,
        "Total Expenses": NaN,
        "Total Operating Income As Reported": NaN,
        "Diluted Average Shares": NaN,
        "Basic Average Shares": NaN,
        "Diluted EPS": NaN,
        "Basic EPS": NaN,
        "Diluted NI Availto Com Stockholders": NaN,
        "Net Income Common Stockholders": NaN,
        "Net Income": NaN,
        "Net Income Including Noncontrolling Interests": NaN,
        "Net Income Continuous Operations": NaN,
        "Tax Provision": NaN,
        "Pretax Income": NaN,
        "Other Income Expense": NaN,
        "Special Income Charges": NaN,
        "Other Special Charges": 453000.0,
        "Restructuring And Mergern Acquisition": NaN,
        "Net Non Operating Interest Income Expense": NaN,
        "Interest Expense Non Operating": NaN,
        "Operating Income": NaN,
        "Operating Expense": NaN,
        "Other Operating Expenses": NaN,
        "Selling General And Administration": NaN,
        "General And Administrative Expense": NaN,
        "Other Gand A": NaN,
        "Gross Profit": NaN,
        "Cost Of Revenue": NaN,
        "Total Revenue": NaN,
        "Operating Revenue": NaN
    },
    "2022-09-30": {
        "Tax Effect Of Unusual Items": NaN,
        "Tax Rate For Calcs": NaN,
        "Normalized EBITDA": NaN,
        "Total Unusual Items": NaN,
        "Total Unusual Items Excluding Goodwill": NaN,
        "Net Income From Continuing Operation Net Minority Interest": NaN,
        "Reconciled Depreciation": NaN,
        "Reconciled Cost Of Revenue": NaN,
        "EBITDA": NaN,
        "EBIT": NaN,
        "Net Interest Income": NaN,
        "Interest Expense": NaN,
        "Normalized Income": NaN,
        "Net Income From Continuing And Discontinued Operation": NaN,
        "Total Expenses": NaN,
        "Total Operating Income As Reported": NaN,
        "Diluted Average Shares": NaN,
        "Basic Average Shares": NaN,
        "Diluted EPS": NaN,
        "Basic EPS": NaN,
        "Diluted NI Availto Com Stockholders": NaN,
        "Net Income Common Stockholders": NaN,
        "Net Income": NaN,
        "Net Income Including Noncontrolling Interests": NaN,
        "Net Income Continuous Operations": NaN,
        "Tax Provision": NaN,
        "Pretax Income": NaN,
        "Other Income Expense": NaN,
        "Special Income Charges": NaN,
        "Other Special Charges": NaN,
        "Restructuring And Mergern Acquisition": 557000.0,
        "Net Non Operating Interest Income Expense": NaN,
        "Interest Expense Non Operating": NaN,
        "Operating Income": NaN,
        "Operating Expense": NaN,
        "Other Operating Expenses": NaN,
        "Selling General And Administration": NaN,
        "General And Administrative Expense": NaN,
        "Other Gand A": NaN,
        "Gross Profit": NaN,
        "Cost Of Revenue": NaN,
        "Total Revenue": NaN,
        "Operating Revenue": NaN
    },
    "2022-06-30": {
        "Tax Effect Of Unusual Items": -71785.855784,
        "Tax Rate For Calcs": 0.22088,
        "Normalized EBITDA": 13044000.0,
        "Total Unusual Items": -325000.0,
        "Total Unusual Items Excluding Goodwill": -325000.0,
        "Net Income From Continuing Operation Net Minority Interest": 3933000.0,
        "Reconciled Depreciation": 7068000.0,
        "Reconciled Cost Of Revenue": 192750000.0,
        "EBITDA": 12719000.0,
        "EBIT": 5651000.0,
        "Net Interest Income": -603000.0,
        "Interest Expense": 603000.0,
        "Normalized Income": 4186214.144216,
        "Net Income From Continuing And Discontinued Operation": 3933000.0,
        "Total Expenses": 260333000.0,
        "Total Operating Income As Reported": 5651000.0,
        "Diluted Average Shares": 22854754.0,
        "Basic Average Shares": 22676882.0,
        "Diluted EPS": 0.17,
        "Basic EPS": 0.17,
        "Diluted NI Availto Com Stockholders": 3933000.0,
        "Net Income Common Stockholders": 3933000.0,
        "Net Income": 3933000.0,
        "Net Income Including Noncontrolling Interests": 3933000.0,
        "Net Income Continuous Operations": 3933000.0,
        "Tax Provision": 1115000.0,
        "Pretax Income": 5048000.0,
        "Other Income Expense": -325000.0,
        "Special Income Charges": -325000.0,
        "Other Special Charges": NaN,
        "Restructuring And Mergern Acquisition": 325000.0,
        "Net Non Operating Interest Income Expense": -603000.0,
        "Interest Expense Non Operating": 603000.0,
        "Operating Income": 5976000.0,
        "Operating Expense": 67583000.0,
        "Other Operating Expenses": 325000.0,
        "Selling General And Administration": 67583000.0,
        "General And Administrative Expense": 67583000.0,
        "Other Gand A": 67583000.0,
        "Gross Profit": 73559000.0,
        "Cost Of Revenue": 192750000.0,
        "Total Revenue": 266309000.0,
        "Operating Revenue": 266309000.0
    },
    "2022-03-31": {
        "Diluted EPS": 0.28,
        "Total Revenue": 272,
        "Gross Profit": 77,
        "Operating Income": 9,
        "EBIT": 16,
        "Net Income": 6
    },
    "2021-12-31": {
        "Diluted EPS": 0.39,
        "Total Revenue": 277,
        "Gross Profit": 79,
        "Operating Income": 12,
        "EBIT": 19,
        "Net Income": 9
    },
    "2021-09-30": {
        "Diluted EPS": 0.32,
        "Total Revenue": 273,
        "Gross Profit": 76,
        "Operating Income": 9,
        "EBIT": 17,
        "Net Income": 7
    },
    "2021-06-30": {
        "Diluted EPS": 0.22,
        "Total Revenue": 259,
        "Gross Profit": 72,
        "Operating Income": 7,
        "EBIT": 14,
        "Net Income": 5
    },
    "2021-03-31": {
        "Diluted EPS": 0.21,
        "Total Revenue": 259,
        "Gross Profit": 72,
        "Operating Income": 7,
        "EBIT": 14,
        "Net Income": 5
    },
    "2020-12-31": {
        "Diluted EPS": 0.16,
        "Total Revenue": 265,
        "Gross Profit": 73,
        "Operating Income": 5,
        "EBIT": 13,
        "Net Income": 4
    },
    "2020-09-30": {
        "Diluted EPS": 0.17,
        "Total Revenue": 264,
        "Gross Profit": 72,
        "Operating Income": 5,
        "EBIT": 13,
        "Net Income": 4
    },
    "2020-06-30": {
        "Diluted EPS": 0.21,
        "Total Revenue": 265,
        "Gross Profit": 72,
        "Operating Income": 7,
        "EBIT": 15,
        "Net Income": 5
    },
    "2020-03-31": {
        "Diluted EPS": 0.43,
        "Total Revenue": 278,
        "Gross Profit": 78,
        "Operating Income": 13,
        "EBIT": 21,
        "Net Income": 10
    },
    "2019-12-31": {
        "Diluted EPS": 0.08,
        "Total Revenue": 230,
        "Gross Profit": 61,
        "Operating Income": 3,
        "EBIT": 11,
        "Net Income": 2
    },
    "2019-09-30": {
        "Diluted EPS": 0.06,
        "Total Revenue": 227,
        "Gross Profit": 59,
        "Operating Income": 3,
        "EBIT": 10,
        "Net Income": 1
    },
    "2019-06-30": {
        "Diluted EPS": 0.09,
        "Total Revenue": 224,
        "Gross Profit": 58,
        "Operating Income": 4,
        "EBIT": 11,
        "Net Income": 2
    },
    "2019-03-31": {
        "Diluted EPS": 0.17,
        "Total Revenue": 230,
        "Gross Profit": 62,
        "Operating Income": 6,
        "EBIT": 13,
        "Net Income": 4
    },
    "2018-12-31": {
        "Diluted EPS": 0.1,
        "Total Revenue": 222,
        "Gross Profit": 59,
        "Operating Income": 4,
        "EBIT": 11,
        "Net Income": 2
    },
    "2018-09-30": {
        "Diluted EPS": 0.09,
        "Total Revenue": 218,
        "Gross Profit": 57,
        "Operating Income": 3,
        "EBIT": 11,
        "Net Income": 2
    },
    "2018-06-30": {
        "Diluted EPS": 0.09,
        "Total Revenue": 213,
        "Gross Profit": 57,
        "Operating Income": 4,
        "EBIT": 11,
        "Net Income": 2
    },
    "2018-03-31": {
        "Diluted EPS": 0.15,
        "Total Revenue": 216,
        "Gross Profit": 58,
        "Operating Income": 6,
        "EBIT": 13,
        "Net Income": 3
    },
    "2017-12-31": {
        "Diluted EPS": 0.23,
        "Total Revenue": 202,
        "Gross Profit": 53,
        "Operating Income": 2,
        "EBIT": 10,
        "Net Income": 5
    },
    "2017-09-30": {
        "Diluted EPS": 0.06,
        "Total Revenue": 199,
        "Gross Profit": 53,
        "Operating Income": 3,
        "EBIT": 10,
        "Net Income": 1
    },
    "2017-06-30": {
        "Diluted EPS": 0.03,
        "Total Revenue": 195,
        "Gross Profit": 53,
        "Operating Income": 2,
        "EBIT": 9,
        "Net Income": 1
    },
    "2017-03-31": {
        "Diluted EPS": 0.13,
        "Total Revenue": 192,
        "Gross Profit": 54,
        "Operating Income": 6,
        "EBIT": 13,
        "Net Income": 3
    },
    "2016-12-31": {
        "Diluted EPS": 0.09,
        "Total Revenue": 184,
        "Gross Profit": 52,
        "Operating Income": 4,
        "EBIT": 11,
        "Net Income": 2
    },
    "2016-09-30": {
        "Diluted EPS": 0.06,
        "Total Revenue": 181,
        "Gross Profit": 51,
        "Operating Income": 3,
        "EBIT": 10,
        "Net Income": 1
    },
    "2016-06-30": {
        "Diluted EPS": 0.12,
        "Total Revenue": 179,
        "Gross Profit": 51,
        "Operating Income": 4,
        "EBIT": 10,
        "Net Income": 3
    },
    "2016-03-31": {
        "Diluted EPS": 0.16,
        "Total Revenue": 177,
        "Gross Profit": 52,
        "Operating Income": 6,
        "EBIT": 13,
        "Net Income": 4
    },
    "2015-12-31": {
        "Diluted EPS": 0.17,
        "Total Revenue": 168,
        "Gross Profit": 48,
        "Operating Income": 7,
        "EBIT": 13,
        "Net Income": 4
    },
    "2015-09-30": {
        "Diluted EPS": 0.13,
        "Total Revenue": 162,
        "Gross Profit": 47,
        "Operating Income": 6,
        "EBIT": 11,
        "Net Income": 3
    },
    "2015-06-30": {
        "Diluted EPS": 0.19,
        "Total Revenue": 159,
        "Gross Profit": 46,
        "Operating Income": 7,
        "EBIT": 13,
        "Net Income": 4
    },
    "2015-03-31": {
        "Diluted EPS": 0.24,
        "Total Revenue": 158,
        "Gross Profit": 47,
        "Operating Income": 9,
        "EBIT": 15,
        "Net Income": 5
    },
    "2014-12-31": {
        "Diluted EPS": 0.16,
        "Total Revenue": 146,
        "Gross Profit": 42,
        "Operating Income": 6,
        "EBIT": 11,
        "Net Income": 4
    },
    "2014-09-30": {
        "Diluted EPS": 0.14,
        "Total Revenue": 136,
        "Gross Profit": 39,
        "Operating Income": 6,
        "EBIT": 10,
        "Net Income": 3
    },
    "2014-06-30": {
        "Diluted EPS": 0.15,
        "Total Revenue": 134,
        "Gross Profit": 39,
        "Operating Income": 6,
        "EBIT": 11,
        "Net Income": 3
    },
    "2014-03-31": {
        "Diluted EPS": 0.18,
        "Total Revenue": 130,
        "Gross Profit": 39,
        "Operating Income": 7,
        "EBIT": 11,
        "Net Income": 4
    },
    "2013-12-31": {
        "Diluted EPS": 0.13,
        "Total Revenue": 121,
        "Gross Profit": 35,
        "Operating Income": 5,
        "EBIT": 9,
        "Net Income": 3
    },
    "2013-09-30": {
        "Diluted EPS": 0.1,
        "Total Revenue": 115,
        "Gross Profit": 33,
        "Operating Income": 5,
        "EBIT": 8,
        "Net Income": 2
    },
    "2013-06-30": {
        "Diluted EPS": 0.13,
        "Total Revenue": 113,
        "Gross Profit": 33,
        "Operating Income": 5,
        "EBIT": 9,
        "Net Income": 3
    },
    "2013-03-31": {
        "Diluted EPS": 0.14,
        "Total Revenue": 106,
        "Gross Profit": 32,
        "Operating Income": 6,
        "EBIT": 9,
        "Net Income": 3
    },
    "2012-12-31": {
        "Diluted EPS": 0.1,
        "Total Revenue": 96,
        "Gross Profit": 28,
        "Operating Income": 4,
        "EBIT": 7,
        "Net Income": 2
    },
    "2012-09-30": {
        "Diluted EPS": 0.04,
        "Total Revenue": 90,
        "Gross Profit": 26,
        "Operating Income": 2,
        "EBIT": 4,
        "Net Income": 1
    },
    "2012-06-30": {
        "Diluted EPS": 0.1,
        "Total Revenue": 87,
        "Gross Profit": 25,
        "Operating Income": 4,
        "EBIT": 7,
        "Net Income": 2
    },
    "2012-03-31": {
        "Diluted EPS": 0.11,
        "Total Revenue": 85,
        "Gross Profit": 26,
        "Operating Income": 4,
        "EBIT": 7,
        "Net Income": 2
    },
    "2011-12-31": {
        "Diluted EPS": 0.04,
        "Total Revenue": 75,
        "Gross Profit": 22,
        "Operating Income": 2,
        "EBIT": 4,
        "Net Income": 1
    },
    "2011-09-30": {
        "Diluted EPS": 0.0,
        "Total Revenue": NaN,
        "Gross Profit": NaN,
        "Operating Income": NaN,
        "EBIT": NaN,
        "Net Income": NaN
    },
    "2010-09-30": {
        "Diluted EPS": 0.0,
        "Total Revenue": NaN,
        "Gross Profit": NaN,
        "Operating Income": NaN,
        "EBIT": NaN,
        "Net Income": NaN
    },
    "2023-06-30": {
        "Tax Effect Of Unusual Items": NaN,
        "Tax Rate For Calcs": NaN,
        "Normalized EBITDA": NaN,
        "Total Unusual Items": NaN,
        "Total Unusual Items Excluding Goodwill": NaN,
        "Net Income From Continuing Operation Net Minority Interest": NaN,
        "Reconciled Depreciation": NaN,
        "Reconciled Cost Of Revenue": NaN,
        "EBITDA": NaN,
        "EBIT": NaN,
        "Net Interest Income": NaN,
        "Interest Expense": NaN,
        "Normalized Income": NaN,
        "Net Income From Continuing And Discontinued Operation": NaN,
        "Total Expenses": NaN,
        "Total Operating Income As Reported": NaN,
        "Diluted Average Shares": NaN,
        "Basic Average Shares": NaN,
        "Diluted EPS": NaN,
        "Basic EPS": NaN,
        "Diluted NI Availto Com Stockholders": NaN,
        "Net Income Common Stockholders": NaN,
        "Net Income": NaN,
        "Net Income Including Noncontrolling Interests": NaN,
        "Net Income Continuous Operations": NaN,
        "Tax Provision": NaN,
        "Pretax Income": NaN,
        "Other Income Expense": NaN,
        "Special Income Charges": NaN,
        "Other Special Charges": 367000.0,
        "Restructuring And Mergern Acquisition": NaN,
        "Net Non Operating Interest Income Expense": NaN,
        "Interest Expense Non Operating": NaN,
        "Operating Income": NaN,
        "Operating Expense": NaN,
        "Other Operating Expenses": NaN,
        "Selling General And Administration": NaN,
        "General And Administrative Expense": NaN,
        "Other Gand A": NaN,
        "Gross Profit": NaN,
        "Cost Of Revenue": NaN,
        "Total Revenue": NaN,
        "Operating Revenue": NaN
    },
    "2023-09-30": {
        "Tax Effect Of Unusual Items": NaN,
        "Tax Rate For Calcs": NaN,
        "Normalized EBITDA": NaN,
        "Total Unusual Items": NaN,
        "Total Unusual Items Excluding Goodwill": NaN,
        "Net Income From Continuing Operation Net Minority Interest": NaN,
        "Reconciled Depreciation": NaN,
        "Reconciled Cost Of Revenue": NaN,
        "EBITDA": NaN,
        "EBIT": NaN,
        "Net Interest Income": NaN,
        "Interest Expense": NaN,
        "Normalized Income": NaN,
        "Net Income From Continuing And Discontinued Operation": NaN,
        "Total Expenses": NaN,
        "Total Operating Income As Reported": NaN,
        "Diluted Average Shares": 22945750.0,
        "Basic Average Shares": 22738284.0,
        "Diluted EPS": 0.26,
        "Basic EPS": 0.26,
        "Diluted NI Availto Com Stockholders": NaN,
        "Net Income Common Stockholders": NaN,
        "Net Income": NaN,
        "Net Income Including Noncontrolling Interests": NaN,
        "Net Income Continuous Operations": NaN,
        "Tax Provision": NaN,
        "Pretax Income": NaN,
        "Other Income Expense": NaN,
        "Special Income Charges": NaN,
        "Other Special Charges": NaN,
        "Restructuring And Mergern Acquisition": NaN,
        "Net Non Operating Interest Income Expense": NaN,
        "Interest Expense Non Operating": NaN,
        "Operating Income": NaN,
        "Operating Expense": NaN,
        "Other Operating Expenses": NaN,
        "Selling General And Administration": NaN,
        "General And Administrative Expense": NaN,
        "Other Gand A": NaN,
        "Gross Profit": NaN,
        "Cost Of Revenue": NaN,
        "Total Revenue": NaN,
        "Operating Revenue": NaN
    },
    "2023-12-31": {
        "Tax Effect Of Unusual Items": -116949.439903,
        "Tax Rate For Calcs": 0.217378,
        "Normalized EBITDA": 18792000.0,
        "Total Unusual Items": -538000.0,
        "Total Unusual Items Excluding Goodwill": -538000.0,
        "Net Income From Continuing Operation Net Minority Interest": 7755000.0,
        "Reconciled Depreciation": 7451000.0,
        "Reconciled Cost Of Revenue": 212990000.0,
        "EBITDA": 18254000.0,
        "EBIT": 10803000.0,
        "Net Interest Income": -894000.0,
        "Interest Expense": 894000.0,
        "Normalized Income": 8176050.560097,
        "Net Income From Continuing And Discontinued Operation": 7755000.0,
        "Total Expenses": 290409000.0,
        "Total Operating Income As Reported": 10803000.0,
        "Diluted Average Shares": 22979744.0,
        "Basic Average Shares": 22751524.0,
        "Diluted EPS": 0.34,
        "Basic EPS": 0.34,
        "Diluted NI Availto Com Stockholders": 7755000.0,
        "Net Income Common Stockholders": 7755000.0,
        "Net Income": 7755000.0,
        "Net Income Including Noncontrolling Interests": 7755000.0,
        "Net Income Continuous Operations": 7755000.0,
        "Tax Provision": 2154000.0,
        "Pretax Income": 9909000.0,
        "Other Income Expense": -538000.0,
        "Special Income Charges": -538000.0,
        "Other Special Charges": 538000.0,
        "Restructuring And Mergern Acquisition": NaN,
        "Net Non Operating Interest Income Expense": -894000.0,
        "Interest Expense Non Operating": 894000.0,
        "Operating Income": 11341000.0,
        "Operating Expense": 77419000.0,
        "Other Operating Expenses": 68012000.0,
        "Selling General And Administration": 9407000.0,
        "General And Administrative Expense": 9407000.0,
        "Other Gand A": 9407000.0,
        "Gross Profit": 88760000.0,
        "Cost Of Revenue": 212990000.0,
        "Total Revenue": 301750000.0,
        "Operating Revenue": 301750000.0
    },
    "2024-03-31": {
        "Tax Effect Of Unusual Items": -78070.0,
        "Tax Rate For Calcs": 0.211,
        "Normalized EBITDA": 19333000.0,
        "Total Unusual Items": -370000.0,
        "Total Unusual Items Excluding Goodwill": -370000.0,
        "Net Income From Continuing Operation Net Minority Interest": 7961000.0,
        "Reconciled Depreciation": 7702000.0,
        "Reconciled Cost Of Revenue": 217735000.0,
        "EBITDA": 18963000.0,
        "EBIT": 11261000.0,
        "Net Interest Income": -1177000.0,
        "Interest Expense": 1177000.0,
        "Normalized Income": 8252930.0,
        "Net Income From Continuing And Discontinued Operation": 7961000.0,
        "Total Expenses": 296461000.0,
        "Total Operating Income As Reported": 11261000.0,
        "Diluted Average Shares": 23061119.0,
        "Basic Average Shares": 22759131.0,
        "Diluted EPS": 0.35,
        "Basic EPS": 0.35,
        "Diluted NI Availto Com Stockholders": 7961000.0,
        "Net Income Common Stockholders": 7961000.0,
        "Net Income": 7961000.0,
        "Net Income Including Noncontrolling Interests": 7961000.0,
        "Net Income Continuous Operations": 7961000.0,
        "Tax Provision": 2123000.0,
        "Pretax Income": 10084000.0,
        "Other Income Expense": -370000.0,
        "Special Income Charges": -370000.0,
        "Other Special Charges": NaN,
        "Restructuring And Mergern Acquisition": 370000.0,
        "Net Non Operating Interest Income Expense": -1177000.0,
        "Interest Expense Non Operating": 1177000.0,
        "Operating Income": 11631000.0,
        "Operating Expense": 78726000.0,
        "Other Operating Expenses": 69204000.0,
        "Selling General And Administration": 9522000.0,
        "General And Administrative Expense": 9522000.0,
        "Other Gand A": 9522000.0,
        "Gross Profit": 90357000.0,
        "Cost Of Revenue": 217735000.0,
        "Total Revenue": 308092000.0,
        "Operating Revenue": 308092000.0
    },
    "2024-06-30": {
        "Tax Effect Of Unusual Items": -79716.0,
        "Tax Rate For Calcs": 0.219,
        "Normalized EBITDA": 21056000.0,
        "Total Unusual Items": -364000.0,
        "Total Unusual Items Excluding Goodwill": -364000.0,
        "Net Income From Continuing Operation Net Minority Interest": 9209000.0,
        "Reconciled Depreciation": 7845000.0,
        "Reconciled Cost Of Revenue": 218751000.0,
        "EBITDA": 20692000.0,
        "EBIT": 12847000.0,
        "Net Interest Income": -1052000.0,
        "Interest Expense": 1052000.0,
        "Normalized Income": 9493284.0,
        "Net Income From Continuing And Discontinued Operation": 9209000.0,
        "Total Expenses": 295871000.0,
        "Total Operating Income As Reported": 12847000.0,
        "Diluted Average Shares": 23115356.0,
        "Basic Average Shares": 22789057.0,
        "Diluted EPS": 0.4,
        "Basic EPS": 0.4,
        "Diluted NI Availto Com Stockholders": 9209000.0,
        "Net Income Common Stockholders": 9209000.0,
        "Net Income": 9209000.0,
        "Net Income Including Noncontrolling Interests": 9209000.0,
        "Net Income Continuous Operations": 9209000.0,
        "Tax Provision": 2586000.0,
        "Pretax Income": 11795000.0,
        "Other Income Expense": -364000.0,
        "Special Income Charges": -364000.0,
        "Other Special Charges": 364000.0,
        "Restructuring And Mergern Acquisition": NaN,
        "Net Non Operating Interest Income Expense": -1052000.0,
        "Interest Expense Non Operating": 1052000.0,
        "Operating Income": 13211000.0,
        "Operating Expense": 77120000.0,
        "Other Operating Expenses": 67575000.0,
        "Selling General And Administration": 9545000.0,
        "General And Administrative Expense": 9545000.0,
        "Other Gand A": 9545000.0,
        "Gross Profit": 90331000.0,
        "Cost Of Revenue": 218751000.0,
        "Total Revenue": 309082000.0,
        "Operating Revenue": 309082000.0
    },
    "2024-09-30": {
        "Tax Effect Of Unusual Items": -81844.184146,
        "Tax Rate For Calcs": 0.181876,
        "Normalized EBITDA": 20448000.0,
        "Total Unusual Items": -450000.0,
        "Total Unusual Items Excluding Goodwill": -450000.0,
        "Net Income From Continuing Operation Net Minority Interest": 9010000.0,
        "Reconciled Depreciation": 7932000.0,
        "Reconciled Cost Of Revenue": 227299000.0,
        "EBITDA": 19998000.0,
        "EBIT": 12066000.0,
        "Net Interest Income": -1053000.0,
        "Interest Expense": 1053000.0,
        "Normalized Income": 9378155.815854,
        "Net Income From Continuing And Discontinued Operation": 9010000.0,
        "Total Expenses": 310145000.0,
        "Total Operating Income As Reported": 12066000.0,
        "Diluted Average Shares": NaN,
        "Basic Average Shares": NaN,
        "Diluted EPS": NaN,
        "Basic EPS": NaN,
        "Diluted NI Availto Com Stockholders": 9010000.0,
        "Net Income Common Stockholders": 9010000.0,
        "Net Income": 9010000.0,
        "Net Income Including Noncontrolling Interests": 9010000.0,
        "Net Income Continuous Operations": 9010000.0,
        "Tax Provision": 2003000.0,
        "Pretax Income": 11013000.0,
        "Other Income Expense": -450000.0,
        "Special Income Charges": -450000.0,
        "Other Special Charges": NaN,
        "Restructuring And Mergern Acquisition": NaN,
        "Net Non Operating Interest Income Expense": -1053000.0,
        "Interest Expense Non Operating": 1053000.0,
        "Operating Income": 12516000.0,
        "Operating Expense": 82846000.0,
        "Other Operating Expenses": 72605000.0,
        "Selling General And Administration": 10241000.0,
        "General And Administrative Expense": 10241000.0,
        "Other Gand A": 10241000.0,
        "Gross Profit": 95362000.0,
        "Cost Of Revenue": 227299000.0,
        "Total Revenue": 322661000.0,
        "Operating Revenue": 322661000.0
    },
    "2024-12-31": {
        "Tax Effect Of Unusual Items": -87270.181087,
        "Tax Rate For Calcs": 0.200161,
        "Normalized EBITDA": 21734000.0,
        "Total Unusual Items": -436000.0,
        "Total Unusual Items Excluding Goodwill": -436000.0,
        "Net Income From Continuing Operation Net Minority Interest": 9938000.0,
        "Reconciled Depreciation": 7950000.0,
        "Reconciled Cost Of Revenue": 231397000.0,
        "EBITDA": 21298000.0,
        "EBIT": 13348000.0,
        "Net Interest Income": -923000.0,
        "Interest Expense": 923000.0,
        "Normalized Income": 10286729.818913,
        "Net Income From Continuing And Discontinued Operation": 9938000.0,
        "Total Expenses": 316437000.0,
        "Total Operating Income As Reported": 13348000.0,
        "Diluted Average Shares": 23168064.0,
        "Basic Average Shares": 22903569.0,
        "Diluted EPS": 0.43,
        "Basic EPS": 0.43,
        "Diluted NI Availto Com Stockholders": 9938000.0,
        "Net Income Common Stockholders": 9938000.0,
        "Net Income": 9938000.0,
        "Net Income Including Noncontrolling Interests": 9938000.0,
        "Net Income Continuous Operations": 9938000.0,
        "Tax Provision": 2487000.0,
        "Pretax Income": 12425000.0,
        "Other Income Expense": -436000.0,
        "Special Income Charges": -436000.0,
        "Other Special Charges": 436000.0,
        "Restructuring And Mergern Acquisition": NaN,
        "Net Non Operating Interest Income Expense": -923000.0,
        "Interest Expense Non Operating": 923000.0,
        "Operating Income": 13784000.0,
        "Operating Expense": 85040000.0,
        "Other Operating Expenses": 73526000.0,
        "Selling General And Administration": 11514000.0,
        "General And Administrative Expense": 11514000.0,
        "Other Gand A": 11514000.0,
        "Gross Profit": 98824000.0,
        "Cost Of Revenue": 231397000.0,
        "Total Revenue": 330221000.0,
        "Operating Revenue": 330221000.0
    }
}