{
    "2023-03-31": {
        "Tax Effect Of Unusual Items": NaN,
        "Tax Rate For Calcs": NaN,
        "Normalized EBITDA": NaN,
        "Total Unusual Items": NaN,
        "Total Unusual Items Excluding Goodwill": NaN,
        "Net Income From Continuing Operation Net Minority Interest": NaN,
        "Reconciled Depreciation": NaN,
        "Reconciled Cost Of Revenue": NaN,
        "EBITDA": NaN,
        "EBIT": NaN,
        "Net Interest Income": NaN,
        "Interest Expense": NaN,
        "Interest Income": NaN,
        "Normalized Income": NaN,
        "Net Income From Continuing And Discontinued Operation": NaN,
        "Total Expenses": NaN,
        "Diluted Average Shares": NaN,
        "Basic Average Shares": NaN,
        "Diluted EPS": NaN,
        "Basic EPS": NaN,
        "Diluted NI Availto Com Stockholders": NaN,
        "Net Income Common Stockholders": NaN,
        "Net Income": NaN,
        "Net Income Including Noncontrolling Interests": NaN,
        "Net Income Continuous Operations": NaN,
        "Tax Provision": NaN,
        "Pretax Income": NaN,
        "Other Income Expense": NaN,
        "Other Non Operating Income Expenses": -3200000.0,
        "Special Income Charges": NaN,
        "Impairment Of Capital Assets": NaN,
        "Restructuring And Mergern Acquisition": NaN,
        "Earnings From Equity Interest": NaN,
        "Gain On Sale Of Security": NaN,
        "Net Non Operating Interest Income Expense": NaN,
        "Interest Expense Non Operating": NaN,
        "Interest Income Non Operating": NaN,
        "Operating Income": NaN,
        "Operating Expense": NaN,
        "Research And Development": NaN,
        "Selling General And Administration": NaN,
        "Gross Profit": NaN,
        "Cost Of Revenue": NaN,
        "Total Revenue": NaN,
        "Operating Revenue": NaN
    },
    "2022-12-31": {
        "Tax Effect Of Unusual Items": NaN,
        "Tax Rate For Calcs": NaN,
        "Normalized EBITDA": NaN,
        "Total Unusual Items": NaN,
        "Total Unusual Items Excluding Goodwill": NaN,
        "Net Income From Continuing Operation Net Minority Interest": NaN,
        "Reconciled Depreciation": NaN,
        "Reconciled Cost Of Revenue": NaN,
        "EBITDA": NaN,
        "EBIT": NaN,
        "Net Interest Income": NaN,
        "Interest Expense": NaN,
        "Interest Income": NaN,
        "Normalized Income": NaN,
        "Net Income From Continuing And Discontinued Operation": NaN,
        "Total Expenses": NaN,
        "Diluted Average Shares": NaN,
        "Basic Average Shares": NaN,
        "Diluted EPS": NaN,
        "Basic EPS": NaN,
        "Diluted NI Availto Com Stockholders": NaN,
        "Net Income Common Stockholders": NaN,
        "Net Income": NaN,
        "Net Income Including Noncontrolling Interests": NaN,
        "Net Income Continuous Operations": NaN,
        "Tax Provision": NaN,
        "Pretax Income": NaN,
        "Other Income Expense": NaN,
        "Other Non Operating Income Expenses": -12400000.0,
        "Special Income Charges": NaN,
        "Restructuring And Mergern Acquisition": NaN,
        "Earnings From Equity Interest": NaN,
        "Gain On Sale Of Security": NaN,
        "Net Non Operating Interest Income Expense": NaN,
        "Interest Expense Non Operating": NaN,
        "Interest Income Non Operating": NaN,
        "Operating Income": NaN,
        "Operating Expense": NaN,
        "Research And Development": NaN,
        "Selling General And Administration": NaN,
        "Gross Profit": NaN,
        "Cost Of Revenue": NaN,
        "Total Revenue": NaN,
        "Operating Revenue": NaN
    },
    "2022-09-30": {
        "Tax Effect Of Unusual Items": -1107306.889353,
        "Tax Rate For Calcs": 0.212944,
        "Normalized EBITDA": 138200000.0,
        "Total Unusual Items": -5200000.0,
        "Total Unusual Items Excluding Goodwill": -5200000.0,
        "Net Income From Continuing Operation Net Minority Interest": 75400000.0,
        "Reconciled Depreciation": 25700000.0,
        "Reconciled Cost Of Revenue": 305700000.0,
        "EBITDA": 133000000.0,
        "EBIT": 107300000.0,
        "Net Interest Income": -11500000.0,
        "Interest Expense": 11500000.0,
        "Interest Income": 1300000.0,
        "Normalized Income": 79492693.110647,
        "Net Income From Continuing And Discontinued Operation": 75400000.0,
        "Total Expenses": 367500000.0,
        "Diluted Average Shares": 38134000.0,
        "Basic Average Shares": 37839000.0,
        "Diluted EPS": 1.98,
        "Basic EPS": 1.99,
        "Diluted NI Availto Com Stockholders": 75400000.0,
        "Net Income Common Stockholders": 75400000.0,
        "Net Income": 75400000.0,
        "Net Income Including Noncontrolling Interests": 75400000.0,
        "Net Income Continuous Operations": 75400000.0,
        "Tax Provision": 20400000.0,
        "Pretax Income": 95800000.0,
        "Other Income Expense": -7200000.0,
        "Other Non Operating Income Expenses": -2000000.0,
        "Special Income Charges": -5200000.0,
        "Restructuring And Mergern Acquisition": 5200000.0,
        "Gain On Sale Of Security": -1200000.0,
        "Net Non Operating Interest Income Expense": -11500000.0,
        "Interest Expense Non Operating": 11500000.0,
        "Interest Income Non Operating": 1300000.0,
        "Operating Income": 114500000.0,
        "Operating Expense": 61800000.0,
        "Research And Development": 7600000.0,
        "Selling General And Administration": 54200000.0,
        "Gross Profit": 176300000.0,
        "Cost Of Revenue": 305700000.0,
        "Total Revenue": 482000000.0,
        "Operating Revenue": 482000000.0
    },
    "2022-06-30": {
        "Tax Effect Of Unusual Items": -807712.418301,
        "Tax Rate For Calcs": 0.218301,
        "Normalized EBITDA": 121100000.0,
        "Total Unusual Items": -3700000.0,
        "Total Unusual Items Excluding Goodwill": -3700000.0,
        "Net Income From Continuing Operation Net Minority Interest": 59800000.0,
        "Reconciled Depreciation": 25800000.0,
        "Reconciled Cost Of Revenue": 269300000.0,
        "EBITDA": 117400000.0,
        "EBIT": 91600000.0,
        "Net Interest Income": -15100000.0,
        "Interest Expense": 15100000.0,
        "Interest Income": 3700000.0,
        "Normalized Income": 62692287.581699,
        "Net Income From Continuing And Discontinued Operation": 59800000.0,
        "Total Expenses": 326200000.0,
        "Diluted Average Shares": 38748000.0,
        "Basic Average Shares": 38515000.0,
        "Diluted EPS": 1.54,
        "Basic EPS": 1.55,
        "Diluted NI Availto Com Stockholders": 59800000.0,
        "Net Income Common Stockholders": 59800000.0,
        "Net Income": 59800000.0,
        "Net Income Including Noncontrolling Interests": 59800000.0,
        "Net Income Continuous Operations": 59800000.0,
        "Tax Provision": 16700000.0,
        "Pretax Income": 76500000.0,
        "Other Income Expense": -2100000.0,
        "Other Non Operating Income Expenses": 1600000.0,
        "Special Income Charges": -3700000.0,
        "Restructuring And Mergern Acquisition": 3700000.0,
        "Gain On Sale Of Security": -100000.0,
        "Net Non Operating Interest Income Expense": -15100000.0,
        "Interest Expense Non Operating": 15100000.0,
        "Interest Income Non Operating": 3700000.0,
        "Operating Income": 93700000.0,
        "Operating Expense": 56900000.0,
        "Research And Development": 8200000.0,
        "Selling General And Administration": 48700000.0,
        "Gross Profit": 150600000.0,
        "Cost Of Revenue": 269300000.0,
        "Total Revenue": 419900000.0,
        "Operating Revenue": 419900000.0
    },
    "2023-06-30": {
        "Tax Effect Of Unusual Items": NaN,
        "Tax Rate For Calcs": NaN,
        "Normalized EBITDA": NaN,
        "Total Unusual Items": NaN,
        "Total Unusual Items Excluding Goodwill": NaN,
        "Net Income From Continuing Operation Net Minority Interest": NaN,
        "Reconciled Depreciation": NaN,
        "Reconciled Cost Of Revenue": NaN,
        "EBITDA": NaN,
        "EBIT": NaN,
        "Net Interest Income": NaN,
        "Interest Expense": NaN,
        "Interest Income": NaN,
        "Normalized Income": NaN,
        "Net Income From Continuing And Discontinued Operation": NaN,
        "Total Expenses": NaN,
        "Diluted Average Shares": NaN,
        "Basic Average Shares": NaN,
        "Diluted EPS": NaN,
        "Basic EPS": NaN,
        "Diluted NI Availto Com Stockholders": NaN,
        "Net Income Common Stockholders": NaN,
        "Net Income": NaN,
        "Net Income Including Noncontrolling Interests": NaN,
        "Net Income Continuous Operations": NaN,
        "Tax Provision": NaN,
        "Pretax Income": NaN,
        "Other Income Expense": NaN,
        "Other Non Operating Income Expenses": -12800000.0,
        "Special Income Charges": NaN,
        "Other Special Charges": NaN,
        "Impairment Of Capital Assets": 0.0,
        "Restructuring And Mergern Acquisition": NaN,
        "Earnings From Equity Interest": NaN,
        "Gain On Sale Of Security": NaN,
        "Net Non Operating Interest Income Expense": NaN,
        "Interest Expense Non Operating": NaN,
        "Interest Income Non Operating": NaN,
        "Operating Income": NaN,
        "Operating Expense": NaN,
        "Research And Development": NaN,
        "Selling General And Administration": NaN,
        "Gross Profit": NaN,
        "Cost Of Revenue": NaN,
        "Total Revenue": NaN,
        "Operating Revenue": NaN
    },
    "2022-03-31": {
        "Diluted EPS": 1.55,
        "Total Revenue": 383,
        "Gross Profit": 138,
        "Operating Income": 87,
        "EBIT": 114,
        "Net Income": 61
    },
    "2021-12-31": {
        "Diluted EPS": 0.76,
        "Total Revenue": 336,
        "Gross Profit": 105,
        "Operating Income": 46,
        "EBIT": 74,
        "Net Income": 29
    },
    "2021-09-30": {
        "Diluted EPS": -0.11,
        "Total Revenue": 377,
        "Gross Profit": 142,
        "Operating Income": 87,
        "EBIT": 115,
        "Net Income": -4
    },
    "2021-06-30": {
        "Diluted EPS": 1.1,
        "Total Revenue": 358,
        "Gross Profit": 140,
        "Operating Income": 82,
        "EBIT": 109,
        "Net Income": 44
    },
    "2021-03-31": {
        "Diluted EPS": 1.2,
        "Total Revenue": 320,
        "Gross Profit": 126,
        "Operating Income": 75,
        "EBIT": 102,
        "Net Income": 49
    },
    "2020-12-31": {
        "Diluted EPS": 1.11,
        "Total Revenue": 326,
        "Gross Profit": 127,
        "Operating Income": 75,
        "EBIT": 102,
        "Net Income": 46
    },
    "2020-09-30": {
        "Diluted EPS": 1.69,
        "Total Revenue": 332,
        "Gross Profit": 140,
        "Operating Income": 94,
        "EBIT": 119,
        "Net Income": 70
    },
    "2020-06-30": {
        "Diluted EPS": 0.49,
        "Total Revenue": 271,
        "Gross Profit": 84,
        "Operating Income": 36,
        "EBIT": 60,
        "Net Income": 20
    },
    "2020-03-31": {
        "Diluted EPS": 1.08,
        "Total Revenue": 288,
        "Gross Profit": 115,
        "Operating Income": 68,
        "EBIT": 92,
        "Net Income": 45
    },
    "2019-12-31": {
        "Diluted EPS": 1.06,
        "Total Revenue": 303,
        "Gross Profit": 111,
        "Operating Income": 64,
        "EBIT": 87,
        "Net Income": 44
    },
    "2019-09-30": {
        "Diluted EPS": 1.41,
        "Total Revenue": 360,
        "Gross Profit": 140,
        "Operating Income": 91,
        "EBIT": 112,
        "Net Income": 60
    },
    "2019-06-30": {
        "Diluted EPS": 1.34,
        "Total Revenue": 353,
        "Gross Profit": 134,
        "Operating Income": 86,
        "EBIT": 107,
        "Net Income": 57
    },
    "2019-03-31": {
        "Diluted EPS": 0.54,
        "Total Revenue": 277,
        "Gross Profit": 97,
        "Operating Income": 30,
        "EBIT": 49,
        "Net Income": 23
    },
    "2018-12-31": {
        "Diluted EPS": 0.99,
        "Total Revenue": 279,
        "Gross Profit": 98,
        "Operating Income": 50,
        "EBIT": 65,
        "Net Income": 42
    },
    "2018-09-30": {
        "Diluted EPS": 1.16,
        "Total Revenue": 311,
        "Gross Profit": 119,
        "Operating Income": 79,
        "EBIT": 93,
        "Net Income": 50
    },
    "2018-06-30": {
        "Diluted EPS": 1.1,
        "Total Revenue": 309,
        "Gross Profit": 116,
        "Operating Income": 74,
        "EBIT": 90,
        "Net Income": 47
    },
    "2018-03-31": {
        "Diluted EPS": 0.72,
        "Total Revenue": 235,
        "Gross Profit": 85,
        "Operating Income": 50,
        "EBIT": 62,
        "Net Income": 31
    },
    "2017-12-31": {
        "Diluted EPS": 0.97,
        "Total Revenue": 230,
        "Gross Profit": 75,
        "Operating Income": 39,
        "EBIT": 49,
        "Net Income": 42
    },
    "2017-09-30": {
        "Diluted EPS": 0.79,
        "Total Revenue": 264,
        "Gross Profit": 93,
        "Operating Income": 58,
        "EBIT": 68,
        "Net Income": 34
    },
    "2017-06-30": {
        "Diluted EPS": 0.76,
        "Total Revenue": 260,
        "Gross Profit": 90,
        "Operating Income": 58,
        "EBIT": 68,
        "Net Income": 32
    },
    "2017-03-31": {
        "Diluted EPS": 0.45,
        "Total Revenue": 219,
        "Gross Profit": 71,
        "Operating Income": 37,
        "EBIT": 47,
        "Net Income": 19
    },
    "2016-12-31": {
        "Diluted EPS": 0.21,
        "Total Revenue": 211,
        "Gross Profit": 56,
        "Operating Income": 20,
        "EBIT": 30,
        "Net Income": 9
    },
    "2016-09-30": {
        "Diluted EPS": -0.17,
        "Total Revenue": 252,
        "Gross Profit": 80,
        "Operating Income": 16,
        "EBIT": 26,
        "Net Income": -7
    },
    "2016-06-30": {
        "Diluted EPS": 0.57,
        "Total Revenue": 245,
        "Gross Profit": 75,
        "Operating Income": 42,
        "EBIT": 51,
        "Net Income": 24
    },
    "2016-03-31": {
        "Diluted EPS": 0.22,
        "Total Revenue": 200,
        "Gross Profit": 63,
        "Operating Income": 25,
        "EBIT": 34,
        "Net Income": 9
    },
    "2015-12-31": {
        "Diluted EPS": 0.16,
        "Total Revenue": 200,
        "Gross Profit": 44,
        "Operating Income": 41,
        "EBIT": 50,
        "Net Income": 7
    },
    "2015-09-30": {
        "Diluted EPS": 0.56,
        "Total Revenue": 257,
        "Gross Profit": 78,
        "Operating Income": 45,
        "EBIT": 53,
        "Net Income": 23
    },
    "2015-06-30": {
        "Diluted EPS": 0.62,
        "Total Revenue": 262,
        "Gross Profit": 85,
        "Operating Income": 48,
        "EBIT": 57,
        "Net Income": 26
    },
    "2015-03-31": {
        "Diluted EPS": 0.55,
        "Total Revenue": 239,
        "Gross Profit": 69,
        "Operating Income": 39,
        "EBIT": 48,
        "Net Income": 23
    },
    "2014-12-31": {
        "Diluted EPS": 0.0,
        "Total Revenue": NaN,
        "Gross Profit": NaN,
        "Operating Income": NaN,
        "EBIT": NaN,
        "Net Income": NaN
    },
    "2013-12-31": {
        "Diluted EPS": 0.0,
        "Total Revenue": NaN,
        "Gross Profit": NaN,
        "Operating Income": NaN,
        "EBIT": NaN,
        "Net Income": NaN
    },
    "2023-09-30": {
        "Tax Effect Of Unusual Items": -5676000.0,
        "Tax Rate For Calcs": 0.215,
        "Normalized EBITDA": 112900000.0,
        "Total Unusual Items": -26400000.0,
        "Total Unusual Items Excluding Goodwill": -26400000.0,
        "Net Income From Continuing Operation Net Minority Interest": 25200000.0,
        "Reconciled Depreciation": 30600000.0,
        "Reconciled Cost Of Revenue": 317000000.0,
        "EBITDA": 86500000.0,
        "EBIT": 55900000.0,
        "Net Interest Income": -23100000.0,
        "Interest Expense": 23800000.0,
        "Interest Income": 700000.0,
        "Normalized Income": 45924000.0,
        "Net Income From Continuing And Discontinued Operation": 25200000.0,
        "Total Expenses": 364800000.0,
        "Diluted Average Shares": 36387000.0,
        "Basic Average Shares": 36225000.0,
        "Diluted EPS": 0.69,
        "Basic EPS": 0.7,
        "Diluted NI Availto Com Stockholders": 25200000.0,
        "Net Income Common Stockholders": 25200000.0,
        "Net Income": 25200000.0,
        "Net Income Including Noncontrolling Interests": 25200000.0,
        "Net Income Continuous Operations": 25200000.0,
        "Tax Provision": 6900000.0,
        "Pretax Income": 32100000.0,
        "Other Income Expense": -26000000.0,
        "Other Non Operating Income Expenses": 300000.0,
        "Special Income Charges": -24700000.0,
        "Other Special Charges": 23100000.0,
        "Impairment Of Capital Assets": 0.0,
        "Restructuring And Mergern Acquisition": 1600000.0,
        "Earnings From Equity Interest": 100000.0,
        "Gain On Sale Of Security": -1700000.0,
        "Net Non Operating Interest Income Expense": -23100000.0,
        "Interest Expense Non Operating": 23800000.0,
        "Interest Income Non Operating": 700000.0,
        "Operating Income": 81200000.0,
        "Operating Expense": 47800000.0,
        "Research And Development": 7800000.0,
        "Selling General And Administration": 40000000.0,
        "Gross Profit": 129000000.0,
        "Cost Of Revenue": 317000000.0,
        "Total Revenue": 446000000.0,
        "Operating Revenue": 446000000.0
    },
    "2023-12-31": {
        "Tax Effect Of Unusual Items": -25122077.922078,
        "Tax Rate For Calcs": 0.241558,
        "Normalized EBITDA": 1200000.0,
        "Total Unusual Items": -104000000.0,
        "Total Unusual Items Excluding Goodwill": -104000000.0,
        "Net Income From Continuing Operation Net Minority Interest": -116800000.0,
        "Reconciled Depreciation": 25100000.0,
        "Reconciled Cost Of Revenue": 312200000.0,
        "EBITDA": -102800000.0,
        "EBIT": -127900000.0,
        "Net Interest Income": -22700000.0,
        "Interest Expense": 26100000.0,
        "Interest Income": 3400000.0,
        "Normalized Income": -37922077.922078,
        "Net Income From Continuing And Discontinued Operation": -116800000.0,
        "Total Expenses": 362800000.0,
        "Diluted Average Shares": 36200000.0,
        "Basic Average Shares": 36200000.0,
        "Diluted EPS": -3.23,
        "Basic EPS": -3.23,
        "Diluted NI Availto Com Stockholders": -116800000.0,
        "Net Income Common Stockholders": -116800000.0,
        "Net Income": -116800000.0,
        "Net Income Including Noncontrolling Interests": -116800000.0,
        "Net Income Continuous Operations": -116800000.0,
        "Tax Provision": -37200000.0,
        "Pretax Income": -154000000.0,
        "Other Income Expense": -140200000.0,
        "Other Non Operating Income Expenses": -36200000.0,
        "Special Income Charges": -104700000.0,
        "Other Special Charges": NaN,
        "Impairment Of Capital Assets": NaN,
        "Restructuring And Mergern Acquisition": 104700000.0,
        "Earnings From Equity Interest": 0.0,
        "Gain On Sale Of Security": 700000.0,
        "Net Non Operating Interest Income Expense": -22700000.0,
        "Interest Expense Non Operating": 26100000.0,
        "Interest Income Non Operating": 3400000.0,
        "Operating Income": 8900000.0,
        "Operating Expense": 50600000.0,
        "Research And Development": 7200000.0,
        "Selling General And Administration": 43400000.0,
        "Gross Profit": 59500000.0,
        "Cost Of Revenue": 312200000.0,
        "Total Revenue": 371700000.0,
        "Operating Revenue": 371700000.0
    },
    "2024-03-31": {
        "Tax Effect Of Unusual Items": -20000500.0,
        "Tax Rate For Calcs": 0.221,
        "Normalized EBITDA": 71500000.0,
        "Total Unusual Items": -90500000.0,
        "Total Unusual Items Excluding Goodwill": -90500000.0,
        "Net Income From Continuing Operation Net Minority Interest": -56000000.0,
        "Reconciled Depreciation": 29600000.0,
        "Reconciled Cost Of Revenue": 240400000.0,
        "EBITDA": -19000000.0,
        "EBIT": -48600000.0,
        "Net Interest Income": -22300000.0,
        "Interest Expense": 23300000.0,
        "Interest Income": 1000000.0,
        "Normalized Income": 14499500.0,
        "Net Income From Continuing And Discontinued Operation": -56000000.0,
        "Total Expenses": 294400000.0,
        "Diluted Average Shares": 36264000.0,
        "Basic Average Shares": 36264000.0,
        "Diluted EPS": -1.54,
        "Basic EPS": -1.54,
        "Diluted NI Availto Com Stockholders": -56000000.0,
        "Net Income Common Stockholders": -56000000.0,
        "Net Income": -56000000.0,
        "Net Income Including Noncontrolling Interests": -56000000.0,
        "Net Income Continuous Operations": -56000000.0,
        "Tax Provision": -15900000.0,
        "Pretax Income": -71900000.0,
        "Other Income Expense": -95300000.0,
        "Other Non Operating Income Expenses": NaN,
        "Special Income Charges": -89100000.0,
        "Other Special Charges": NaN,
        "Impairment Of Capital Assets": NaN,
        "Restructuring And Mergern Acquisition": 89100000.0,
        "Earnings From Equity Interest": -4800000.0,
        "Gain On Sale Of Security": -1400000.0,
        "Net Non Operating Interest Income Expense": -22300000.0,
        "Interest Expense Non Operating": 23300000.0,
        "Interest Income Non Operating": 1000000.0,
        "Operating Income": 45700000.0,
        "Operating Expense": 54000000.0,
        "Research And Development": 6800000.0,
        "Selling General And Administration": 47200000.0,
        "Gross Profit": 99700000.0,
        "Cost Of Revenue": 240400000.0,
        "Total Revenue": 340100000.0,
        "Operating Revenue": 340100000.0
    },
    "2024-06-30": {
        "Tax Effect Of Unusual Items": -58231200.0,
        "Tax Rate For Calcs": 0.152,
        "Normalized EBITDA": 99900000.0,
        "Total Unusual Items": -383100000.0,
        "Total Unusual Items Excluding Goodwill": -383100000.0,
        "Net Income From Continuing Operation Net Minority Interest": -283700000.0,
        "Reconciled Depreciation": 27300000.0,
        "Reconciled Cost Of Revenue": 267400000.0,
        "EBITDA": -283200000.0,
        "EBIT": -310500000.0,
        "Net Interest Income": -23200000.0,
        "Interest Expense": 24100000.0,
        "Interest Income": 900000.0,
        "Normalized Income": 41168800.0,
        "Net Income From Continuing And Discontinued Operation": -283700000.0,
        "Total Expenses": 316100000.0,
        "Diluted Average Shares": 36335000.0,
        "Basic Average Shares": 36335000.0,
        "Diluted EPS": -7.81,
        "Basic EPS": -7.81,
        "Diluted NI Availto Com Stockholders": -283700000.0,
        "Net Income Common Stockholders": -283700000.0,
        "Net Income": -283700000.0,
        "Net Income Including Noncontrolling Interests": -283700000.0,
        "Net Income Continuous Operations": -283700000.0,
        "Tax Provision": -50900000.0,
        "Pretax Income": -334600000.0,
        "Other Income Expense": -385900000.0,
        "Other Non Operating Income Expenses": -2900000.0,
        "Special Income Charges": -382400000.0,
        "Other Special Charges": NaN,
        "Impairment Of Capital Assets": 349100000.0,
        "Restructuring And Mergern Acquisition": 33300000.0,
        "Earnings From Equity Interest": 100000.0,
        "Gain On Sale Of Security": -700000.0,
        "Net Non Operating Interest Income Expense": -23200000.0,
        "Interest Expense Non Operating": 24100000.0,
        "Interest Income Non Operating": 900000.0,
        "Operating Income": 74500000.0,
        "Operating Expense": 48700000.0,
        "Research And Development": 7300000.0,
        "Selling General And Administration": 41400000.0,
        "Gross Profit": 123200000.0,
        "Cost Of Revenue": 267400000.0,
        "Total Revenue": 390600000.0,
        "Operating Revenue": 390600000.0
    },
    "2024-09-30": {
        "Tax Effect Of Unusual Items": -43039000.0,
        "Tax Rate For Calcs": 0.223,
        "Normalized EBITDA": 106200000.0,
        "Total Unusual Items": -193000000.0,
        "Total Unusual Items Excluding Goodwill": -193000000.0,
        "Net Income From Continuing Operation Net Minority Interest": -107200000.0,
        "Reconciled Depreciation": 26200000.0,
        "Reconciled Cost Of Revenue": 247000000.0,
        "EBITDA": -86800000.0,
        "EBIT": -113000000.0,
        "Net Interest Income": -24200000.0,
        "Interest Expense": 24900000.0,
        "Interest Income": 700000.0,
        "Normalized Income": 42761000.0,
        "Net Income From Continuing And Discontinued Operation": -107200000.0,
        "Total Expenses": 292400000.0,
        "Diluted Average Shares": 36345000.0,
        "Basic Average Shares": 36345000.0,
        "Diluted EPS": -2.95,
        "Basic EPS": -2.95,
        "Diluted NI Availto Com Stockholders": -107200000.0,
        "Net Income Common Stockholders": -107200000.0,
        "Net Income": -107200000.0,
        "Net Income Including Noncontrolling Interests": -107200000.0,
        "Net Income Continuous Operations": -107200000.0,
        "Tax Provision": -30700000.0,
        "Pretax Income": -137900000.0,
        "Other Income Expense": -198200000.0,
        "Other Non Operating Income Expenses": 1500000.0,
        "Special Income Charges": -192400000.0,
        "Other Special Charges": 101300000.0,
        "Impairment Of Capital Assets": 0.0,
        "Restructuring And Mergern Acquisition": 91100000.0,
        "Earnings From Equity Interest": -6700000.0,
        "Gain On Sale Of Security": -600000.0,
        "Net Non Operating Interest Income Expense": -24200000.0,
        "Interest Expense Non Operating": 24900000.0,
        "Interest Income Non Operating": 700000.0,
        "Operating Income": 84500000.0,
        "Operating Expense": 45400000.0,
        "Research And Development": 6700000.0,
        "Selling General And Administration": 38700000.0,
        "Gross Profit": 129900000.0,
        "Cost Of Revenue": 247000000.0,
        "Total Revenue": 376900000.0,
        "Operating Revenue": 376900000.0
    }
}