{
    "2023-03-31": {
        "Tax Effect Of Unusual Items": 0.0,
        "Tax Rate For Calcs": 0.10453,
        "Normalized EBITDA": -348000.0,
        "Net Income From Continuing Operation Net Minority Interest": 257000.0,
        "Reconciled Depreciation": 46000.0,
        "Reconciled Cost Of Revenue": 3031000.0,
        "EBITDA": -348000.0,
        "EBIT": -394000.0,
        "Normalized Income": 257000.0,
        "Net Income From Continuing And Discontinued Operation": 257000.0,
        "Total Expenses": 12255000.0,
        "Total Operating Income As Reported": -394000.0,
        "Diluted NI Availto Com Stockholders": 257000.0,
        "Net Income Common Stockholders": 257000.0,
        "Net Income": 257000.0,
        "Net Income Including Noncontrolling Interests": 257000.0,
        "Net Income Continuous Operations": 257000.0,
        "Tax Provision": 30000.0,
        "Pretax Income": 287000.0,
        "Other Income Expense": 681000.0,
        "Other Non Operating Income Expenses": 681000.0,
        "Operating Income": -394000.0,
        "Operating Expense": 9224000.0,
        "Selling General And Administration": 9224000.0,
        "Selling And Marketing Expense": 4992000.0,
        "General And Administrative Expense": 4232000.0,
        "Other Gand A": 4232000.0,
        "Gross Profit": 8830000.0,
        "Cost Of Revenue": 3031000.0,
        "Total Revenue": 11861000.0,
        "Operating Revenue": 11893000.0
    },
    "2022-12-31": {
        "Tax Effect Of Unusual Items": 0.0,
        "Tax Rate For Calcs": 0.165,
        "Normalized EBITDA": 91000.0,
        "Net Income From Continuing Operation Net Minority Interest": 188000.0,
        "Reconciled Depreciation": 48000.0,
        "Reconciled Cost Of Revenue": 3263000.0,
        "EBITDA": 91000.0,
        "EBIT": 43000.0,
        "Normalized Income": 188000.0,
        "Net Income From Continuing And Discontinued Operation": 188000.0,
        "Total Expenses": 12469000.0,
        "Total Operating Income As Reported": 43000.0,
        "Diluted NI Availto Com Stockholders": 188000.0,
        "Net Income Common Stockholders": 188000.0,
        "Net Income": 188000.0,
        "Net Income Including Noncontrolling Interests": 188000.0,
        "Net Income Continuous Operations": 188000.0,
        "Tax Provision": 255000.0,
        "Pretax Income": 443000.0,
        "Other Income Expense": 400000.0,
        "Other Non Operating Income Expenses": 400000.0,
        "Operating Income": 43000.0,
        "Operating Expense": 9206000.0,
        "Selling General And Administration": 9206000.0,
        "Selling And Marketing Expense": 5377000.0,
        "General And Administrative Expense": 3829000.0,
        "Other Gand A": 3829000.0,
        "Gross Profit": 9249000.0,
        "Cost Of Revenue": 3263000.0,
        "Total Revenue": 12512000.0,
        "Operating Revenue": 12598000.0
    },
    "2022-09-30": {
        "Tax Effect Of Unusual Items": 0.0,
        "Tax Rate For Calcs": 0.4,
        "Normalized EBITDA": -95000.0,
        "Net Income From Continuing Operation Net Minority Interest": 47000.0,
        "Reconciled Depreciation": 50000.0,
        "Reconciled Cost Of Revenue": 3098000.0,
        "EBITDA": -95000.0,
        "EBIT": -145000.0,
        "Normalized Income": 47000.0,
        "Net Income From Continuing And Discontinued Operation": 47000.0,
        "Total Expenses": 11861000.0,
        "Total Operating Income As Reported": -145000.0,
        "Diluted Average Shares": 11423000.0,
        "Basic Average Shares": 11423000.0,
        "Diluted EPS": 0.004115,
        "Basic EPS": 0.004115,
        "Diluted NI Availto Com Stockholders": 47000.0,
        "Net Income Common Stockholders": 47000.0,
        "Net Income": 47000.0,
        "Net Income Including Noncontrolling Interests": 47000.0,
        "Net Income Continuous Operations": 47000.0,
        "Tax Provision": -5000.0,
        "Pretax Income": 42000.0,
        "Other Income Expense": 187000.0,
        "Other Non Operating Income Expenses": 187000.0,
        "Operating Income": -145000.0,
        "Operating Expense": 8763000.0,
        "Selling General And Administration": 8763000.0,
        "Selling And Marketing Expense": 4863000.0,
        "General And Administrative Expense": 3900000.0,
        "Other Gand A": 3900000.0,
        "Gross Profit": 8618000.0,
        "Cost Of Revenue": 3098000.0,
        "Total Revenue": 11716000.0,
        "Operating Revenue": 11769000.0
    },
    "2022-06-30": {
        "Tax Effect Of Unusual Items": 0.0,
        "Tax Rate For Calcs": 0.4,
        "Normalized EBITDA": 268000.0,
        "Net Income From Continuing Operation Net Minority Interest": 183000.0,
        "Reconciled Depreciation": 53000.0,
        "Reconciled Cost Of Revenue": 3392000.0,
        "EBITDA": 268000.0,
        "EBIT": 215000.0,
        "Normalized Income": 183000.0,
        "Net Income From Continuing And Discontinued Operation": 183000.0,
        "Total Expenses": 13145000.0,
        "Total Operating Income As Reported": 215000.0,
        "Diluted Average Shares": 11424000.0,
        "Basic Average Shares": 11346000.0,
        "Diluted EPS": 0.02,
        "Basic EPS": 0.02,
        "Diluted NI Availto Com Stockholders": 183000.0,
        "Net Income Common Stockholders": 183000.0,
        "Net Income": 183000.0,
        "Net Income Including Noncontrolling Interests": 183000.0,
        "Net Income Continuous Operations": 183000.0,
        "Tax Provision": 207000.0,
        "Pretax Income": 390000.0,
        "Other Income Expense": 175000.0,
        "Other Non Operating Income Expenses": 175000.0,
        "Operating Income": 215000.0,
        "Operating Expense": 9753000.0,
        "Selling General And Administration": 9753000.0,
        "Selling And Marketing Expense": 5767000.0,
        "General And Administrative Expense": 3986000.0,
        "Other Gand A": 3986000.0,
        "Gross Profit": 9968000.0,
        "Cost Of Revenue": 3392000.0,
        "Total Revenue": 13360000.0,
        "Operating Revenue": 13406000.0
    },
    "2023-06-30": {
        "Tax Effect Of Unusual Items": 0.0,
        "Tax Rate For Calcs": 0.272425,
        "Normalized EBITDA": -698000.0,
        "Net Income From Continuing Operation Net Minority Interest": -219000.0,
        "Reconciled Depreciation": 45000.0,
        "Reconciled Cost Of Revenue": 2666000.0,
        "EBITDA": -698000.0,
        "EBIT": -743000.0,
        "Normalized Income": -219000.0,
        "Net Income From Continuing And Discontinued Operation": -219000.0,
        "Total Expenses": 11254000.0,
        "Total Operating Income As Reported": -743000.0,
        "Diluted NI Availto Com Stockholders": -219000.0,
        "Net Income Common Stockholders": -219000.0,
        "Net Income": -219000.0,
        "Net Income Including Noncontrolling Interests": -219000.0,
        "Net Income Continuous Operations": -219000.0,
        "Tax Provision": -82000.0,
        "Pretax Income": -301000.0,
        "Other Income Expense": 442000.0,
        "Other Non Operating Income Expenses": 442000.0,
        "Operating Income": -743000.0,
        "Operating Expense": 8588000.0,
        "Selling General And Administration": 8588000.0,
        "Selling And Marketing Expense": 4508000.0,
        "General And Administrative Expense": 4080000.0,
        "Other Gand A": 4080000.0,
        "Gross Profit": 7845000.0,
        "Cost Of Revenue": 2666000.0,
        "Total Revenue": 10511000.0,
        "Operating Revenue": 10564000.0
    },
    "2022-03-31": {
        "Diluted EPS": -0.01,
        "Total Revenue": 12,
        "Gross Profit": 9,
        "Operating Income": 0,
        "EBIT": 0,
        "Net Income": 0
    },
    "2021-12-31": {
        "Diluted EPS": 0.02,
        "Total Revenue": 16,
        "Gross Profit": 12,
        "Operating Income": 0,
        "EBIT": 1,
        "Net Income": 0
    },
    "2021-09-30": {
        "Diluted EPS": 0.04,
        "Total Revenue": 14,
        "Gross Profit": 11,
        "Operating Income": 0,
        "EBIT": 1,
        "Net Income": 0
    },
    "2021-06-30": {
        "Diluted EPS": 0.02,
        "Total Revenue": 16,
        "Gross Profit": 12,
        "Operating Income": 0,
        "EBIT": 0,
        "Net Income": 0
    },
    "2021-03-31": {
        "Diluted EPS": 0.01,
        "Total Revenue": 13,
        "Gross Profit": 10,
        "Operating Income": 0,
        "EBIT": 0,
        "Net Income": 0
    },
    "2020-12-31": {
        "Diluted EPS": 0.06,
        "Total Revenue": 17,
        "Gross Profit": 13,
        "Operating Income": 1,
        "EBIT": 1,
        "Net Income": 1
    },
    "2020-09-30": {
        "Diluted EPS": 0.06,
        "Total Revenue": 14,
        "Gross Profit": 10,
        "Operating Income": 1,
        "EBIT": 1,
        "Net Income": 1
    },
    "2020-06-30": {
        "Diluted EPS": 0.0,
        "Total Revenue": 16,
        "Gross Profit": 12,
        "Operating Income": 0,
        "EBIT": 0,
        "Net Income": 0
    },
    "2020-03-31": {
        "Diluted EPS": -0.05,
        "Total Revenue": 15,
        "Gross Profit": 10,
        "Operating Income": -1,
        "EBIT": -1,
        "Net Income": -1
    },
    "2019-12-31": {
        "Diluted EPS": -0.27,
        "Total Revenue": 18,
        "Gross Profit": 13,
        "Operating Income": -3,
        "EBIT": -1,
        "Net Income": -3
    },
    "2019-09-30": {
        "Diluted EPS": -0.12,
        "Total Revenue": 17,
        "Gross Profit": 13,
        "Operating Income": -1,
        "EBIT": -1,
        "Net Income": -1
    },
    "2019-06-30": {
        "Diluted EPS": 0.04,
        "Total Revenue": 23,
        "Gross Profit": 18,
        "Operating Income": 0,
        "EBIT": 0,
        "Net Income": 0
    },
    "2019-03-31": {
        "Diluted EPS": -0.17,
        "Total Revenue": 19,
        "Gross Profit": 14,
        "Operating Income": -3,
        "EBIT": -3,
        "Net Income": -2
    },
    "2018-12-31": {
        "Diluted EPS": 0.49,
        "Total Revenue": 42,
        "Gross Profit": 33,
        "Operating Income": 6,
        "EBIT": 6,
        "Net Income": 6
    },
    "2018-09-30": {
        "Diluted EPS": 0.67,
        "Total Revenue": 47,
        "Gross Profit": 37,
        "Operating Income": 8,
        "EBIT": 8,
        "Net Income": 8
    },
    "2018-06-30": {
        "Diluted EPS": 0.8,
        "Total Revenue": 51,
        "Gross Profit": 41,
        "Operating Income": 10,
        "EBIT": 10,
        "Net Income": 9
    },
    "2018-03-31": {
        "Diluted EPS": 0.78,
        "Total Revenue": 52,
        "Gross Profit": 42,
        "Operating Income": 10,
        "EBIT": 10,
        "Net Income": 9
    },
    "2017-12-31": {
        "Diluted EPS": -0.4,
        "Total Revenue": 46,
        "Gross Profit": 37,
        "Operating Income": 9,
        "EBIT": 9,
        "Net Income": -4
    },
    "2017-09-30": {
        "Diluted EPS": 0.65,
        "Total Revenue": 40,
        "Gross Profit": 32,
        "Operating Income": 9,
        "EBIT": 9,
        "Net Income": 7
    },
    "2017-06-30": {
        "Diluted EPS": 0.91,
        "Total Revenue": 51,
        "Gross Profit": 42,
        "Operating Income": 13,
        "EBIT": 13,
        "Net Income": 10
    },
    "2017-03-31": {
        "Diluted EPS": 0.93,
        "Total Revenue": 60,
        "Gross Profit": 49,
        "Operating Income": 13,
        "EBIT": 13,
        "Net Income": 10
    },
    "2016-12-31": {
        "Diluted EPS": 1.69,
        "Total Revenue": 62,
        "Gross Profit": 50,
        "Operating Income": 20,
        "EBIT": 20,
        "Net Income": 19
    },
    "2016-09-30": {
        "Diluted EPS": 1.12,
        "Total Revenue": 71,
        "Gross Profit": 57,
        "Operating Income": 15,
        "EBIT": 15,
        "Net Income": 13
    },
    "2016-06-30": {
        "Diluted EPS": 1.07,
        "Total Revenue": 80,
        "Gross Profit": 65,
        "Operating Income": 15,
        "EBIT": 15,
        "Net Income": 12
    },
    "2016-03-31": {
        "Diluted EPS": 0.95,
        "Total Revenue": 74,
        "Gross Profit": 60,
        "Operating Income": 14,
        "EBIT": 14,
        "Net Income": 11
    },
    "2015-12-31": {
        "Diluted EPS": 1.12,
        "Total Revenue": 74,
        "Gross Profit": 59,
        "Operating Income": 14,
        "EBIT": 14,
        "Net Income": 14
    },
    "2015-09-30": {
        "Diluted EPS": 1.18,
        "Total Revenue": 81,
        "Gross Profit": 65,
        "Operating Income": 15,
        "EBIT": 15,
        "Net Income": 15
    },
    "2015-06-30": {
        "Diluted EPS": 0.98,
        "Total Revenue": 70,
        "Gross Profit": 56,
        "Operating Income": 12,
        "EBIT": 12,
        "Net Income": 12
    },
    "2015-03-31": {
        "Diluted EPS": 0.54,
        "Total Revenue": 41,
        "Gross Profit": 32,
        "Operating Income": 7,
        "EBIT": 7,
        "Net Income": 7
    },
    "2014-12-31": {
        "Diluted EPS": 0.44,
        "Total Revenue": 35,
        "Gross Profit": 28,
        "Operating Income": 6,
        "EBIT": 6,
        "Net Income": 6
    },
    "2014-09-30": {
        "Diluted EPS": 0.42,
        "Total Revenue": 32,
        "Gross Profit": 25,
        "Operating Income": 5,
        "EBIT": 5,
        "Net Income": 5
    },
    "2014-06-30": {
        "Diluted EPS": 0.49,
        "Total Revenue": 34,
        "Gross Profit": 27,
        "Operating Income": 6,
        "EBIT": 6,
        "Net Income": 6
    },
    "2014-03-31": {
        "Diluted EPS": 0.26,
        "Total Revenue": 23,
        "Gross Profit": 18,
        "Operating Income": 3,
        "EBIT": 3,
        "Net Income": 3
    },
    "2013-12-31": {
        "Diluted EPS": 0.13,
        "Total Revenue": 19,
        "Gross Profit": 15,
        "Operating Income": 2,
        "EBIT": 2,
        "Net Income": 2
    },
    "2013-09-30": {
        "Diluted EPS": 0.12,
        "Total Revenue": 14,
        "Gross Profit": 11,
        "Operating Income": 1,
        "EBIT": 1,
        "Net Income": 1
    },
    "2013-06-30": {
        "Diluted EPS": 0.08,
        "Total Revenue": 11,
        "Gross Profit": 8,
        "Operating Income": 1,
        "EBIT": 1,
        "Net Income": 1
    },
    "2013-03-31": {
        "Diluted EPS": 0.03,
        "Total Revenue": 9,
        "Gross Profit": 6,
        "Operating Income": 0,
        "EBIT": 0,
        "Net Income": 0
    },
    "2012-12-31": {
        "Diluted EPS": 0.04,
        "Total Revenue": 8,
        "Gross Profit": 6,
        "Operating Income": 0,
        "EBIT": 0,
        "Net Income": 1
    },
    "2012-09-30": {
        "Diluted EPS": 0.07,
        "Total Revenue": 9,
        "Gross Profit": 7,
        "Operating Income": 1,
        "EBIT": 1,
        "Net Income": 1
    },
    "2012-06-30": {
        "Diluted EPS": 0.08,
        "Total Revenue": 11,
        "Gross Profit": 8,
        "Operating Income": 1,
        "EBIT": 1,
        "Net Income": 1
    },
    "2012-03-31": {
        "Diluted EPS": 0.04,
        "Total Revenue": 9,
        "Gross Profit": 7,
        "Operating Income": 1,
        "EBIT": 1,
        "Net Income": 1
    },
    "2011-12-31": {
        "Diluted EPS": 0.04,
        "Total Revenue": 8,
        "Gross Profit": 6,
        "Operating Income": 0,
        "EBIT": 0,
        "Net Income": 0
    },
    "2011-09-30": {
        "Diluted EPS": 0.15,
        "Total Revenue": 11,
        "Gross Profit": 8,
        "Operating Income": 1,
        "EBIT": 1,
        "Net Income": 2
    },
    "2011-06-30": {
        "Diluted EPS": 0.06,
        "Total Revenue": 7,
        "Gross Profit": 5,
        "Operating Income": 1,
        "EBIT": 1,
        "Net Income": 1
    },
    "2011-03-31": {
        "Diluted EPS": -0.04,
        "Total Revenue": 5,
        "Gross Profit": 4,
        "Operating Income": 0,
        "EBIT": 0,
        "Net Income": 0
    },
    "2010-12-31": {
        "Diluted EPS": 0.0,
        "Total Revenue": NaN,
        "Gross Profit": NaN,
        "Operating Income": NaN,
        "EBIT": NaN,
        "Net Income": NaN
    },
    "2009-09-30": {
        "Diluted EPS": -0.28,
        "Total Revenue": 6,
        "Gross Profit": 4,
        "Operating Income": -2,
        "EBIT": -1,
        "Net Income": -3
    },
    "2009-06-30": {
        "Diluted EPS": -0.23,
        "Total Revenue": 8,
        "Gross Profit": 6,
        "Operating Income": -1,
        "EBIT": 0,
        "Net Income": -2
    },
    "2009-03-31": {
        "Diluted EPS": -0.18,
        "Total Revenue": 10,
        "Gross Profit": 7,
        "Operating Income": -1,
        "EBIT": 0,
        "Net Income": -2
    },
    "2023-09-30": {
        "Tax Effect Of Unusual Items": 0.0,
        "Tax Rate For Calcs": 0.165,
        "Normalized EBITDA": -253000.0,
        "Net Income From Continuing Operation Net Minority Interest": 172000.0,
        "Reconciled Depreciation": 39000.0,
        "Reconciled Cost Of Revenue": 2689000.0,
        "EBITDA": -253000.0,
        "EBIT": -292000.0,
        "Normalized Income": 172000.0,
        "Net Income From Continuing And Discontinued Operation": 172000.0,
        "Total Expenses": 10907000.0,
        "Total Operating Income As Reported": -292000.0,
        "Diluted NI Availto Com Stockholders": 172000.0,
        "Net Income Common Stockholders": 172000.0,
        "Net Income": 172000.0,
        "Net Income Including Noncontrolling Interests": 172000.0,
        "Net Income Continuous Operations": 172000.0,
        "Tax Provision": 121000.0,
        "Pretax Income": 293000.0,
        "Other Income Expense": 585000.0,
        "Other Non Operating Income Expenses": 585000.0,
        "Operating Income": -292000.0,
        "Operating Expense": 8218000.0,
        "Selling General And Administration": 8218000.0,
        "Selling And Marketing Expense": 4361000.0,
        "General And Administrative Expense": 3857000.0,
        "Other Gand A": 3857000.0,
        "Gross Profit": 7926000.0,
        "Cost Of Revenue": 2689000.0,
        "Total Revenue": 10615000.0,
        "Operating Revenue": 10676000.0
    }
}