{
    "2023-06-30": {
        "Tax Effect Of Unusual Items": -88932.235093,
        "Tax Rate For Calcs": 0.258524,
        "Total Unusual Items": -344000.0,
        "Total Unusual Items Excluding Goodwill": -344000.0,
        "Net Income From Continuing Operation Net Minority Interest": 22595000.0,
        "Reconciled Depreciation": 5077000.0,
        "Net Interest Income": 59039000.0,
        "Interest Expense": 33018000.0,
        "Interest Income": 92057000.0,
        "Normalized Income": 22850067.764907,
        "Net Income From Continuing And Discontinued Operation": 22595000.0,
        "Diluted Average Shares": 14959778.0,
        "Basic Average Shares": 14711490.0,
        "Diluted EPS": 1.51,
        "Basic EPS": 1.54,
        "Diluted NI Availto Com Stockholders": 22595000.0,
        "Net Income Common Stockholders": 22595000.0,
        "Net Income": 22595000.0,
        "Net Income Including Noncontrolling Interests": 22595000.0,
        "Net Income Continuous Operations": 22595000.0,
        "Tax Provision": 7878000.0,
        "Pretax Income": 30473000.0,
        "Special Income Charges": -26000.0,
        "Restructuring And Mergern Acquisition": 26000.0,
        "Gain On Sale Of Security": NaN,
        "Depreciation Amortization Depletion Income Statement": 2083000.0,
        "Depreciation And Amortization In Income Statement": 2083000.0,
        "Amortization": 2083000.0,
        "Amortization Of Intangibles Income Statement": 2083000.0,
        "Selling General And Administration": 26855000.0,
        "Selling And Marketing Expense": 1946000.0,
        "General And Administrative Expense": 24909000.0,
        "Insurance And Claims": 1009000.0,
        "Salaries And Wages": 23900000.0,
        "Total Revenue": 75880000.0,
        "Operating Revenue": 75880000.0
    },
    "2023-03-31": {
        "Tax Effect Of Unusual Items": -12361920.0,
        "Tax Rate For Calcs": 0.32,
        "Total Unusual Items": -38631000.0,
        "Total Unusual Items Excluding Goodwill": -38631000.0,
        "Net Income From Continuing Operation Net Minority Interest": -8898000.0,
        "Reconciled Depreciation": 4197000.0,
        "Net Interest Income": 56721000.0,
        "Interest Expense": 30655000.0,
        "Interest Income": 87376000.0,
        "Normalized Income": 17371080.0,
        "Net Income From Continuing And Discontinued Operation": -8898000.0,
        "Diluted Average Shares": 14694451.0,
        "Basic Average Shares": 14694451.0,
        "Diluted EPS": -0.61,
        "Basic EPS": -0.61,
        "Diluted NI Availto Com Stockholders": -8898000.0,
        "Net Income Common Stockholders": -8898000.0,
        "Net Income": -8898000.0,
        "Net Income Including Noncontrolling Interests": -8898000.0,
        "Net Income Continuous Operations": -8898000.0,
        "Tax Provision": -4190000.0,
        "Pretax Income": -13088000.0,
        "Special Income Charges": -163000.0,
        "Restructuring And Mergern Acquisition": 163000.0,
        "Gain On Sale Of Security": -2340000.0,
        "Depreciation Amortization Depletion Income Statement": 2161000.0,
        "Depreciation And Amortization In Income Statement": 2161000.0,
        "Amortization": 2161000.0,
        "Amortization Of Intangibles Income Statement": 2161000.0,
        "Selling General And Administration": 26989000.0,
        "Selling And Marketing Expense": 2121000.0,
        "General And Administrative Expense": 24868000.0,
        "Insurance And Claims": 540000.0,
        "Salaries And Wages": 24328000.0,
        "Total Revenue": 32537000.0,
        "Operating Revenue": 32537000.0
    },
    "2022-12-31": {
        "Tax Effect Of Unusual Items": -100358.931508,
        "Tax Rate For Calcs": 0.256018,
        "Total Unusual Items": -392000.0,
        "Total Unusual Items Excluding Goodwill": -392000.0,
        "Net Income From Continuing Operation Net Minority Interest": 27601000.0,
        "Reconciled Depreciation": 4936000.0,
        "Net Interest Income": 68092000.0,
        "Interest Expense": 17664000.0,
        "Interest Income": 85756000.0,
        "Normalized Income": 27892641.068492,
        "Net Income From Continuing And Discontinued Operation": 27601000.0,
        "Diluted Average Shares": 15110000.0,
        "Basic Average Shares": 14685000.0,
        "Diluted EPS": 1.83,
        "Basic EPS": 1.88,
        "Diluted NI Availto Com Stockholders": 27601000.0,
        "Net Income Common Stockholders": 27601000.0,
        "Net Income": 27601000.0,
        "Net Income Including Noncontrolling Interests": 27601000.0,
        "Net Income Continuous Operations": 27601000.0,
        "Tax Provision": 9498000.0,
        "Pretax Income": 37099000.0,
        "Special Income Charges": -728000.0,
        "Restructuring And Mergern Acquisition": 492000.0,
        "Gain On Sale Of Security": NaN,
        "Depreciation Amortization Depletion Income Statement": 2217000.0,
        "Depreciation And Amortization In Income Statement": 2217000.0,
        "Amortization": 2217000.0,
        "Amortization Of Intangibles Income Statement": 2217000.0,
        "Selling General And Administration": 15841000.0,
        "Selling And Marketing Expense": NaN,
        "General And Administrative Expense": 7369000.0,
        "Insurance And Claims": 480000.0,
        "Salaries And Wages": 23705000.0,
        "Total Revenue": 83174000.0,
        "Operating Revenue": 83174000.0
    },
    "2022-09-30": {
        "Tax Effect Of Unusual Items": -143679.5,
        "Tax Rate For Calcs": 0.2543,
        "Total Unusual Items": -565000.0,
        "Total Unusual Items Excluding Goodwill": -565000.0,
        "Net Income From Continuing Operation Net Minority Interest": 18510000.0,
        "Reconciled Depreciation": 1628000.0,
        "Net Interest Income": 62990000.0,
        "Interest Expense": 7728000.0,
        "Interest Income": 70718000.0,
        "Normalized Income": 18931320.5,
        "Net Income From Continuing And Discontinued Operation": 18510000.0,
        "Diluted Average Shares": 14310275.0,
        "Basic Average Shares": 13890066.0,
        "Diluted EPS": 1.29,
        "Basic EPS": 1.33,
        "Diluted NI Availto Com Stockholders": 18510000.0,
        "Net Income Common Stockholders": 18510000.0,
        "Net Income": 18510000.0,
        "Net Income Including Noncontrolling Interests": 18510000.0,
        "Net Income Continuous Operations": 18510000.0,
        "Tax Provision": 6313000.0,
        "Pretax Income": 24823000.0,
        "Special Income Charges": -519000.0,
        "Restructuring And Mergern Acquisition": 519000.0,
        "Depreciation Amortization Depletion Income Statement": 1628000.0,
        "Depreciation And Amortization In Income Statement": 1628000.0,
        "Amortization": 1628000.0,
        "Amortization Of Intangibles Income Statement": 1628000.0,
        "Selling General And Administration": 30561000.0,
        "Selling And Marketing Expense": NaN,
        "General And Administrative Expense": 30561000.0,
        "Other Gand A": 5945000.0,
        "Insurance And Claims": 480000.0,
        "Salaries And Wages": 24136000.0,
        "Total Revenue": 75990000.0,
        "Operating Revenue": 75990000.0
    },
    "2022-06-30": {
        "Tax Effect Of Unusual Items": 260742.4,
        "Tax Rate For Calcs": 0.2488,
        "Total Unusual Items": 1048000.0,
        "Total Unusual Items Excluding Goodwill": 1048000.0,
        "Net Income From Continuing Operation Net Minority Interest": 23985000.0,
        "Reconciled Depreciation": 1347000.0,
        "Net Interest Income": 55084000.0,
        "Interest Expense": 4442000.0,
        "Interest Income": 59526000.0,
        "Normalized Income": 23197742.4,
        "Net Income From Continuing And Discontinued Operation": 23985000.0,
        "Diluted Average Shares": 13852179.0,
        "Basic Average Shares": 13402455.0,
        "Diluted EPS": 1.73,
        "Basic EPS": 1.79,
        "Diluted NI Availto Com Stockholders": 23985000.0,
        "Net Income Common Stockholders": 23985000.0,
        "Net Income": 23985000.0,
        "Net Income Including Noncontrolling Interests": 23985000.0,
        "Net Income Continuous Operations": 23985000.0,
        "Tax Provision": 7942000.0,
        "Pretax Income": 31927000.0,
        "Special Income Charges": -555000.0,
        "Restructuring And Mergern Acquisition": 555000.0,
        "Depreciation Amortization Depletion Income Statement": 1347000.0,
        "Depreciation And Amortization In Income Statement": 1347000.0,
        "Amortization": 1347000.0,
        "Amortization Of Intangibles Income Statement": 1347000.0,
        "Selling General And Administration": 25814000.0,
        "Selling And Marketing Expense": NaN,
        "General And Administrative Expense": 25814000.0,
        "Other Gand A": 5653000.0,
        "Insurance And Claims": 480000.0,
        "Salaries And Wages": 19681000.0,
        "Total Revenue": 69215000.0,
        "Operating Revenue": 69215000.0
    },
    "2022-03-31": {
        "Diluted EPS": 1.7,
        "Total Revenue": 74,
        "Gross Profit": 70,
        "Operating Income": 32,
        "EBIT": NaN,
        "Net Income": 24
    },
    "2021-12-31": {
        "Diluted EPS": 1.19,
        "Total Revenue": 74,
        "Gross Profit": 70,
        "Operating Income": 24,
        "EBIT": NaN,
        "Net Income": 16
    },
    "2021-09-30": {
        "Diluted EPS": 0.73,
        "Total Revenue": 53,
        "Gross Profit": 49,
        "Operating Income": 13,
        "EBIT": NaN,
        "Net Income": 8
    },
    "2021-06-30": {
        "Diluted EPS": 1.77,
        "Total Revenue": 58,
        "Gross Profit": 56,
        "Operating Income": 26,
        "EBIT": NaN,
        "Net Income": 18
    },
    "2021-03-31": {
        "Diluted EPS": 1.75,
        "Total Revenue": 54,
        "Gross Profit": 51,
        "Operating Income": 24,
        "EBIT": NaN,
        "Net Income": 18
    },
    "2020-12-31": {
        "Diluted EPS": 1.72,
        "Total Revenue": 55,
        "Gross Profit": 51,
        "Operating Income": 25,
        "EBIT": NaN,
        "Net Income": 18
    },
    "2020-09-30": {
        "Diluted EPS": 1.72,
        "Total Revenue": 56,
        "Gross Profit": 51,
        "Operating Income": 25,
        "EBIT": NaN,
        "Net Income": 18
    },
    "2020-06-30": {
        "Diluted EPS": 1.28,
        "Total Revenue": 54,
        "Gross Profit": 49,
        "Operating Income": 18,
        "EBIT": NaN,
        "Net Income": 13
    },
    "2020-03-31": {
        "Diluted EPS": 0.98,
        "Total Revenue": 47,
        "Gross Profit": 41,
        "Operating Income": 14,
        "EBIT": NaN,
        "Net Income": 11
    },
    "2019-12-31": {
        "Diluted EPS": 1.16,
        "Total Revenue": 50,
        "Gross Profit": 44,
        "Operating Income": 19,
        "EBIT": NaN,
        "Net Income": 12
    },
    "2019-09-30": {
        "Diluted EPS": 1.4,
        "Total Revenue": 47,
        "Gross Profit": 42,
        "Operating Income": 18,
        "EBIT": NaN,
        "Net Income": 14
    },
    "2019-06-30": {
        "Diluted EPS": 1.91,
        "Total Revenue": 53,
        "Gross Profit": 48,
        "Operating Income": 21,
        "EBIT": NaN,
        "Net Income": 19
    },
    "2019-03-31": {
        "Diluted EPS": 1.05,
        "Total Revenue": 42,
        "Gross Profit": 37,
        "Operating Income": 14,
        "EBIT": NaN,
        "Net Income": 10
    },
    "2018-12-31": {
        "Diluted EPS": 1.11,
        "Total Revenue": 42,
        "Gross Profit": 37,
        "Operating Income": 15,
        "EBIT": NaN,
        "Net Income": 11
    },
    "2018-09-30": {
        "Diluted EPS": 1.09,
        "Total Revenue": 43,
        "Gross Profit": 38,
        "Operating Income": 14,
        "EBIT": NaN,
        "Net Income": 11
    },
    "2018-06-30": {
        "Diluted EPS": 0.98,
        "Total Revenue": 41,
        "Gross Profit": 36,
        "Operating Income": 13,
        "EBIT": NaN,
        "Net Income": 10
    },
    "2018-03-31": {
        "Diluted EPS": 0.94,
        "Total Revenue": 40,
        "Gross Profit": 36,
        "Operating Income": 13,
        "EBIT": NaN,
        "Net Income": 10
    },
    "2017-12-31": {
        "Diluted EPS": 0.9,
        "Total Revenue": 38,
        "Gross Profit": 35,
        "Operating Income": 12,
        "EBIT": NaN,
        "Net Income": 9
    },
    "2017-09-30": {
        "Diluted EPS": 0.91,
        "Total Revenue": 40,
        "Gross Profit": 37,
        "Operating Income": 15,
        "EBIT": NaN,
        "Net Income": 10
    },
    "2017-06-30": {
        "Diluted EPS": 0.83,
        "Total Revenue": 36,
        "Gross Profit": 34,
        "Operating Income": 13,
        "EBIT": NaN,
        "Net Income": 8
    },
    "2017-03-31": {
        "Diluted EPS": 0.69,
        "Total Revenue": 30,
        "Gross Profit": 28,
        "Operating Income": 9,
        "EBIT": NaN,
        "Net Income": 6
    },
    "2016-12-31": {
        "Diluted EPS": 0.72,
        "Total Revenue": 30,
        "Gross Profit": 28,
        "Operating Income": 8,
        "EBIT": NaN,
        "Net Income": 6
    },
    "2016-09-30": {
        "Diluted EPS": 0.69,
        "Total Revenue": 31,
        "Gross Profit": 29,
        "Operating Income": 10,
        "EBIT": NaN,
        "Net Income": 6
    },
    "2016-06-30": {
        "Diluted EPS": 0.39,
        "Total Revenue": 25,
        "Gross Profit": 23,
        "Operating Income": 5,
        "EBIT": NaN,
        "Net Income": 3
    },
    "2016-03-31": {
        "Diluted EPS": 0.57,
        "Total Revenue": 16,
        "Gross Profit": 15,
        "Operating Income": 4,
        "EBIT": NaN,
        "Net Income": 3
    },
    "2015-12-31": {
        "Diluted EPS": 0.63,
        "Total Revenue": 17,
        "Gross Profit": 15,
        "Operating Income": 4,
        "EBIT": NaN,
        "Net Income": 3
    },
    "2015-09-30": {
        "Diluted EPS": 0.58,
        "Total Revenue": 16,
        "Gross Profit": 14,
        "Operating Income": 4,
        "EBIT": NaN,
        "Net Income": 3
    },
    "2015-06-30": {
        "Diluted EPS": 0.66,
        "Total Revenue": 16,
        "Gross Profit": 15,
        "Operating Income": 4,
        "EBIT": NaN,
        "Net Income": 3
    },
    "2015-03-31": {
        "Diluted EPS": 0.7,
        "Total Revenue": 17,
        "Gross Profit": 15,
        "Operating Income": 5,
        "EBIT": NaN,
        "Net Income": 3
    },
    "2014-12-31": {
        "Diluted EPS": 0.54,
        "Total Revenue": 16,
        "Gross Profit": 14,
        "Operating Income": 4,
        "EBIT": NaN,
        "Net Income": 2
    },
    "2014-09-30": {
        "Diluted EPS": 0.63,
        "Total Revenue": 16,
        "Gross Profit": 15,
        "Operating Income": 4,
        "EBIT": NaN,
        "Net Income": 3
    },
    "2014-06-30": {
        "Diluted EPS": 0.58,
        "Total Revenue": 15,
        "Gross Profit": 13,
        "Operating Income": 3,
        "EBIT": NaN,
        "Net Income": 2
    },
    "2014-03-31": {
        "Diluted EPS": 0.5,
        "Total Revenue": 15,
        "Gross Profit": 14,
        "Operating Income": 3,
        "EBIT": NaN,
        "Net Income": 2
    },
    "2013-12-31": {
        "Diluted EPS": 0.27,
        "Total Revenue": 16,
        "Gross Profit": 14,
        "Operating Income": 1,
        "EBIT": NaN,
        "Net Income": 1
    },
    "2013-09-30": {
        "Diluted EPS": 0.62,
        "Total Revenue": 19,
        "Gross Profit": 18,
        "Operating Income": 5,
        "EBIT": NaN,
        "Net Income": 3
    },
    "2013-06-30": {
        "Diluted EPS": 2.78,
        "Total Revenue": 24,
        "Gross Profit": 23,
        "Operating Income": 12,
        "EBIT": NaN,
        "Net Income": 11
    },
    "2013-03-31": {
        "Diluted EPS": 0.13,
        "Total Revenue": 10,
        "Gross Profit": 9,
        "Operating Income": 1,
        "EBIT": NaN,
        "Net Income": 0
    },
    "2012-12-31": {
        "Diluted EPS": 0.19,
        "Total Revenue": 11,
        "Gross Profit": 9,
        "Operating Income": -1,
        "EBIT": NaN,
        "Net Income": 1
    },
    "2012-09-30": {
        "Diluted EPS": 0.19,
        "Total Revenue": 10,
        "Gross Profit": 8,
        "Operating Income": 1,
        "EBIT": NaN,
        "Net Income": 1
    },
    "2012-06-30": {
        "Diluted EPS": 0.09,
        "Total Revenue": 10,
        "Gross Profit": 8,
        "Operating Income": 1,
        "EBIT": NaN,
        "Net Income": 0
    },
    "2012-03-31": {
        "Diluted EPS": 0.06,
        "Total Revenue": 10,
        "Gross Profit": 8,
        "Operating Income": 1,
        "EBIT": NaN,
        "Net Income": 0
    },
    "2023-09-30": {
        "Tax Effect Of Unusual Items": 6510.0,
        "Tax Rate For Calcs": 0.21,
        "Total Unusual Items": 31000.0,
        "Total Unusual Items Excluding Goodwill": 31000.0,
        "Net Income From Continuing Operation Net Minority Interest": 17158000.0,
        "Reconciled Depreciation": 3889000.0,
        "Net Interest Income": 61474000.0,
        "Interest Expense": 38410000.0,
        "Interest Income": 99884000.0,
        "Normalized Income": 17133510.0,
        "Net Income From Continuing And Discontinued Operation": 17158000.0,
        "Diluted Average Shares": 15099622.0,
        "Basic Average Shares": 14740319.0,
        "Diluted EPS": 1.14,
        "Basic EPS": 1.16,
        "Diluted NI Availto Com Stockholders": 17158000.0,
        "Net Income Common Stockholders": 17158000.0,
        "Net Income": 17158000.0,
        "Net Income Including Noncontrolling Interests": 17158000.0,
        "Net Income Continuous Operations": 17158000.0,
        "Tax Provision": 14669000.0,
        "Pretax Income": 31827000.0,
        "Special Income Charges": 0.0,
        "Restructuring And Mergern Acquisition": 0.0,
        "Gain On Sale Of Security": 0.0,
        "Depreciation Amortization Depletion Income Statement": 1986000.0,
        "Depreciation And Amortization In Income Statement": 1986000.0,
        "Amortization": 1986000.0,
        "Amortization Of Intangibles Income Statement": 1986000.0,
        "Selling General And Administration": 27313000.0,
        "Selling And Marketing Expense": 1869000.0,
        "General And Administrative Expense": 25444000.0,
        "Insurance And Claims": 1500000.0,
        "Salaries And Wages": 23944000.0,
        "Total Revenue": 78015000.0,
        "Operating Revenue": 78015000.0
    },
    "2023-12-31": {
        "Tax Effect Of Unusual Items": 7011333.591662,
        "Tax Rate For Calcs": 0.180625,
        "Total Unusual Items": 38817000.0,
        "Total Unusual Items Excluding Goodwill": 38817000.0,
        "Net Income From Continuing Operation Net Minority Interest": 30661000.0,
        "Reconciled Depreciation": 5240000.0,
        "Net Interest Income": 64282000.0,
        "Interest Expense": 39263000.0,
        "Interest Income": 103545000.0,
        "Normalized Income": -1144666.408338,
        "Net Income From Continuing And Discontinued Operation": 30661000.0,
        "Diluted Average Shares": 15142000.0,
        "Basic Average Shares": 14823000.0,
        "Diluted EPS": 2.02,
        "Basic EPS": 2.07,
        "Diluted NI Availto Com Stockholders": 30661000.0,
        "Net Income Common Stockholders": 30661000.0,
        "Net Income": 30661000.0,
        "Net Income Including Noncontrolling Interests": 30661000.0,
        "Net Income Continuous Operations": 30661000.0,
        "Tax Provision": 6759000.0,
        "Pretax Income": 37420000.0,
        "Special Income Charges": -359000.0,
        "Restructuring And Mergern Acquisition": 0.0,
        "Gain On Sale Of Security": -30530000.0,
        "Depreciation Amortization Depletion Income Statement": 1842000.0,
        "Depreciation And Amortization In Income Statement": 1842000.0,
        "Amortization": 1842000.0,
        "Amortization Of Intangibles Income Statement": 1842000.0,
        "Selling General And Administration": 29741000.0,
        "Selling And Marketing Expense": 1854000.0,
        "General And Administrative Expense": 27887000.0,
        "Insurance And Claims": 950000.0,
        "Salaries And Wages": 26937000.0,
        "Total Revenue": 91415000.0,
        "Operating Revenue": 91415000.0
    },
    "2024-03-31": {
        "Tax Effect Of Unusual Items": 364619.0,
        "Tax Rate For Calcs": 0.191,
        "Total Unusual Items": 1909000.0,
        "Total Unusual Items Excluding Goodwill": 1909000.0,
        "Net Income From Continuing Operation Net Minority Interest": 27790000.0,
        "Reconciled Depreciation": 4797000.0,
        "Net Interest Income": 62807000.0,
        "Interest Expense": 41224000.0,
        "Interest Income": 104031000.0,
        "Normalized Income": 26245619.0,
        "Net Income From Continuing And Discontinued Operation": 27790000.0,
        "Diluted Average Shares": 15249179.0,
        "Basic Average Shares": 14907124.0,
        "Diluted EPS": 1.82,
        "Basic EPS": 1.86,
        "Diluted NI Availto Com Stockholders": 27790000.0,
        "Net Income Common Stockholders": 27790000.0,
        "Net Income": 27790000.0,
        "Net Income Including Noncontrolling Interests": 27790000.0,
        "Net Income Continuous Operations": 27790000.0,
        "Tax Provision": 6542000.0,
        "Pretax Income": 34332000.0,
        "Special Income Charges": 0.0,
        "Restructuring And Mergern Acquisition": 0.0,
        "Gain On Sale Of Security": 0.0,
        "Depreciation Amortization Depletion Income Statement": 1833000.0,
        "Depreciation And Amortization In Income Statement": 1833000.0,
        "Amortization": 1833000.0,
        "Amortization Of Intangibles Income Statement": 1833000.0,
        "Selling General And Administration": 29685000.0,
        "Selling And Marketing Expense": 2142000.0,
        "General And Administrative Expense": 27543000.0,
        "Insurance And Claims": 1033000.0,
        "Salaries And Wages": 26510000.0,
        "Total Revenue": 82229000.0,
        "Operating Revenue": 82229000.0
    }
}