{
    "2023-03-31": {
        "Tax Effect Of Unusual Items": 0.0,
        "Tax Rate For Calcs": 0.247349,
        "Normalized EBITDA": 135353000.0,
        "Net Income From Continuing Operation Net Minority Interest": 76942000.0,
        "Reconciled Depreciation": 41846000.0,
        "Reconciled Cost Of Revenue": 186596000.0,
        "EBITDA": 135353000.0,
        "EBIT": 93507000.0,
        "Net Interest Income": -8721000.0,
        "Interest Income": NaN,
        "Normalized Income": 76942000.0,
        "Net Income From Continuing And Discontinued Operation": 76942000.0,
        "Total Expenses": 478353000.0,
        "Total Operating Income As Reported": 93507000.0,
        "Diluted Average Shares": 66662000.0,
        "Basic Average Shares": 63941000.0,
        "Diluted EPS": 1.15,
        "Basic EPS": 1.2,
        "Diluted NI Availto Com Stockholders": 76942000.0,
        "Net Income Common Stockholders": 76942000.0,
        "Net Income": 76942000.0,
        "Net Income Including Noncontrolling Interests": 76942000.0,
        "Net Income Continuous Operations": 76942000.0,
        "Tax Provision": 25286000.0,
        "Pretax Income": 102228000.0,
        "Net Non Operating Interest Income Expense": -8721000.0,
        "Total Other Finance Cost": 8721000.0,
        "Interest Income Non Operating": NaN,
        "Operating Income": 93507000.0,
        "Operating Expense": 291757000.0,
        "Research And Development": 78102000.0,
        "Selling General And Administration": 213655000.0,
        "Selling And Marketing Expense": 148479000.0,
        "General And Administrative Expense": 65176000.0,
        "Other Gand A": 65176000.0,
        "Gross Profit": 385264000.0,
        "Cost Of Revenue": 186596000.0,
        "Total Revenue": 571860000.0,
        "Operating Revenue": 571860000.0
    },
    "2022-12-31": {
        "Tax Effect Of Unusual Items": 0.0,
        "Tax Rate For Calcs": 0.265753,
        "Normalized EBITDA": 135293000.0,
        "Net Income From Continuing Operation Net Minority Interest": 71186000.0,
        "Reconciled Depreciation": 47469000.0,
        "Reconciled Cost Of Revenue": 180980000.0,
        "EBITDA": 135293000.0,
        "EBIT": 87824000.0,
        "Net Interest Income": 9127000.0,
        "Interest Income": NaN,
        "Normalized Income": 71186000.0,
        "Net Income From Continuing And Discontinued Operation": 71186000.0,
        "Total Expenses": 480736000.0,
        "Total Operating Income As Reported": -87824000.0,
        "Diluted Average Shares": 66285000.0,
        "Basic Average Shares": 63961000.0,
        "Diluted EPS": 1.07,
        "Basic EPS": 1.11,
        "Diluted NI Availto Com Stockholders": 71186000.0,
        "Net Income Common Stockholders": 71186000.0,
        "Net Income": 71186000.0,
        "Net Income Including Noncontrolling Interests": 71186000.0,
        "Net Income Continuous Operations": 71186000.0,
        "Tax Provision": 25765000.0,
        "Pretax Income": 96951000.0,
        "Net Non Operating Interest Income Expense": 9127000.0,
        "Total Other Finance Cost": -9127000.0,
        "Interest Income Non Operating": NaN,
        "Operating Income": 87824000.0,
        "Operating Expense": 299756000.0,
        "Research And Development": 81964000.0,
        "Selling General And Administration": 217792000.0,
        "Selling And Marketing Expense": 148198000.0,
        "General And Administrative Expense": 69594000.0,
        "Other Gand A": 69594000.0,
        "Gross Profit": 387580000.0,
        "Cost Of Revenue": 180980000.0,
        "Total Revenue": 568560000.0,
        "Operating Revenue": 568560000.0
    },
    "2022-09-30": {
        "Tax Effect Of Unusual Items": 0.0,
        "Tax Rate For Calcs": 0.216138,
        "Normalized EBITDA": 132889000.0,
        "Net Income From Continuing Operation Net Minority Interest": 71246000.0,
        "Reconciled Depreciation": 42594000.0,
        "Reconciled Cost Of Revenue": 170782000.0,
        "EBITDA": 132889000.0,
        "EBIT": 90295000.0,
        "Net Interest Income": 596000.0,
        "Interest Income": NaN,
        "Normalized Income": 71246000.0,
        "Net Income From Continuing And Discontinued Operation": 71246000.0,
        "Total Expenses": 464429000.0,
        "Total Operating Income As Reported": 90295000.0,
        "Diluted Average Shares": 66446000.0,
        "Basic Average Shares": 63739000.0,
        "Diluted EPS": 1.07,
        "Basic EPS": 1.12,
        "Diluted NI Availto Com Stockholders": 71246000.0,
        "Net Income Common Stockholders": 71246000.0,
        "Net Income": 71246000.0,
        "Net Income Including Noncontrolling Interests": 71246000.0,
        "Net Income Continuous Operations": 71246000.0,
        "Tax Provision": 19645000.0,
        "Pretax Income": 90891000.0,
        "Net Non Operating Interest Income Expense": 596000.0,
        "Total Other Finance Cost": -596000.0,
        "Interest Income Non Operating": NaN,
        "Operating Income": 90295000.0,
        "Operating Expense": 293647000.0,
        "Research And Development": 74048000.0,
        "Selling General And Administration": 219599000.0,
        "Selling And Marketing Expense": 158608000.0,
        "General And Administrative Expense": 60991000.0,
        "Other Gand A": 60991000.0,
        "Gross Profit": 383942000.0,
        "Cost Of Revenue": 170782000.0,
        "Total Revenue": 554724000.0,
        "Operating Revenue": 554724000.0
    },
    "2022-06-30": {
        "Tax Effect Of Unusual Items": 0.0,
        "Tax Rate For Calcs": 0.225284,
        "Normalized EBITDA": 126892000.0,
        "Net Income From Continuing Operation Net Minority Interest": 65572000.0,
        "Reconciled Depreciation": 42202000.0,
        "Reconciled Cost Of Revenue": 164924000.0,
        "EBITDA": 126892000.0,
        "EBIT": 84690000.0,
        "Net Interest Income": -50000.0,
        "Normalized Income": 65572000.0,
        "Net Income From Continuing And Discontinued Operation": 65572000.0,
        "Total Expenses": 445891000.0,
        "Total Operating Income As Reported": 84690000.0,
        "Diluted Average Shares": 66274000.0,
        "Basic Average Shares": 63806000.0,
        "Diluted EPS": 0.99,
        "Basic EPS": 1.03,
        "Diluted NI Availto Com Stockholders": 65572000.0,
        "Net Income Common Stockholders": 65572000.0,
        "Net Income": 65572000.0,
        "Net Income Including Noncontrolling Interests": 65572000.0,
        "Net Income Continuous Operations": 65572000.0,
        "Tax Provision": 19068000.0,
        "Pretax Income": 84640000.0,
        "Net Non Operating Interest Income Expense": -50000.0,
        "Total Other Finance Cost": 50000.0,
        "Operating Income": 84690000.0,
        "Operating Expense": 280967000.0,
        "Research And Development": 73482000.0,
        "Selling General And Administration": 207485000.0,
        "Selling And Marketing Expense": 150410000.0,
        "General And Administrative Expense": 57075000.0,
        "Other Gand A": 57075000.0,
        "Gross Profit": 365657000.0,
        "Cost Of Revenue": 164924000.0,
        "Total Revenue": 530581000.0,
        "Operating Revenue": 530581000.0
    },
    "2022-03-31": {
        "Diluted EPS": 0.87,
        "Total Revenue": 527,
        "Gross Profit": 360,
        "Operating Income": 72,
        "EBIT": 122,
        "Net Income": 58
    },
    "2021-12-31": {
        "Diluted EPS": 0.77,
        "Total Revenue": 515,
        "Gross Profit": 350,
        "Operating Income": 65,
        "EBIT": 117,
        "Net Income": 51
    },
    "2021-09-30": {
        "Diluted EPS": 0.75,
        "Total Revenue": 494,
        "Gross Profit": 333,
        "Operating Income": 68,
        "EBIT": 121,
        "Net Income": 51
    },
    "2021-06-30": {
        "Diluted EPS": 0.68,
        "Total Revenue": 457,
        "Gross Profit": 306,
        "Operating Income": 65,
        "EBIT": 116,
        "Net Income": 45
    },
    "2021-03-31": {
        "Diluted EPS": 0.78,
        "Total Revenue": 455,
        "Gross Profit": 307,
        "Operating Income": 66,
        "EBIT": 119,
        "Net Income": 52
    },
    "2020-12-31": {
        "Diluted EPS": 0.83,
        "Total Revenue": 435,
        "Gross Profit": 289,
        "Operating Income": 65,
        "EBIT": 118,
        "Net Income": 55
    },
    "2020-09-30": {
        "Diluted EPS": 0.76,
        "Total Revenue": 410,
        "Gross Profit": 270,
        "Operating Income": 62,
        "EBIT": 113,
        "Net Income": 51
    },
    "2020-06-30": {
        "Diluted EPS": 0.68,
        "Total Revenue": 393,
        "Gross Profit": 257,
        "Operating Income": 56,
        "EBIT": 101,
        "Net Income": 45
    },
    "2020-03-31": {
        "Diluted EPS": 0.71,
        "Total Revenue": 410,
        "Gross Profit": 270,
        "Operating Income": 59,
        "EBIT": 106,
        "Net Income": 46
    },
    "2019-12-31": {
        "Diluted EPS": 0.96,
        "Total Revenue": 430,
        "Gross Profit": 293,
        "Operating Income": 78,
        "EBIT": 125,
        "Net Income": 62
    },
    "2019-09-30": {
        "Diluted EPS": 0.69,
        "Total Revenue": 386,
        "Gross Profit": 254,
        "Operating Income": 56,
        "EBIT": 102,
        "Net Income": 45
    },
    "2019-06-30": {
        "Diluted EPS": 0.65,
        "Total Revenue": 380,
        "Gross Profit": 250,
        "Operating Income": 53,
        "EBIT": 98,
        "Net Income": 42
    },
    "2019-03-31": {
        "Diluted EPS": 0.58,
        "Total Revenue": 377,
        "Gross Profit": 246,
        "Operating Income": 52,
        "EBIT": 96,
        "Net Income": 37
    },
    "2018-12-31": {
        "Diluted EPS": 0.99,
        "Total Revenue": 411,
        "Gross Profit": 275,
        "Operating Income": 70,
        "EBIT": 115,
        "Net Income": 62
    },
    "2018-09-30": {
        "Diluted EPS": 0.62,
        "Total Revenue": 356,
        "Gross Profit": 233,
        "Operating Income": 47,
        "EBIT": 88,
        "Net Income": 39
    },
    "2018-06-30": {
        "Diluted EPS": 0.54,
        "Total Revenue": 342,
        "Gross Profit": 223,
        "Operating Income": 46,
        "EBIT": 85,
        "Net Income": 34
    },
    "2018-03-31": {
        "Diluted EPS": 0.37,
        "Total Revenue": 335,
        "Gross Profit": 217,
        "Operating Income": 34,
        "EBIT": 74,
        "Net Income": 24
    },
    "2017-12-31": {
        "Diluted EPS": 1.28,
        "Total Revenue": 392,
        "Gross Profit": 268,
        "Operating Income": 63,
        "EBIT": 107,
        "Net Income": 79
    },
    "2017-09-30": {
        "Diluted EPS": 0.42,
        "Total Revenue": 323,
        "Gross Profit": 207,
        "Operating Income": 33,
        "EBIT": 75,
        "Net Income": 26
    },
    "2017-06-30": {
        "Diluted EPS": 0.33,
        "Total Revenue": 312,
        "Gross Profit": 198,
        "Operating Income": 26,
        "EBIT": 65,
        "Net Income": 20
    },
    "2017-03-31": {
        "Diluted EPS": 0.28,
        "Total Revenue": 306,
        "Gross Profit": 190,
        "Operating Income": 28,
        "EBIT": 74,
        "Net Income": 17
    },
    "2016-12-31": {
        "Diluted EPS": 0.42,
        "Total Revenue": 324,
        "Gross Profit": 221,
        "Operating Income": 37,
        "EBIT": 65,
        "Net Income": 26
    },
    "2016-09-30": {
        "Diluted EPS": 0.5,
        "Total Revenue": 237,
        "Gross Profit": 159,
        "Operating Income": 36,
        "EBIT": 54,
        "Net Income": 30
    },
    "2016-06-30": {
        "Diluted EPS": 0.42,
        "Total Revenue": 229,
        "Gross Profit": 146,
        "Operating Income": 24,
        "EBIT": 45,
        "Net Income": 25
    },
    "2016-03-31": {
        "Diluted EPS": 0.58,
        "Total Revenue": 226,
        "Gross Profit": 151,
        "Operating Income": 37,
        "EBIT": 51,
        "Net Income": 35
    },
    "2015-12-31": {
        "Diluted EPS": 0.93,
        "Total Revenue": 274,
        "Gross Profit": 192,
        "Operating Income": 64,
        "EBIT": 78,
        "Net Income": 57
    },
    "2015-09-30": {
        "Diluted EPS": 2.33,
        "Total Revenue": 221,
        "Gross Profit": 147,
        "Operating Income": 38,
        "EBIT": 53,
        "Net Income": 143
    },
    "2015-06-30": {
        "Diluted EPS": 0.48,
        "Total Revenue": 216,
        "Gross Profit": 142,
        "Operating Income": 31,
        "EBIT": 47,
        "Net Income": 29
    },
    "2015-03-31": {
        "Diluted EPS": 0.48,
        "Total Revenue": 217,
        "Gross Profit": 143,
        "Operating Income": 33,
        "EBIT": 49,
        "Net Income": 29
    },
    "2014-12-31": {
        "Diluted EPS": 0.83,
        "Total Revenue": 294,
        "Gross Profit": 250,
        "Operating Income": 134,
        "EBIT": 151,
        "Net Income": 50
    },
    "2014-09-30": {
        "Diluted EPS": 0.44,
        "Total Revenue": 207,
        "Gross Profit": 131,
        "Operating Income": 17,
        "EBIT": 36,
        "Net Income": 27
    },
    "2014-06-30": {
        "Diluted EPS": 0.17,
        "Total Revenue": 239,
        "Gross Profit": 145,
        "Operating Income": 15,
        "EBIT": 35,
        "Net Income": 10
    },
    "2014-03-31": {
        "Diluted EPS": 0.26,
        "Total Revenue": 229,
        "Gross Profit": 139,
        "Operating Income": 17,
        "EBIT": 38,
        "Net Income": 16
    },
    "2013-12-31": {
        "Diluted EPS": 0.39,
        "Total Revenue": 270,
        "Gross Profit": 233,
        "Operating Income": 128,
        "EBIT": 150,
        "Net Income": 24
    },
    "2013-09-30": {
        "Diluted EPS": -0.06,
        "Total Revenue": 230,
        "Gross Profit": 139,
        "Operating Income": 16,
        "EBIT": 39,
        "Net Income": -4
    },
    "2013-06-30": {
        "Diluted EPS": 0.27,
        "Total Revenue": 225,
        "Gross Profit": 139,
        "Operating Income": 19,
        "EBIT": 43,
        "Net Income": 17
    },
    "2013-03-31": {
        "Diluted EPS": 0.29,
        "Total Revenue": 224,
        "Gross Profit": 138,
        "Operating Income": 19,
        "EBIT": 42,
        "Net Income": 18
    },
    "2012-12-31": {
        "Diluted EPS": 0.52,
        "Total Revenue": 238,
        "Gross Profit": 149,
        "Operating Income": 19,
        "EBIT": 42,
        "Net Income": 32
    },
    "2012-09-30": {
        "Diluted EPS": 0.27,
        "Total Revenue": 219,
        "Gross Profit": 131,
        "Operating Income": 13,
        "EBIT": 38,
        "Net Income": 17
    },
    "2012-06-30": {
        "Diluted EPS": 0.18,
        "Total Revenue": 212,
        "Gross Profit": 126,
        "Operating Income": 9,
        "EBIT": 34,
        "Net Income": 11
    },
    "2012-03-31": {
        "Diluted EPS": 0.12,
        "Total Revenue": 210,
        "Gross Profit": 123,
        "Operating Income": 5,
        "EBIT": 27,
        "Net Income": 8
    },
    "2011-12-31": {
        "Diluted EPS": 0.24,
        "Total Revenue": 214,
        "Gross Profit": 132,
        "Operating Income": 15,
        "EBIT": 33,
        "Net Income": 15
    },
    "2011-09-30": {
        "Diluted EPS": 0.29,
        "Total Revenue": 199,
        "Gross Profit": 122,
        "Operating Income": 20,
        "EBIT": 37,
        "Net Income": 18
    },
    "2011-06-30": {
        "Diluted EPS": 0.24,
        "Total Revenue": 195,
        "Gross Profit": 119,
        "Operating Income": 15,
        "EBIT": 32,
        "Net Income": 16
    },
    "2011-03-31": {
        "Diluted EPS": 0.13,
        "Total Revenue": 185,
        "Gross Profit": 114,
        "Operating Income": 8,
        "EBIT": 24,
        "Net Income": 8
    },
    "2010-12-31": {
        "Diluted EPS": 0.27,
        "Total Revenue": 186,
        "Gross Profit": 116,
        "Operating Income": 17,
        "EBIT": 32,
        "Net Income": 17
    },
    "2010-09-30": {
        "Diluted EPS": 0.2,
        "Total Revenue": 175,
        "Gross Profit": 108,
        "Operating Income": 13,
        "EBIT": 27,
        "Net Income": 13
    },
    "2010-06-30": {
        "Diluted EPS": 0.2,
        "Total Revenue": 169,
        "Gross Profit": 101,
        "Operating Income": 13,
        "EBIT": 27,
        "Net Income": 13
    },
    "2010-03-31": {
        "Diluted EPS": 0.09,
        "Total Revenue": 160,
        "Gross Profit": 95,
        "Operating Income": 6,
        "EBIT": 20,
        "Net Income": 6
    },
    "2009-12-31": {
        "Diluted EPS": 0.2,
        "Total Revenue": 159,
        "Gross Profit": 94,
        "Operating Income": 11,
        "EBIT": 25,
        "Net Income": 13
    },
    "2009-09-30": {
        "Diluted EPS": 0.12,
        "Total Revenue": 145,
        "Gross Profit": 85,
        "Operating Income": 5,
        "EBIT": 18,
        "Net Income": 8
    },
    "2009-06-30": {
        "Diluted EPS": 0.19,
        "Total Revenue": 140,
        "Gross Profit": 84,
        "Operating Income": 12,
        "EBIT": 23,
        "Net Income": 12
    },
    "2009-03-31": {
        "Diluted EPS": 0.17,
        "Total Revenue": 139,
        "Gross Profit": 83,
        "Operating Income": 10,
        "EBIT": 21,
        "Net Income": 11
    },
    "2023-06-30": {
        "Tax Effect Of Unusual Items": 0.0,
        "Tax Rate For Calcs": 0.238929,
        "Normalized EBITDA": 147462000.0,
        "Net Income From Continuing Operation Net Minority Interest": 87355000.0,
        "Reconciled Depreciation": 42033000.0,
        "Reconciled Cost Of Revenue": 189713000.0,
        "EBITDA": 147462000.0,
        "EBIT": 105429000.0,
        "Net Interest Income": 9350000.0,
        "Interest Income": NaN,
        "Normalized Income": 87355000.0,
        "Net Income From Continuing And Discontinued Operation": 87355000.0,
        "Total Expenses": 475684000.0,
        "Total Operating Income As Reported": 105429000.0,
        "Diluted Average Shares": 66435000.0,
        "Basic Average Shares": 63723000.0,
        "Diluted EPS": 1.31,
        "Basic EPS": 1.37,
        "Diluted NI Availto Com Stockholders": 87355000.0,
        "Net Income Common Stockholders": 87355000.0,
        "Net Income": 87355000.0,
        "Net Income Including Noncontrolling Interests": 87355000.0,
        "Net Income Continuous Operations": 87355000.0,
        "Tax Provision": 27424000.0,
        "Pretax Income": 114779000.0,
        "Net Non Operating Interest Income Expense": 9350000.0,
        "Total Other Finance Cost": -9350000.0,
        "Interest Income Non Operating": NaN,
        "Operating Income": 105429000.0,
        "Operating Expense": 285971000.0,
        "Research And Development": 78640000.0,
        "Selling General And Administration": 207331000.0,
        "Selling And Marketing Expense": 151964000.0,
        "General And Administrative Expense": 55367000.0,
        "Other Gand A": 55367000.0,
        "Gross Profit": 391400000.0,
        "Cost Of Revenue": 189713000.0,
        "Total Revenue": 581113000.0,
        "Operating Revenue": 581113000.0
    },
    "2023-09-30": {
        "Tax Effect Of Unusual Items": 0.0,
        "Tax Rate For Calcs": 0.23462,
        "Normalized EBITDA": 155895000.0,
        "Net Income From Continuing Operation Net Minority Interest": 92353000.0,
        "Reconciled Depreciation": 42269000.0,
        "Reconciled Cost Of Revenue": 190986000.0,
        "EBITDA": 155895000.0,
        "EBIT": 113626000.0,
        "Net Interest Income": 7037000.0,
        "Interest Income": 7037000.0,
        "Normalized Income": 92353000.0,
        "Net Income From Continuing And Discontinued Operation": 92353000.0,
        "Total Expenses": 487718000.0,
        "Total Operating Income As Reported": 113626000.0,
        "Diluted Average Shares": 66223000.0,
        "Basic Average Shares": 63422000.0,
        "Diluted EPS": 1.39,
        "Basic EPS": 1.46,
        "Diluted NI Availto Com Stockholders": 92353000.0,
        "Net Income Common Stockholders": 92353000.0,
        "Net Income": 92353000.0,
        "Net Income Including Noncontrolling Interests": 92353000.0,
        "Net Income Continuous Operations": 92353000.0,
        "Tax Provision": 28310000.0,
        "Pretax Income": 120663000.0,
        "Net Non Operating Interest Income Expense": 7037000.0,
        "Total Other Finance Cost": NaN,
        "Interest Income Non Operating": 7037000.0,
        "Operating Income": 113626000.0,
        "Operating Expense": 296732000.0,
        "Research And Development": 84848000.0,
        "Selling General And Administration": 211884000.0,
        "Selling And Marketing Expense": 144171000.0,
        "General And Administrative Expense": 67713000.0,
        "Other Gand A": 67713000.0,
        "Gross Profit": 410358000.0,
        "Cost Of Revenue": 190986000.0,
        "Total Revenue": 601344000.0,
        "Operating Revenue": 601344000.0
    }
}