{
    "2023-03-31": {
        "Tax Effect Of Unusual Items": 0.0,
        "Tax Rate For Calcs": 0.4,
        "Normalized EBITDA": -4663197000.0,
        "Total Unusual Items": 0.0,
        "Total Unusual Items Excluding Goodwill": 0.0,
        "Net Income From Continuing Operation Net Minority Interest": -4803629000.0,
        "Reconciled Cost Of Revenue": 10514182000.0,
        "EBIT": -4663197000.0,
        "Net Interest Income": 238099000.0,
        "Interest Expense": 68663000.0,
        "Interest Income": 306762000.0,
        "Normalized Income": -4803629000.0,
        "Net Income From Continuing And Discontinued Operation": -4803629000.0,
        "Total Expenses": 15788319000.0,
        "Total Operating Income As Reported": -5111848000.0,
        "Diluted Average Shares": 1649309669.0,
        "Basic Average Shares": 1649309669.0,
        "Diluted EPS": -2.91,
        "Basic EPS": -2.91,
        "Diluted NI Availto Com Stockholders": -4803629000.0,
        "Net Income Common Stockholders": -4803629000.0,
        "Net Income": -4803629000.0,
        "Minority Interests": -64095000.0,
        "Net Income Including Noncontrolling Interests": -4739534000.0,
        "Net Income Continuous Operations": -4739534000.0,
        "Tax Provision": 7674000.0,
        "Pretax Income": -4731860000.0,
        "Other Income Expense": 141889000.0,
        "Other Non Operating Income Expenses": 128290000.0,
        "Special Income Charges": 0.0,
        "Other Special Charges": NaN,
        "Earnings From Equity Interest": 13599000.0,
        "Net Non Operating Interest Income Expense": 238099000.0,
        "Interest Expense Non Operating": 68663000.0,
        "Interest Income Non Operating": 306762000.0,
        "Operating Income": -5111848000.0,
        "Operating Expense": 5274137000.0,
        "Other Operating Expenses": -247402000.0,
        "Research And Development": 3075611000.0,
        "Selling General And Administration": 2445928000.0,
        "Gross Profit": 162289000.0,
        "Cost Of Revenue": 10514182000.0,
        "Total Revenue": 10676471000.0,
        "Operating Revenue": 10676471000.0
    },
    "2022-12-31": {
        "Tax Effect Of Unusual Items": 47360000.0,
        "Tax Rate For Calcs": 0.4,
        "Normalized EBITDA": -5817036000.0,
        "Total Unusual Items": 118400000.0,
        "Total Unusual Items Excluding Goodwill": 118400000.0,
        "Net Income From Continuing Operation Net Minority Interest": -5847079000.0,
        "Reconciled Cost Of Revenue": 15441756000.0,
        "EBIT": -5698636000.0,
        "Net Interest Income": 281291000.0,
        "Interest Expense": 70669000.0,
        "Interest Income": 351960000.0,
        "Normalized Income": -5918119000.0,
        "Net Income From Continuing And Discontinued Operation": -5847079000.0,
        "Total Expenses": 22799648000.0,
        "Total Operating Income As Reported": -6736134000.0,
        "Diluted Average Shares": 1644790167.0,
        "Basic Average Shares": 1644790167.0,
        "Diluted EPS": -3.55,
        "Basic EPS": -3.55,
        "Diluted NI Availto Com Stockholders": -5847079000.0,
        "Net Income Common Stockholders": -5847079000.0,
        "Net Income": -5847079000.0,
        "Minority Interests": -60978000.0,
        "Net Income Including Noncontrolling Interests": -5786101000.0,
        "Net Income Continuous Operations": -5786101000.0,
        "Tax Provision": 16796000.0,
        "Pretax Income": -5769305000.0,
        "Other Income Expense": 685538000.0,
        "Other Non Operating Income Expenses": 315699000.0,
        "Special Income Charges": 118400000.0,
        "Other Special Charges": -118400000.0,
        "Earnings From Equity Interest": 251439000.0,
        "Net Non Operating Interest Income Expense": 281291000.0,
        "Interest Expense Non Operating": 70669000.0,
        "Interest Income Non Operating": 351960000.0,
        "Operating Income": -6736134000.0,
        "Operating Expense": 7357892000.0,
        "Other Operating Expenses": -150057000.0,
        "Research And Development": 3980578000.0,
        "Selling General And Administration": 3527371000.0,
        "Gross Profit": 621758000.0,
        "Cost Of Revenue": 15441756000.0,
        "Total Revenue": 16063514000.0,
        "Operating Revenue": 16063514000.0
    },
    "2022-09-30": {
        "Tax Effect Of Unusual Items": 0.0,
        "Tax Rate For Calcs": 0.4,
        "Normalized EBITDA": -4000620000.0,
        "Total Unusual Items": NaN,
        "Total Unusual Items Excluding Goodwill": NaN,
        "Net Income From Continuing Operation Net Minority Interest": -4142320000.0,
        "Reconciled Cost Of Revenue": 11267002000.0,
        "EBIT": -4000620000.0,
        "Net Interest Income": 212644000.0,
        "Interest Expense": 100564000.0,
        "Interest Income": 313208000.0,
        "Normalized Income": -4142320000.0,
        "Net Income From Continuing And Discontinued Operation": -4142320000.0,
        "Total Expenses": 16872395000.0,
        "Total Operating Income As Reported": -3870300000.0,
        "Diluted Average Shares": 1640001909.0,
        "Basic Average Shares": 1640001909.0,
        "Diluted EPS": -2.53,
        "Basic EPS": -2.53,
        "Diluted NI Availto Com Stockholders": -4142320000.0,
        "Net Income Common Stockholders": -4142320000.0,
        "Net Income": -4142320000.0,
        "Minority Interests": -31497000.0,
        "Net Income Including Noncontrolling Interests": -4110823000.0,
        "Net Income Continuous Operations": -4110823000.0,
        "Tax Provision": 9639000.0,
        "Pretax Income": -4101184000.0,
        "Other Income Expense": -443528000.0,
        "Other Non Operating Income Expenses": -495582000.0,
        "Special Income Charges": NaN,
        "Other Special Charges": NaN,
        "Earnings From Equity Interest": 52054000.0,
        "Net Non Operating Interest Income Expense": 212644000.0,
        "Interest Expense Non Operating": 100564000.0,
        "Interest Income Non Operating": 313208000.0,
        "Operating Income": -3870300000.0,
        "Operating Expense": 5605393000.0,
        "Other Operating Expenses": -51607000.0,
        "Research And Development": 2944517000.0,
        "Selling General And Administration": 2712483000.0,
        "Gross Profit": 1735093000.0,
        "Cost Of Revenue": 11267002000.0,
        "Total Revenue": 13002095000.0,
        "Operating Revenue": 13002095000.0
    },
    "2022-06-30": {
        "Tax Effect Of Unusual Items": 0.0,
        "Tax Rate For Calcs": 0.000649,
        "Normalized EBITDA": -2694599000.0,
        "Total Unusual Items": NaN,
        "Total Unusual Items Excluding Goodwill": NaN,
        "Net Income From Continuing Operation Net Minority Interest": -2745008000.0,
        "Reconciled Cost Of Revenue": 8952061000.0,
        "EBIT": -2694599000.0,
        "Net Interest Income": 228151000.0,
        "Interest Expense": 64712000.0,
        "Interest Income": 292863000.0,
        "Normalized Income": -2745008000.0,
        "Net Income From Continuing And Discontinued Operation": -2745008000.0,
        "Total Expenses": 13137924000.0,
        "Total Operating Income As Reported": -2845560000.0,
        "Diluted Average Shares": 1632803993.0,
        "Basic Average Shares": 1632803993.0,
        "Diluted EPS": -1.68,
        "Basic EPS": -1.68,
        "Diluted NI Availto Com Stockholders": -2745008000.0,
        "Net Income Common Stockholders": -2745008000.0,
        "Net Income": -2745008000.0,
        "Minority Interests": 12512000.0,
        "Net Income Including Noncontrolling Interests": -2757520000.0,
        "Net Income Continuous Operations": -2757520000.0,
        "Tax Provision": -1791000.0,
        "Pretax Income": -2759311000.0,
        "Other Income Expense": -141902000.0,
        "Other Non Operating Income Expenses": -189955000.0,
        "Special Income Charges": NaN,
        "Other Special Charges": NaN,
        "Earnings From Equity Interest": 48053000.0,
        "Net Non Operating Interest Income Expense": 228151000.0,
        "Interest Expense Non Operating": 64712000.0,
        "Interest Income Non Operating": 292863000.0,
        "Operating Income": -2845560000.0,
        "Operating Expense": 4185863000.0,
        "Other Operating Expenses": -246077000.0,
        "Research And Development": 2149479000.0,
        "Selling General And Administration": 2282461000.0,
        "Gross Profit": 1340303000.0,
        "Cost Of Revenue": 8952061000.0,
        "Total Revenue": 10292364000.0,
        "Operating Revenue": 10292364000.0
    },
    "2022-03-31": {
        "Diluted EPS": -0.18,
        "Total Revenue": NaN,
        "Gross Profit": 228,
        "Operating Income": -345,
        "EBIT": -345,
        "Net Income": -288
    },
    "2021-12-31": {
        "Diluted EPS": -0.22,
        "Total Revenue": NaN,
        "Gross Profit": 280,
        "Operating Income": -388,
        "EBIT": -265,
        "Net Income": -369
    },
    "2021-09-30": {
        "Diluted EPS": -0.28,
        "Total Revenue": NaN,
        "Gross Profit": 309,
        "Operating Income": -154,
        "EBIT": -154,
        "Net Income": -444
    },
    "2021-06-30": {
        "Diluted EPS": -0.07,
        "Total Revenue": NaN,
        "Gross Profit": 244,
        "Operating Income": -118,
        "EBIT": -118,
        "Net Income": -102
    },
    "2021-03-31": {
        "Diluted EPS": -0.48,
        "Total Revenue": NaN,
        "Gross Profit": 237,
        "Operating Income": -45,
        "EBIT": -45,
        "Net Income": -744
    },
    "2020-12-31": {
        "Diluted EPS": -0.2,
        "Total Revenue": NaN,
        "Gross Profit": 180,
        "Operating Income": -181,
        "EBIT": -108,
        "Net Income": -271
    },
    "2020-09-30": {
        "Diluted EPS": -0.14,
        "Total Revenue": 667,
        "Gross Profit": 86,
        "Operating Income": -139,
        "EBIT": -139,
        "Net Income": -175
    },
    "2020-06-30": {
        "Diluted EPS": -0.16,
        "Total Revenue": 526,
        "Gross Profit": 44,
        "Operating Income": -164,
        "EBIT": -164,
        "Net Income": -171
    },
    "2020-03-31": {
        "Diluted EPS": -0.23,
        "Total Revenue": 194,
        "Gross Profit": -24,
        "Operating Income": -222,
        "EBIT": -222,
        "Net Income": -243
    },
    "2019-12-31": {
        "Diluted EPS": -0.39,
        "Total Revenue": 404,
        "Gross Profit": -35,
        "Operating Income": -394,
        "EBIT": -394,
        "Net Income": -404
    },
    "2019-09-30": {
        "Diluted EPS": -0.35,
        "Total Revenue": 257,
        "Gross Profit": -31,
        "Operating Income": -337,
        "EBIT": -337,
        "Net Income": -357
    },
    "2019-06-30": {
        "Diluted EPS": -0.47,
        "Total Revenue": 220,
        "Gross Profit": -73,
        "Operating Income": -470,
        "EBIT": -470,
        "Net Income": -483
    },
    "2019-03-31": {
        "Diluted EPS": -0.38,
        "Total Revenue": 243,
        "Gross Profit": -33,
        "Operating Income": -390,
        "EBIT": -390,
        "Net Income": -395
    },
    "2018-09-30": {
        "Diluted EPS": -6.2,
        "Total Revenue": 214,
        "Gross Profit": -17,
        "Operating Income": -409,
        "EBIT": -409,
        "Net Income": NaN
    }
}