{
    "2023-03-31": {
        "Tax Effect Of Unusual Items": NaN,
        "Tax Rate For Calcs": NaN,
        "Normalized EBITDA": NaN,
        "Total Unusual Items": 426836.0,
        "Total Unusual Items Excluding Goodwill": 426836.0,
        "Net Income From Continuing Operation Net Minority Interest": NaN,
        "Reconciled Cost Of Revenue": NaN,
        "EBITDA": NaN,
        "EBIT": NaN,
        "Net Interest Income": NaN,
        "Interest Expense": NaN,
        "Interest Income": NaN,
        "Normalized Income": NaN,
        "Net Income From Continuing And Discontinued Operation": NaN,
        "Total Expenses": NaN,
        "Total Operating Income As Reported": NaN,
        "Diluted Average Shares": NaN,
        "Basic Average Shares": NaN,
        "Diluted EPS": NaN,
        "Basic EPS": NaN,
        "Diluted NI Availto Com Stockholders": NaN,
        "Net Income Common Stockholders": NaN,
        "Net Income": NaN,
        "Net Income Including Noncontrolling Interests": NaN,
        "Net Income Continuous Operations": NaN,
        "Tax Provision": NaN,
        "Pretax Income": NaN,
        "Other Income Expense": 426836.0,
        "Gain On Sale Of Security": 426836.0,
        "Net Non Operating Interest Income Expense": NaN,
        "Interest Expense Non Operating": NaN,
        "Interest Income Non Operating": NaN,
        "Operating Income": NaN,
        "Operating Expense": NaN,
        "Other Operating Expenses": -298853.0,
        "Research And Development": NaN,
        "Selling General And Administration": NaN,
        "Selling And Marketing Expense": NaN,
        "General And Administrative Expense": NaN,
        "Other Gand A": NaN,
        "Gross Profit": NaN,
        "Cost Of Revenue": NaN,
        "Total Revenue": NaN,
        "Operating Revenue": NaN
    },
    "2022-12-31": {
        "Tax Effect Of Unusual Items": NaN,
        "Tax Rate For Calcs": NaN,
        "Normalized EBITDA": NaN,
        "Total Unusual Items": 1578877.0,
        "Total Unusual Items Excluding Goodwill": 1578877.0,
        "Net Income From Continuing Operation Net Minority Interest": NaN,
        "Reconciled Cost Of Revenue": NaN,
        "EBITDA": NaN,
        "EBIT": NaN,
        "Net Interest Income": NaN,
        "Interest Expense": NaN,
        "Interest Income": NaN,
        "Normalized Income": NaN,
        "Net Income From Continuing And Discontinued Operation": NaN,
        "Total Expenses": NaN,
        "Total Operating Income As Reported": NaN,
        "Diluted Average Shares": NaN,
        "Basic Average Shares": NaN,
        "Diluted EPS": NaN,
        "Basic EPS": NaN,
        "Diluted NI Availto Com Stockholders": NaN,
        "Net Income Common Stockholders": NaN,
        "Net Income": NaN,
        "Net Income Including Noncontrolling Interests": NaN,
        "Net Income Continuous Operations": NaN,
        "Tax Provision": NaN,
        "Pretax Income": NaN,
        "Other Income Expense": 1578877.0,
        "Gain On Sale Of Security": 1578877.0,
        "Net Non Operating Interest Income Expense": NaN,
        "Interest Expense Non Operating": NaN,
        "Interest Income Non Operating": NaN,
        "Operating Income": NaN,
        "Operating Expense": NaN,
        "Other Operating Expenses": NaN,
        "Research And Development": NaN,
        "Selling General And Administration": NaN,
        "Selling And Marketing Expense": NaN,
        "General And Administrative Expense": NaN,
        "Other Gand A": NaN,
        "Gross Profit": NaN,
        "Cost Of Revenue": NaN,
        "Total Revenue": NaN,
        "Operating Revenue": NaN
    },
    "2022-09-30": {
        "Tax Effect Of Unusual Items": NaN,
        "Tax Rate For Calcs": NaN,
        "Normalized EBITDA": NaN,
        "Total Unusual Items": 1043509.0,
        "Total Unusual Items Excluding Goodwill": 1043509.0,
        "Net Income From Continuing Operation Net Minority Interest": NaN,
        "Reconciled Cost Of Revenue": NaN,
        "EBITDA": NaN,
        "EBIT": NaN,
        "Net Interest Income": NaN,
        "Interest Expense": NaN,
        "Interest Income": NaN,
        "Normalized Income": NaN,
        "Net Income From Continuing And Discontinued Operation": NaN,
        "Total Expenses": NaN,
        "Total Operating Income As Reported": NaN,
        "Diluted Average Shares": NaN,
        "Basic Average Shares": NaN,
        "Diluted EPS": NaN,
        "Basic EPS": NaN,
        "Diluted NI Availto Com Stockholders": NaN,
        "Net Income Common Stockholders": NaN,
        "Net Income": NaN,
        "Net Income Including Noncontrolling Interests": NaN,
        "Net Income Continuous Operations": NaN,
        "Tax Provision": NaN,
        "Pretax Income": NaN,
        "Other Income Expense": 1043509.0,
        "Gain On Sale Of Security": 1043509.0,
        "Net Non Operating Interest Income Expense": NaN,
        "Interest Expense Non Operating": NaN,
        "Interest Income Non Operating": NaN,
        "Operating Income": NaN,
        "Operating Expense": NaN,
        "Other Operating Expenses": NaN,
        "Research And Development": NaN,
        "Selling General And Administration": NaN,
        "Selling And Marketing Expense": NaN,
        "General And Administrative Expense": NaN,
        "Other Gand A": NaN,
        "Gross Profit": NaN,
        "Cost Of Revenue": NaN,
        "Total Revenue": NaN,
        "Operating Revenue": NaN
    },
    "2022-06-30": {
        "Tax Effect Of Unusual Items": 1299383.2,
        "Tax Rate For Calcs": 0.4,
        "Normalized EBITDA": -4200824.0,
        "Total Unusual Items": 3248458.0,
        "Total Unusual Items Excluding Goodwill": 3248458.0,
        "Net Income From Continuing Operation Net Minority Interest": 14362336.0,
        "Reconciled Cost Of Revenue": 659994763.0,
        "EBITDA": -952366.0,
        "EBIT": -952366.0,
        "Net Interest Income": -538584.0,
        "Interest Expense": 1464438.0,
        "Interest Income": 925854.0,
        "Normalized Income": 12413261.2,
        "Net Income From Continuing And Discontinued Operation": 14362336.0,
        "Total Expenses": 832746593.0,
        "Total Operating Income As Reported": -5126678.0,
        "Diluted Average Shares": 78999459.0,
        "Basic Average Shares": 77611831.0,
        "Diluted EPS": 0.18,
        "Basic EPS": 0.18,
        "Diluted NI Availto Com Stockholders": 14362336.0,
        "Net Income Common Stockholders": 14362336.0,
        "Net Income": 14362336.0,
        "Net Income Including Noncontrolling Interests": 14362336.0,
        "Net Income Continuous Operations": 14362336.0,
        "Tax Provision": -16779140.0,
        "Pretax Income": -2416804.0,
        "Other Income Expense": 3248458.0,
        "Gain On Sale Of Security": 3248458.0,
        "Net Non Operating Interest Income Expense": -538584.0,
        "Interest Expense Non Operating": 1464438.0,
        "Interest Income Non Operating": 925854.0,
        "Operating Income": -5126678.0,
        "Operating Expense": 172751830.0,
        "Other Operating Expenses": -254668.0,
        "Research And Development": 44450826.0,
        "Selling General And Administration": 128555672.0,
        "Selling And Marketing Expense": 92531147.0,
        "General And Administrative Expense": 36024525.0,
        "Other Gand A": 36024525.0,
        "Gross Profit": 167625152.0,
        "Cost Of Revenue": 659994763.0,
        "Total Revenue": 827619915.0,
        "Operating Revenue": 827619915.0
    },
    "2022-03-31": {
        "Diluted EPS": -0.06,
        "Total Revenue": 91,
        "Gross Profit": 17,
        "Operating Income": -5,
        "EBIT": -5,
        "Net Income": -5
    },
    "2021-12-31": {
        "Diluted EPS": 0.11,
        "Total Revenue": 161,
        "Gross Profit": 36,
        "Operating Income": 8,
        "EBIT": 8,
        "Net Income": 8
    },
    "2021-09-30": {
        "Diluted EPS": 0.18,
        "Total Revenue": 190,
        "Gross Profit": 38,
        "Operating Income": 16,
        "EBIT": 16,
        "Net Income": 14
    },
    "2021-06-30": {
        "Diluted EPS": 0.18,
        "Total Revenue": 146,
        "Gross Profit": 33,
        "Operating Income": 15,
        "EBIT": 15,
        "Net Income": 14
    },
    "2021-03-31": {
        "Diluted EPS": -0.01,
        "Total Revenue": 84,
        "Gross Profit": 20,
        "Operating Income": 0,
        "EBIT": 0,
        "Net Income": -1
    },
    "2020-12-31": {
        "Diluted EPS": 0.12,
        "Total Revenue": 119,
        "Gross Profit": 29,
        "Operating Income": 12,
        "EBIT": 12,
        "Net Income": 10
    },
    "2020-09-30": {
        "Diluted EPS": 0.15,
        "Total Revenue": 132,
        "Gross Profit": 28,
        "Operating Income": 12,
        "EBIT": 12,
        "Net Income": 12
    },
    "2020-06-30": {
        "Diluted EPS": 0.1,
        "Total Revenue": 91,
        "Gross Profit": 21,
        "Operating Income": 8,
        "EBIT": 8,
        "Net Income": 8
    },
    "2020-03-31": {
        "Diluted EPS": -0.05,
        "Total Revenue": 33,
        "Gross Profit": 8,
        "Operating Income": -5,
        "EBIT": -5,
        "Net Income": -4
    },
    "2019-12-31": {
        "Diluted EPS": 0.12,
        "Total Revenue": 76,
        "Gross Profit": 20,
        "Operating Income": 7,
        "EBIT": 7,
        "Net Income": 9
    },
    "2019-09-30": {
        "Diluted EPS": 0.12,
        "Total Revenue": 92,
        "Gross Profit": 20,
        "Operating Income": 7,
        "EBIT": 7,
        "Net Income": 9
    },
    "2019-06-30": {
        "Diluted EPS": 0.1,
        "Total Revenue": 77,
        "Gross Profit": 18,
        "Operating Income": 6,
        "EBIT": 6,
        "Net Income": 7
    },
    "2019-03-31": {
        "Diluted EPS": 0.02,
        "Total Revenue": 53,
        "Gross Profit": 11,
        "Operating Income": 2,
        "EBIT": 2,
        "Net Income": 2
    },
    "2018-09-30": {
        "Diluted EPS": -0.02,
        "Total Revenue": 72,
        "Gross Profit": 9,
        "Operating Income": -1,
        "EBIT": -1,
        "Net Income": 0
    },
    "2018-06-30": {
        "Diluted EPS": 0.0,
        "Total Revenue": NaN,
        "Gross Profit": NaN,
        "Operating Income": NaN,
        "Net Income": NaN
    },
    "2017-12-31": {
        "Diluted EPS": 0.0,
        "Total Revenue": NaN,
        "Gross Profit": NaN,
        "Operating Income": NaN,
        "EBIT": NaN,
        "Net Income": NaN
    },
    "2023-06-30": {
        "Tax Effect Of Unusual Items": 0.0,
        "Tax Rate For Calcs": 0.25,
        "Normalized EBITDA": 349909.0,
        "Total Unusual Items": NaN,
        "Total Unusual Items Excluding Goodwill": NaN,
        "Net Income From Continuing Operation Net Minority Interest": -1905620.0,
        "Reconciled Cost Of Revenue": 637333754.0,
        "EBITDA": 349909.0,
        "EBIT": 349909.0,
        "Net Interest Income": 7135580.0,
        "Interest Expense": 14853.0,
        "Interest Income": 7150433.0,
        "Normalized Income": -1905620.0,
        "Net Income From Continuing And Discontinued Operation": -1905620.0,
        "Total Expenses": 835611728.0,
        "Total Operating Income As Reported": -6800524.0,
        "Diluted Average Shares": 78417374.0,
        "Basic Average Shares": 78417374.0,
        "Diluted EPS": -0.02,
        "Basic EPS": -0.02,
        "Diluted NI Availto Com Stockholders": -1905620.0,
        "Net Income Common Stockholders": -1905620.0,
        "Net Income": -1905620.0,
        "Net Income Including Noncontrolling Interests": -1905620.0,
        "Net Income Continuous Operations": -1905620.0,
        "Tax Provision": 2240676.0,
        "Pretax Income": 335056.0,
        "Other Income Expense": NaN,
        "Gain On Sale Of Security": NaN,
        "Net Non Operating Interest Income Expense": 7135580.0,
        "Interest Expense Non Operating": 14853.0,
        "Interest Income Non Operating": 7150433.0,
        "Operating Income": -6800524.0,
        "Operating Expense": 198277974.0,
        "Other Operating Expenses": -528120.0,
        "Research And Development": 41288064.0,
        "Selling General And Administration": 157518030.0,
        "Selling And Marketing Expense": 109541946.0,
        "General And Administrative Expense": 47976084.0,
        "Other Gand A": 47976084.0,
        "Gross Profit": 191477450.0,
        "Cost Of Revenue": 637333754.0,
        "Total Revenue": 828811204.0,
        "Operating Revenue": 828811204.0
    },
    "2023-09-30": {
        "Tax Effect Of Unusual Items": 139626.5,
        "Tax Rate For Calcs": 0.25,
        "Normalized EBITDA": -79239863.0,
        "Total Unusual Items": 558506.0,
        "Total Unusual Items Excluding Goodwill": 558506.0,
        "Net Income From Continuing Operation Net Minority Interest": -79422326.0,
        "Reconciled Cost Of Revenue": 729071439.0,
        "EBITDA": -78681357.0,
        "EBIT": -78681357.0,
        "Net Interest Income": 9758100.0,
        "Interest Expense": 524748.0,
        "Interest Income": 10282848.0,
        "Normalized Income": -79841205.5,
        "Net Income From Continuing And Discontinued Operation": -79422326.0,
        "Total Expenses": 1016545341.0,
        "Total Operating Income As Reported": -89522711.0,
        "Diluted Average Shares": 78582854.0,
        "Basic Average Shares": 78582854.0,
        "Diluted EPS": -1.02,
        "Basic EPS": -1.02,
        "Diluted NI Availto Com Stockholders": -79422326.0,
        "Net Income Common Stockholders": -79422326.0,
        "Net Income": -79422326.0,
        "Net Income Including Noncontrolling Interests": -79422326.0,
        "Net Income Continuous Operations": -79422326.0,
        "Tax Provision": 216221.0,
        "Pretax Income": -79206105.0,
        "Other Income Expense": 558506.0,
        "Gain On Sale Of Security": 558506.0,
        "Net Non Operating Interest Income Expense": 9758100.0,
        "Interest Expense Non Operating": 524748.0,
        "Interest Income Non Operating": 10282848.0,
        "Operating Income": -89522711.0,
        "Operating Expense": 287473902.0,
        "Other Operating Expenses": -1070500.0,
        "Research And Development": 39059530.0,
        "Selling General And Administration": 249484872.0,
        "Selling And Marketing Expense": 122663357.0,
        "General And Administrative Expense": 126821515.0,
        "Other Gand A": 126821515.0,
        "Gross Profit": 197951191.0,
        "Cost Of Revenue": 729071439.0,
        "Total Revenue": 927022630.0,
        "Operating Revenue": 927022630.0
    },
    "2023-12-31": {
        "Tax Effect Of Unusual Items": 44051.422956,
        "Tax Rate For Calcs": 0.099884,
        "Normalized EBITDA": -144237889.0,
        "Total Unusual Items": 441028.0,
        "Total Unusual Items Excluding Goodwill": 441028.0,
        "Net Income From Continuing Operation Net Minority Interest": -130169912.0,
        "Reconciled Cost Of Revenue": 387743580.0,
        "EBITDA": -143796861.0,
        "EBIT": -143796861.0,
        "Net Interest Income": 9128870.0,
        "Interest Expense": 817656.0,
        "Interest Income": 9946526.0,
        "Normalized Income": -130566888.577044,
        "Net Income From Continuing And Discontinued Operation": -130169912.0,
        "Total Expenses": 632872209.0,
        "Total Operating Income As Reported": -154184415.0,
        "Diluted Average Shares": 78737262.0,
        "Basic Average Shares": 78737262.0,
        "Diluted EPS": -1.66,
        "Basic EPS": -1.66,
        "Diluted NI Availto Com Stockholders": -130169912.0,
        "Net Income Common Stockholders": -130169912.0,
        "Net Income": -130169912.0,
        "Net Income Including Noncontrolling Interests": -130169912.0,
        "Net Income Continuous Operations": -130169912.0,
        "Tax Provision": -14444605.0,
        "Pretax Income": -144614517.0,
        "Other Income Expense": 441028.0,
        "Gain On Sale Of Security": 441028.0,
        "Net Non Operating Interest Income Expense": 9128870.0,
        "Interest Expense Non Operating": 817656.0,
        "Interest Income Non Operating": 9946526.0,
        "Operating Income": -154184415.0,
        "Operating Expense": 245128629.0,
        "Other Operating Expenses": -1071262.0,
        "Research And Development": 35634011.0,
        "Selling General And Administration": 71120863.0,
        "Selling And Marketing Expense": 191169312.0,
        "General And Administrative Expense": -120048449.0,
        "Other Gand A": -120048449.0,
        "Gross Profit": 90944214.0,
        "Cost Of Revenue": 387743580.0,
        "Total Revenue": 478687794.0,
        "Operating Revenue": 478687794.0
    },
    "2024-03-31": {
        "Tax Effect Of Unusual Items": 0.0,
        "Tax Rate For Calcs": 0.10219,
        "Normalized EBITDA": -60068380.0,
        "Total Unusual Items": NaN,
        "Total Unusual Items Excluding Goodwill": NaN,
        "Net Income From Continuing Operation Net Minority Interest": -54797613.0,
        "Reconciled Cost Of Revenue": 409184315.0,
        "EBITDA": -60068380.0,
        "EBIT": -60068380.0,
        "Net Interest Income": 8288311.0,
        "Interest Expense": 966400.0,
        "Interest Income": 9254711.0,
        "Normalized Income": -54797613.0,
        "Net Income From Continuing And Discontinued Operation": -54797613.0,
        "Total Expenses": 574057666.0,
        "Total Operating Income As Reported": -69323091.0,
        "Diluted Average Shares": 78856850.0,
        "Basic Average Shares": 78856850.0,
        "Diluted EPS": -0.7,
        "Basic EPS": -0.7,
        "Diluted NI Availto Com Stockholders": -54797613.0,
        "Net Income Common Stockholders": -54797613.0,
        "Net Income": -54797613.0,
        "Net Income Including Noncontrolling Interests": -54797613.0,
        "Net Income Continuous Operations": -54797613.0,
        "Tax Provision": -6237167.0,
        "Pretax Income": -61034780.0,
        "Other Income Expense": NaN,
        "Gain On Sale Of Security": NaN,
        "Net Non Operating Interest Income Expense": 8288311.0,
        "Interest Expense Non Operating": 966400.0,
        "Interest Income Non Operating": 9254711.0,
        "Operating Income": -69323091.0,
        "Operating Expense": 164873351.0,
        "Other Operating Expenses": -3756.0,
        "Research And Development": 28930975.0,
        "Selling General And Administration": 135946132.0,
        "Selling And Marketing Expense": 105333173.0,
        "General And Administrative Expense": 30612959.0,
        "Other Gand A": 30612959.0,
        "Gross Profit": 95550260.0,
        "Cost Of Revenue": 409184315.0,
        "Total Revenue": 504734575.0,
        "Operating Revenue": 504734575.0
    },
    "2024-06-30": {
        "Tax Effect Of Unusual Items": 250475.25,
        "Tax Rate For Calcs": 0.25,
        "Normalized EBITDA": -23383341.0,
        "Total Unusual Items": 1001901.0,
        "Total Unusual Items Excluding Goodwill": 1001901.0,
        "Net Income From Continuing Operation Net Minority Interest": -24918464.0,
        "Reconciled Cost Of Revenue": 780800920.0,
        "EBITDA": -22381440.0,
        "EBIT": -22381440.0,
        "Net Interest Income": 7241767.0,
        "Interest Expense": 1520883.0,
        "Interest Income": 8762650.0,
        "Normalized Income": -25669889.75,
        "Net Income From Continuing And Discontinued Operation": -24918464.0,
        "Total Expenses": 972631307.0,
        "Total Operating Income As Reported": -32145991.0,
        "Diluted Average Shares": 79270997.0,
        "Basic Average Shares": 79270997.0,
        "Diluted EPS": -0.32,
        "Basic EPS": -0.32,
        "Diluted NI Availto Com Stockholders": -24918464.0,
        "Net Income Common Stockholders": -24918464.0,
        "Net Income": -24918464.0,
        "Net Income Including Noncontrolling Interests": -24918464.0,
        "Net Income Continuous Operations": -24918464.0,
        "Tax Provision": 1016141.0,
        "Pretax Income": -23902323.0,
        "Other Income Expense": 1001901.0,
        "Gain On Sale Of Security": 1001901.0,
        "Net Non Operating Interest Income Expense": 7241767.0,
        "Interest Expense Non Operating": 1520883.0,
        "Interest Income Non Operating": 8762650.0,
        "Operating Income": -32145991.0,
        "Operating Expense": 191830387.0,
        "Other Operating Expenses": NaN,
        "Research And Development": 32257721.0,
        "Selling General And Administration": 159572666.0,
        "Selling And Marketing Expense": 120227190.0,
        "General And Administrative Expense": 39345476.0,
        "Other Gand A": 39345476.0,
        "Gross Profit": 159684396.0,
        "Cost Of Revenue": 780800920.0,
        "Total Revenue": 940485316.0,
        "Operating Revenue": 940485316.0
    }
}