{
    "2023-03-31": {
        "Tax Effect Of Unusual Items": -44898.432314,
        "Tax Rate For Calcs": 0.00046,
        "Normalized EBITDA": -32982000.0,
        "Total Unusual Items": -97694000.0,
        "Total Unusual Items Excluding Goodwill": -97694000.0,
        "Net Income From Continuing Operation Net Minority Interest": -137018000.0,
        "Reconciled Depreciation": 2302000.0,
        "Reconciled Cost Of Revenue": 7060000.0,
        "EBIT": -130676000.0,
        "Net Interest Income": -2371000.0,
        "Interest Expense": 6405000.0,
        "Interest Income": 4034000.0,
        "Normalized Income": -39368898.432314,
        "Net Income From Continuing And Discontinued Operation": -137018000.0,
        "Total Expenses": 58610000.0,
        "Total Operating Income As Reported": -134710000.0,
        "Diluted Average Shares": 188875000.0,
        "Basic Average Shares": 188875000.0,
        "Diluted EPS": -0.73,
        "Basic EPS": -0.73,
        "Diluted NI Availto Com Stockholders": -137018000.0,
        "Net Income Common Stockholders": -137018000.0,
        "Net Income": -137018000.0,
        "Net Income Including Noncontrolling Interests": -137018000.0,
        "Net Income Continuous Operations": -137018000.0,
        "Tax Provision": -63000.0,
        "Pretax Income": -137081000.0,
        "Other Income Expense": -97694000.0,
        "Special Income Charges": -97694000.0,
        "Other Special Charges": 912000.0,
        "Impairment Of Capital Assets": 76501000.0,
        "Restructuring And Mergern Acquisition": 21193000.0,
        "Gain On Sale Of Security": NaN,
        "Net Non Operating Interest Income Expense": -2371000.0,
        "Interest Expense Non Operating": 6405000.0,
        "Interest Income Non Operating": 4034000.0,
        "Operating Income": -37016000.0,
        "Operating Expense": 51550000.0,
        "Research And Development": 30469000.0,
        "Selling General And Administration": 21081000.0,
        "General And Administrative Expense": 21081000.0,
        "Other Gand A": 21081000.0,
        "Gross Profit": 14534000.0,
        "Cost Of Revenue": 7060000.0,
        "Total Revenue": 21594000.0,
        "Operating Revenue": 21594000.0
    },
    "2022-12-31": {
        "Tax Effect Of Unusual Items": -4632000.0,
        "Tax Rate For Calcs": 0.4,
        "Normalized EBITDA": -37763000.0,
        "Total Unusual Items": -11580000.0,
        "Total Unusual Items Excluding Goodwill": -11580000.0,
        "Net Income From Continuing Operation Net Minority Interest": -59688000.0,
        "Reconciled Depreciation": 3182000.0,
        "Reconciled Cost Of Revenue": 6233000.0,
        "EBIT": -49343000.0,
        "Net Interest Income": -4075000.0,
        "Interest Expense": 7201000.0,
        "Interest Income": 3126000.0,
        "Normalized Income": -52740000.0,
        "Net Income From Continuing And Discontinued Operation": -59688000.0,
        "Total Expenses": 62912000.0,
        "Total Operating Income As Reported": -52469000.0,
        "Diluted Average Shares": 188237000.0,
        "Basic Average Shares": 188237000.0,
        "Diluted EPS": -0.32,
        "Basic EPS": -0.32,
        "Diluted NI Availto Com Stockholders": -59688000.0,
        "Net Income Common Stockholders": -59688000.0,
        "Net Income": -59688000.0,
        "Net Income Including Noncontrolling Interests": -59688000.0,
        "Net Income Continuous Operations": -59688000.0,
        "Tax Provision": 3144000.0,
        "Pretax Income": -56544000.0,
        "Other Income Expense": -11580000.0,
        "Special Income Charges": -11580000.0,
        "Other Special Charges": 3834000.0,
        "Impairment Of Capital Assets": 7240000.0,
        "Restructuring And Mergern Acquisition": 11580000.0,
        "Gain On Sale Of Security": 0.0,
        "Net Non Operating Interest Income Expense": -4075000.0,
        "Interest Expense Non Operating": 7201000.0,
        "Interest Income Non Operating": 3126000.0,
        "Operating Income": -40889000.0,
        "Operating Expense": 56679000.0,
        "Research And Development": 34740000.0,
        "Selling General And Administration": 21939000.0,
        "General And Administrative Expense": 21939000.0,
        "Other Gand A": 21939000.0,
        "Gross Profit": 15790000.0,
        "Cost Of Revenue": 6233000.0,
        "Total Revenue": 22023000.0,
        "Operating Revenue": 22023000.0
    },
    "2022-09-30": {
        "Tax Effect Of Unusual Items": -44062.056618,
        "Tax Rate For Calcs": 0.002618,
        "Normalized EBITDA": -32744000.0,
        "Total Unusual Items": -16830000.0,
        "Total Unusual Items Excluding Goodwill": -16830000.0,
        "Net Income From Continuing Operation Net Minority Interest": -59049000.0,
        "Reconciled Depreciation": 2677000.0,
        "Reconciled Cost Of Revenue": 4972000.0,
        "EBIT": -52251000.0,
        "Net Interest Income": -4903000.0,
        "Interest Expense": 6953000.0,
        "Interest Income": 2050000.0,
        "Normalized Income": -42263062.056618,
        "Net Income From Continuing And Discontinued Operation": -59049000.0,
        "Total Expenses": 61096000.0,
        "Total Operating Income As Reported": -54301000.0,
        "Diluted Average Shares": 187641000.0,
        "Basic Average Shares": 187641000.0,
        "Diluted EPS": -0.31,
        "Basic EPS": -0.31,
        "Diluted NI Availto Com Stockholders": -59049000.0,
        "Net Income Common Stockholders": -59049000.0,
        "Net Income": -59049000.0,
        "Net Income Including Noncontrolling Interests": -59049000.0,
        "Net Income Continuous Operations": -59049000.0,
        "Tax Provision": -155000.0,
        "Pretax Income": -59204000.0,
        "Other Income Expense": -16830000.0,
        "Special Income Charges": -16830000.0,
        "Other Special Charges": 5023000.0,
        "Impairment Of Capital Assets": 1200000.0,
        "Restructuring And Mergern Acquisition": 10607000.0,
        "Gain On Sale Of Security": NaN,
        "Net Non Operating Interest Income Expense": -4903000.0,
        "Interest Expense Non Operating": 6953000.0,
        "Interest Income Non Operating": 2050000.0,
        "Operating Income": -37471000.0,
        "Operating Expense": 56124000.0,
        "Research And Development": 33590000.0,
        "Selling General And Administration": 22534000.0,
        "General And Administrative Expense": 22534000.0,
        "Other Gand A": 22534000.0,
        "Gross Profit": 18653000.0,
        "Cost Of Revenue": 4972000.0,
        "Total Revenue": 23625000.0,
        "Operating Revenue": 23625000.0
    },
    "2022-06-30": {
        "Tax Effect Of Unusual Items": -42418000.0,
        "Tax Rate For Calcs": 0.4,
        "Normalized EBITDA": -45695000.0,
        "Total Unusual Items": -106045000.0,
        "Total Unusual Items Excluding Goodwill": -106045000.0,
        "Net Income From Continuing Operation Net Minority Interest": -159068000.0,
        "Reconciled Depreciation": 3441000.0,
        "Reconciled Cost Of Revenue": 5115000.0,
        "EBIT": -151740000.0,
        "Net Interest Income": -6132000.0,
        "Interest Expense": 7228000.0,
        "Interest Income": 1096000.0,
        "Normalized Income": -95441000.0,
        "Net Income From Continuing And Discontinued Operation": -159068000.0,
        "Total Expenses": 68376000.0,
        "Total Operating Income As Reported": -152836000.0,
        "Diluted Average Shares": 186800000.0,
        "Basic Average Shares": 186800000.0,
        "Diluted EPS": -0.85,
        "Basic EPS": -0.85,
        "Diluted NI Availto Com Stockholders": -159068000.0,
        "Net Income Common Stockholders": -159068000.0,
        "Net Income": -159068000.0,
        "Net Income Including Noncontrolling Interests": -159068000.0,
        "Net Income Continuous Operations": -159068000.0,
        "Tax Provision": 100000.0,
        "Pretax Income": -158968000.0,
        "Other Income Expense": -106045000.0,
        "Special Income Charges": -106045000.0,
        "Other Special Charges": NaN,
        "Impairment Of Capital Assets": NaN,
        "Restructuring And Mergern Acquisition": 106045000.0,
        "Gain On Sale Of Security": NaN,
        "Net Non Operating Interest Income Expense": -6132000.0,
        "Interest Expense Non Operating": 7228000.0,
        "Interest Income Non Operating": 1096000.0,
        "Operating Income": -46791000.0,
        "Operating Expense": 63261000.0,
        "Research And Development": 42740000.0,
        "Selling General And Administration": 20521000.0,
        "General And Administrative Expense": 20521000.0,
        "Other Gand A": 20521000.0,
        "Gross Profit": 16470000.0,
        "Cost Of Revenue": 5115000.0,
        "Total Revenue": 21585000.0,
        "Operating Revenue": 21585000.0
    },
    "2022-03-31": {
        "Diluted EPS": -0.49,
        "Total Revenue": 25,
        "Gross Profit": 20,
        "Operating Income": -117,
        "EBIT": -112,
        "Net Income": -90
    },
    "2021-12-31": {
        "Diluted EPS": -0.79,
        "Total Revenue": 25,
        "Gross Profit": 19,
        "Operating Income": -113,
        "EBIT": -115,
        "Net Income": -146
    },
    "2021-09-30": {
        "Diluted EPS": -0.7,
        "Total Revenue": 25,
        "Gross Profit": 20,
        "Operating Income": -114,
        "EBIT": -108,
        "Net Income": -130
    },
    "2021-06-30": {
        "Diluted EPS": -0.69,
        "Total Revenue": 28,
        "Gross Profit": 21,
        "Operating Income": -110,
        "EBIT": -105,
        "Net Income": -126
    },
    "2021-03-31": {
        "Diluted EPS": -0.68,
        "Total Revenue": 24,
        "Gross Profit": 18,
        "Operating Income": -109,
        "EBIT": -104,
        "Net Income": -123
    },
    "2020-12-31": {
        "Diluted EPS": -0.65,
        "Total Revenue": 23,
        "Gross Profit": 19,
        "Operating Income": -111,
        "EBIT": -109,
        "Net Income": -117
    },
    "2020-09-30": {
        "Diluted EPS": -0.61,
        "Total Revenue": 30,
        "Gross Profit": 24,
        "Operating Income": -103,
        "EBIT": -98,
        "Net Income": -109
    },
    "2020-06-30": {
        "Diluted EPS": -0.45,
        "Total Revenue": 49,
        "Gross Profit": 43,
        "Operating Income": -78,
        "EBIT": -74,
        "Net Income": -80
    },
    "2020-03-31": {
        "Diluted EPS": -0.78,
        "Total Revenue": 51,
        "Gross Profit": 47,
        "Operating Income": -134,
        "EBIT": -130,
        "Net Income": -139
    },
    "2019-12-31": {
        "Diluted EPS": -0.64,
        "Total Revenue": 34,
        "Gross Profit": 28,
        "Operating Income": -110,
        "EBIT": -117,
        "Net Income": -112
    },
    "2019-09-30": {
        "Diluted EPS": -0.56,
        "Total Revenue": 29,
        "Gross Profit": 24,
        "Operating Income": -99,
        "EBIT": -89,
        "Net Income": -99
    },
    "2019-06-30": {
        "Diluted EPS": -0.63,
        "Total Revenue": 23,
        "Gross Profit": 18,
        "Operating Income": -111,
        "EBIT": -114,
        "Net Income": -110
    },
    "2019-03-31": {
        "Diluted EPS": -0.69,
        "Total Revenue": 28,
        "Gross Profit": 23,
        "Operating Income": -121,
        "EBIT": -118,
        "Net Income": -120
    },
    "2018-12-31": {
        "Diluted EPS": -0.39,
        "Total Revenue": 40,
        "Gross Profit": 32,
        "Operating Income": -100,
        "EBIT": -97,
        "Net Income": -98
    },
    "2018-09-30": {
        "Diluted EPS": -0.56,
        "Total Revenue": 28,
        "Gross Profit": 23,
        "Operating Income": -99,
        "EBIT": -96,
        "Net Income": -96
    },
    "2018-06-30": {
        "Diluted EPS": 5.33,
        "Total Revenue": NaN,
        "Gross Profit": NaN,
        "Operating Income": 974,
        "EBIT": 976,
        "Net Income": 971
    },
    "2018-03-31": {
        "Diluted EPS": -0.6,
        "Total Revenue": 38,
        "Gross Profit": 31,
        "Operating Income": -87,
        "EBIT": -84,
        "Net Income": -96
    },
    "2017-12-31": {
        "Diluted EPS": -0.18,
        "Total Revenue": 95,
        "Gross Profit": 86,
        "Operating Income": -24,
        "EBIT": -21,
        "Net Income": -34
    },
    "2017-09-30": {
        "Diluted EPS": 0.37,
        "Total Revenue": 153,
        "Gross Profit": 147,
        "Operating Income": 69,
        "EBIT": 73,
        "Net Income": 61
    },
    "2017-06-30": {
        "Diluted EPS": -0.39,
        "Total Revenue": 35,
        "Gross Profit": 26,
        "Operating Income": -51,
        "EBIT": -46,
        "Net Income": -60
    },
    "2017-03-31": {
        "Diluted EPS": -0.42,
        "Total Revenue": 25,
        "Gross Profit": 19,
        "Operating Income": -54,
        "EBIT": -50,
        "Net Income": -64
    },
    "2016-12-31": {
        "Diluted EPS": -0.28,
        "Total Revenue": 37,
        "Gross Profit": 31,
        "Operating Income": -32,
        "EBIT": -28,
        "Net Income": -42
    },
    "2016-09-30": {
        "Diluted EPS": -0.32,
        "Total Revenue": 36,
        "Gross Profit": 29,
        "Operating Income": -33,
        "EBIT": -29,
        "Net Income": -43
    },
    "2016-06-30": {
        "Diluted EPS": -0.36,
        "Total Revenue": 33,
        "Gross Profit": 25,
        "Operating Income": -38,
        "EBIT": -34,
        "Net Income": -49
    },
    "2016-03-31": {
        "Diluted EPS": -0.14,
        "Total Revenue": 59,
        "Gross Profit": 50,
        "Operating Income": -9,
        "EBIT": -6,
        "Net Income": -19
    },
    "2015-12-31": {
        "Diluted EPS": -0.4,
        "Total Revenue": 39,
        "Gross Profit": 31,
        "Operating Income": -29,
        "EBIT": -26,
        "Net Income": -54
    },
    "2015-09-30": {
        "Diluted EPS": -0.06,
        "Total Revenue": 60,
        "Gross Profit": 53,
        "Operating Income": 0,
        "EBIT": 4,
        "Net Income": -8
    },
    "2015-06-30": {
        "Diluted EPS": -0.4,
        "Total Revenue": 23,
        "Gross Profit": 12,
        "Operating Income": -43,
        "EBIT": -41,
        "Net Income": -53
    },
    "2015-03-31": {
        "Diluted EPS": 0.25,
        "Total Revenue": 109,
        "Gross Profit": 100,
        "Operating Income": 43,
        "EBIT": 46,
        "Net Income": 34
    },
    "2014-12-31": {
        "Diluted EPS": -0.32,
        "Total Revenue": 20,
        "Gross Profit": 13,
        "Operating Income": -37,
        "EBIT": -34,
        "Net Income": -46
    },
    "2014-09-30": {
        "Diluted EPS": 0.53,
        "Total Revenue": 133,
        "Gross Profit": 124,
        "Operating Income": 80,
        "EBIT": 84,
        "Net Income": 71
    },
    "2014-06-30": {
        "Diluted EPS": -0.26,
        "Total Revenue": 29,
        "Gross Profit": 23,
        "Operating Income": -23,
        "EBIT": -20,
        "Net Income": -33
    },
    "2014-03-31": {
        "Diluted EPS": -0.37,
        "Total Revenue": 20,
        "Gross Profit": 12,
        "Operating Income": -36,
        "EBIT": -33,
        "Net Income": -46
    },
    "2013-12-31": {
        "Diluted EPS": -0.41,
        "Total Revenue": 31,
        "Gross Profit": 22,
        "Operating Income": -36,
        "EBIT": -33,
        "Net Income": -48
    },
    "2013-09-30": {
        "Diluted EPS": -0.14,
        "Total Revenue": 61,
        "Gross Profit": 48,
        "Operating Income": -7,
        "EBIT": -3,
        "Net Income": -17
    },
    "2013-06-30": {
        "Diluted EPS": -0.37,
        "Total Revenue": 34,
        "Gross Profit": 29,
        "Operating Income": -33,
        "EBIT": -29,
        "Net Income": -43
    },
    "2013-03-31": {
        "Diluted EPS": -0.48,
        "Total Revenue": 23,
        "Gross Profit": 11,
        "Operating Income": -45,
        "EBIT": -41,
        "Net Income": -55
    },
    "2012-12-31": {
        "Diluted EPS": -0.46,
        "Total Revenue": 21,
        "Gross Profit": 14,
        "Operating Income": -43,
        "EBIT": -40,
        "Net Income": -53
    },
    "2012-09-30": {
        "Diluted EPS": -0.38,
        "Total Revenue": 18,
        "Gross Profit": 11,
        "Operating Income": -33,
        "EBIT": -29,
        "Net Income": -44
    },
    "2012-06-30": {
        "Diluted EPS": -0.3,
        "Total Revenue": 24,
        "Gross Profit": 16,
        "Operating Income": -27,
        "EBIT": -24,
        "Net Income": -34
    },
    "2012-03-31": {
        "Diluted EPS": -0.36,
        "Total Revenue": 18,
        "Gross Profit": 9,
        "Operating Income": -38,
        "EBIT": -34,
        "Net Income": -41
    },
    "2011-12-31": {
        "Diluted EPS": -0.33,
        "Total Revenue": 16,
        "Gross Profit": 10,
        "Operating Income": -34,
        "EBIT": -31,
        "Net Income": -37
    },
    "2011-09-30": {
        "Diluted EPS": -0.21,
        "Total Revenue": 27,
        "Gross Profit": 22,
        "Operating Income": -21,
        "EBIT": -18,
        "Net Income": -24
    },
    "2011-06-30": {
        "Diluted EPS": -0.32,
        "Total Revenue": 17,
        "Gross Profit": 9,
        "Operating Income": -34,
        "EBIT": -30,
        "Net Income": -36
    },
    "2011-03-31": {
        "Diluted EPS": -0.33,
        "Total Revenue": 11,
        "Gross Profit": 8,
        "Operating Income": -34,
        "EBIT": -30,
        "Net Income": -36
    },
    "2010-12-31": {
        "Diluted EPS": -0.23,
        "Total Revenue": 45,
        "Gross Profit": 35,
        "Operating Income": -21,
        "EBIT": -16,
        "Net Income": -23
    },
    "2010-09-30": {
        "Diluted EPS": -0.09,
        "Total Revenue": 38,
        "Gross Profit": 32,
        "Operating Income": -6,
        "EBIT": -2,
        "Net Income": -9
    },
    "2010-06-30": {
        "Diluted EPS": -0.01,
        "Total Revenue": 43,
        "Gross Profit": 38,
        "Operating Income": 2,
        "EBIT": 6,
        "Net Income": -1
    },
    "2010-03-31": {
        "Diluted EPS": -0.07,
        "Total Revenue": 33,
        "Gross Profit": 29,
        "Operating Income": -3,
        "EBIT": 1,
        "Net Income": -6
    },
    "2009-12-31": {
        "Diluted EPS": -0.09,
        "Total Revenue": 39,
        "Gross Profit": 30,
        "Operating Income": -5,
        "EBIT": -2,
        "Net Income": -8
    },
    "2009-09-30": {
        "Diluted EPS": -0.33,
        "Total Revenue": 10,
        "Gross Profit": 4,
        "Operating Income": -29,
        "EBIT": -25,
        "Net Income": -31
    },
    "2009-06-30": {
        "Diluted EPS": -0.35,
        "Total Revenue": 13,
        "Gross Profit": 3,
        "Operating Income": -30,
        "EBIT": -27,
        "Net Income": -32
    },
    "2009-03-31": {
        "Diluted EPS": -0.34,
        "Total Revenue": 10,
        "Gross Profit": 4,
        "Operating Income": -30,
        "EBIT": -27,
        "Net Income": -32
    },
    "2023-06-30": {
        "Tax Effect Of Unusual Items": -15205.260998,
        "Tax Rate For Calcs": 0.000919,
        "Normalized EBITDA": -28463000.0,
        "Total Unusual Items": -16554000.0,
        "Total Unusual Items Excluding Goodwill": -16554000.0,
        "Net Income From Continuing Operation Net Minority Interest": -51122000.0,
        "Reconciled Depreciation": NaN,
        "Reconciled Cost Of Revenue": 6994000.0,
        "EBIT": -45017000.0,
        "Net Interest Income": -570000.0,
        "Interest Expense": 6152000.0,
        "Interest Income": 5582000.0,
        "Normalized Income": -34583205.260998,
        "Net Income From Continuing And Discontinued Operation": -51122000.0,
        "Total Expenses": 54544000.0,
        "Total Operating Income As Reported": -50599000.0,
        "Diluted Average Shares": 189656000.0,
        "Basic Average Shares": 189656000.0,
        "Diluted EPS": -0.27,
        "Basic EPS": -0.27,
        "Diluted NI Availto Com Stockholders": -51122000.0,
        "Net Income Common Stockholders": -51122000.0,
        "Net Income": -51122000.0,
        "Net Income Including Noncontrolling Interests": -51122000.0,
        "Net Income Continuous Operations": -51122000.0,
        "Tax Provision": -47000.0,
        "Pretax Income": -51169000.0,
        "Other Income Expense": -16554000.0,
        "Special Income Charges": -16554000.0,
        "Other Special Charges": NaN,
        "Impairment Of Capital Assets": 0.0,
        "Restructuring And Mergern Acquisition": 16554000.0,
        "Gain On Sale Of Security": NaN,
        "Net Non Operating Interest Income Expense": -570000.0,
        "Interest Expense Non Operating": 6152000.0,
        "Interest Income Non Operating": 5582000.0,
        "Operating Income": -34045000.0,
        "Operating Expense": 47550000.0,
        "Research And Development": 29681000.0,
        "Selling General And Administration": 17869000.0,
        "General And Administrative Expense": 17869000.0,
        "Other Gand A": 17869000.0,
        "Gross Profit": 13505000.0,
        "Cost Of Revenue": 6994000.0,
        "Total Revenue": 20499000.0,
        "Operating Revenue": 20499000.0
    }
}