{
    "2023-03-31": {
        "Tax Effect Of Unusual Items": -1019600.0,
        "Tax Rate For Calcs": 0.4,
        "Normalized EBITDA": -12448000.0,
        "Total Unusual Items": -2549000.0,
        "Total Unusual Items Excluding Goodwill": -2549000.0,
        "Net Income From Continuing Operation Net Minority Interest": -20925000.0,
        "Reconciled Depreciation": 3147000.0,
        "Reconciled Cost Of Revenue": 57740000.0,
        "EBITDA": -14997000.0,
        "EBIT": -14997000.0,
        "Net Interest Income": -1634000.0,
        "Interest Expense": 1637000.0,
        "Interest Income": 3000.0,
        "Normalized Income": -19395600.0,
        "Net Income From Continuing And Discontinued Operation": -20937000.0,
        "Total Expenses": 83416000.0,
        "Total Operating Income As Reported": -17546000.0,
        "Diluted Average Shares": 31834000.0,
        "Basic Average Shares": 31834000.0,
        "Diluted EPS": -0.66,
        "Basic EPS": -0.66,
        "Diluted NI Availto Com Stockholders": -20937000.0,
        "Net Income Common Stockholders": -20937000.0,
        "Net Income": -20937000.0,
        "Net Income Including Noncontrolling Interests": -20937000.0,
        "Net Income Discontinuous Operations": -12000.0,
        "Net Income Continuous Operations": -20925000.0,
        "Tax Provision": 786000.0,
        "Pretax Income": -20139000.0,
        "Other Income Expense": -5142000.0,
        "Other Non Operating Income Expenses": -2593000.0,
        "Special Income Charges": -2549000.0,
        "Impairment Of Capital Assets": 0.0,
        "Restructuring And Mergern Acquisition": 2549000.0,
        "Net Non Operating Interest Income Expense": -1634000.0,
        "Interest Expense Non Operating": 1637000.0,
        "Interest Income Non Operating": 3000.0,
        "Operating Income": -14997000.0,
        "Operating Expense": 25676000.0,
        "Research And Development": 5507000.0,
        "Selling General And Administration": 20169000.0,
        "Selling And Marketing Expense": 12012000.0,
        "General And Administrative Expense": 8157000.0,
        "Other Gand A": 8157000.0,
        "Gross Profit": 10679000.0,
        "Cost Of Revenue": 57740000.0,
        "Total Revenue": 68419000.0,
        "Operating Revenue": 68419000.0
    },
    "2022-12-31": {
        "Tax Effect Of Unusual Items": 0.0,
        "Tax Rate For Calcs": 0.4,
        "Normalized EBITDA": -6402000.0,
        "Total Unusual Items": 0.0,
        "Total Unusual Items Excluding Goodwill": 0.0,
        "Net Income From Continuing Operation Net Minority Interest": -11081000.0,
        "Reconciled Depreciation": 3170000.0,
        "Reconciled Cost Of Revenue": 75219000.0,
        "EBITDA": -6402000.0,
        "EBIT": -9572000.0,
        "Net Interest Income": -1186000.0,
        "Interest Expense": 1187000.0,
        "Interest Income": 1000.0,
        "Normalized Income": -11081000.0,
        "Net Income From Continuing And Discontinued Operation": -11082000.0,
        "Total Expenses": 108367000.0,
        "Total Operating Income As Reported": -10288000.0,
        "Diluted Average Shares": 31514000.0,
        "Basic Average Shares": 31514000.0,
        "Diluted EPS": -0.35,
        "Basic EPS": -0.35,
        "Diluted NI Availto Com Stockholders": -11082000.0,
        "Net Income Common Stockholders": -11082000.0,
        "Net Income": -11082000.0,
        "Net Income Including Noncontrolling Interests": -11082000.0,
        "Net Income Discontinuous Operations": -1000.0,
        "Net Income Continuous Operations": -11081000.0,
        "Tax Provision": 322000.0,
        "Pretax Income": -10759000.0,
        "Other Income Expense": 715000.0,
        "Other Non Operating Income Expenses": 715000.0,
        "Special Income Charges": 0.0,
        "Impairment Of Capital Assets": 0.0,
        "Restructuring And Mergern Acquisition": NaN,
        "Net Non Operating Interest Income Expense": -1186000.0,
        "Interest Expense Non Operating": 1187000.0,
        "Interest Income Non Operating": 1000.0,
        "Operating Income": -10288000.0,
        "Operating Expense": 33148000.0,
        "Research And Development": 5086000.0,
        "Selling General And Administration": 28062000.0,
        "Selling And Marketing Expense": 17203000.0,
        "General And Administrative Expense": 10859000.0,
        "Other Gand A": 10859000.0,
        "Gross Profit": 22860000.0,
        "Cost Of Revenue": 75219000.0,
        "Total Revenue": 98079000.0,
        "Operating Revenue": 98079000.0
    },
    "2022-09-30": {
        "Tax Effect Of Unusual Items": 0.0,
        "Tax Rate For Calcs": 0.4,
        "Normalized EBITDA": -12082000.0,
        "Total Unusual Items": 0.0,
        "Total Unusual Items Excluding Goodwill": 0.0,
        "Net Income From Continuing Operation Net Minority Interest": -15313000.0,
        "Reconciled Depreciation": 2480000.0,
        "Reconciled Cost Of Revenue": 54000000.0,
        "EBITDA": -12082000.0,
        "EBIT": -14562000.0,
        "Net Interest Income": -591000.0,
        "Interest Expense": 595000.0,
        "Interest Income": 4000.0,
        "Normalized Income": -15313000.0,
        "Net Income From Continuing And Discontinued Operation": -13203000.0,
        "Total Expenses": 79800000.0,
        "Total Operating Income As Reported": -14342000.0,
        "Diluted Average Shares": 31585000.0,
        "Basic Average Shares": 31585000.0,
        "Diluted EPS": -0.41,
        "Basic EPS": -0.41,
        "Diluted NI Availto Com Stockholders": -13203000.0,
        "Net Income Common Stockholders": -13203000.0,
        "Net Income": -13203000.0,
        "Net Income Including Noncontrolling Interests": -13203000.0,
        "Net Income Discontinuous Operations": 2110000.0,
        "Net Income Continuous Operations": -15313000.0,
        "Tax Provision": 156000.0,
        "Pretax Income": -15157000.0,
        "Other Income Expense": -224000.0,
        "Other Non Operating Income Expenses": -224000.0,
        "Special Income Charges": 0.0,
        "Impairment Of Capital Assets": 0.0,
        "Restructuring And Mergern Acquisition": NaN,
        "Net Non Operating Interest Income Expense": -591000.0,
        "Interest Expense Non Operating": 595000.0,
        "Interest Income Non Operating": 4000.0,
        "Operating Income": -14342000.0,
        "Operating Expense": 25800000.0,
        "Research And Development": 5405000.0,
        "Selling General And Administration": 20395000.0,
        "Selling And Marketing Expense": 9400000.0,
        "General And Administrative Expense": 10995000.0,
        "Other Gand A": 10995000.0,
        "Gross Profit": 11458000.0,
        "Cost Of Revenue": 54000000.0,
        "Total Revenue": 65458000.0,
        "Operating Revenue": 65458000.0
    },
    "2022-06-30": {
        "Tax Effect Of Unusual Items": -10786000.0,
        "Tax Rate For Calcs": 0.4,
        "Normalized EBITDA": -22427000.0,
        "Total Unusual Items": -26965000.0,
        "Total Unusual Items Excluding Goodwill": -26965000.0,
        "Net Income From Continuing Operation Net Minority Interest": -60170000.0,
        "Reconciled Depreciation": 2306000.0,
        "Reconciled Cost Of Revenue": 47860000.0,
        "EBITDA": -49392000.0,
        "EBIT": -51698000.0,
        "Net Interest Income": -375000.0,
        "Interest Expense": 376000.0,
        "Interest Income": 1000.0,
        "Normalized Income": -43991000.0,
        "Net Income From Continuing And Discontinued Operation": -60177000.0,
        "Total Expenses": 79037000.0,
        "Total Operating Income As Reported": -51185000.0,
        "Diluted Average Shares": 31405000.0,
        "Basic Average Shares": 31405000.0,
        "Diluted EPS": -1.92,
        "Basic EPS": -1.92,
        "Diluted NI Availto Com Stockholders": -60177000.0,
        "Net Income Common Stockholders": -60177000.0,
        "Net Income": -60177000.0,
        "Net Income Including Noncontrolling Interests": -60177000.0,
        "Net Income Discontinuous Operations": -7000.0,
        "Net Income Continuous Operations": -60170000.0,
        "Tax Provision": 8096000.0,
        "Pretax Income": -52074000.0,
        "Other Income Expense": -27479000.0,
        "Other Non Operating Income Expenses": -514000.0,
        "Special Income Charges": -26965000.0,
        "Impairment Of Capital Assets": 26965000.0,
        "Restructuring And Mergern Acquisition": NaN,
        "Net Non Operating Interest Income Expense": -375000.0,
        "Interest Expense Non Operating": 376000.0,
        "Interest Income Non Operating": 1000.0,
        "Operating Income": -24220000.0,
        "Operating Expense": 31177000.0,
        "Research And Development": 5823000.0,
        "Selling General And Administration": 25354000.0,
        "Selling And Marketing Expense": 12891000.0,
        "General And Administrative Expense": 12463000.0,
        "Other Gand A": 12463000.0,
        "Gross Profit": 6957000.0,
        "Cost Of Revenue": 47860000.0,
        "Total Revenue": 54817000.0,
        "Operating Revenue": 54817000.0
    },
    "2022-03-31": {
        "Diluted EPS": -0.57,
        "Total Revenue": 120,
        "Gross Profit": 21,
        "Operating Income": -22,
        "EBIT": -19,
        "Net Income": -18
    },
    "2021-12-31": {
        "Diluted EPS": -0.43,
        "Total Revenue": 147,
        "Gross Profit": 30,
        "Operating Income": -19,
        "EBIT": -17,
        "Net Income": -13
    },
    "2021-09-30": {
        "Diluted EPS": -0.15,
        "Total Revenue": 138,
        "Gross Profit": 42,
        "Operating Income": -2,
        "EBIT": 0,
        "Net Income": -5
    },
    "2021-06-30": {
        "Diluted EPS": 0.43,
        "Total Revenue": 185,
        "Gross Profit": 56,
        "Operating Income": 18,
        "EBIT": 20,
        "Net Income": 14
    },
    "2021-03-31": {
        "Diluted EPS": 0.0,
        "Total Revenue": NaN,
        "Gross Profit": NaN,
        "Operating Income": NaN,
        "EBIT": NaN,
        "Net Income": NaN
    },
    "2020-12-31": {
        "Diluted EPS": 0.0,
        "Total Revenue": NaN,
        "Gross Profit": NaN,
        "Operating Income": NaN,
        "EBIT": NaN,
        "Net Income": NaN
    },
    "2020-09-30": {
        "Diluted EPS": 1.04,
        "Total Revenue": 155,
        "Gross Profit": 68,
        "Operating Income": 44,
        "EBIT": 17,
        "Net Income": 34
    },
    "2020-06-30": {
        "Diluted EPS": -0.17,
        "Total Revenue": 114,
        "Gross Profit": 47,
        "Operating Income": -7,
        "EBIT": 25,
        "Net Income": -5
    },
    "2020-03-31": {
        "Diluted EPS": 0.07,
        "Total Revenue": 94,
        "Gross Profit": 36,
        "Operating Income": 94,
        "EBIT": 94,
        "Net Income": 2
    },
    "2019-12-31": {
        "Diluted EPS": 0.0,
        "Total Revenue": NaN,
        "Gross Profit": NaN,
        "Operating Income": NaN,
        "EBIT": NaN,
        "Net Income": NaN
    },
    "2019-09-30": {
        "Diluted EPS": -0.3,
        "Total Revenue": 62,
        "Gross Profit": 19,
        "Operating Income": -8,
        "EBIT": -5,
        "Net Income": -9
    },
    "2019-06-30": {
        "Diluted EPS": -2.66,
        "Total Revenue": 59,
        "Gross Profit": 18,
        "Operating Income": -85,
        "EBIT": -8,
        "Net Income": -79
    },
    "2019-03-31": {
        "Diluted EPS": -0.29,
        "Total Revenue": 84,
        "Gross Profit": 36,
        "Operating Income": 84,
        "EBIT": 84,
        "Net Income": -9
    },
    "2018-12-31": {
        "Diluted EPS": 0.0,
        "Total Revenue": NaN,
        "Gross Profit": NaN,
        "Operating Income": NaN,
        "EBIT": NaN,
        "Net Income": NaN
    },
    "2018-09-30": {
        "Diluted EPS": 0.14,
        "Total Revenue": 91,
        "Gross Profit": 39,
        "Operating Income": 6,
        "EBIT": 8,
        "Net Income": 4
    },
    "2018-06-30": {
        "Diluted EPS": 0.03,
        "Total Revenue": 75,
        "Gross Profit": 34,
        "Operating Income": 1,
        "EBIT": 6,
        "Net Income": 1
    },
    "2018-03-31": {
        "Diluted EPS": 0.26,
        "Total Revenue": 115,
        "Gross Profit": 59,
        "Operating Income": 115,
        "EBIT": 115,
        "Net Income": 8
    },
    "2017-12-31": {
        "Diluted EPS": 0.0,
        "Total Revenue": NaN,
        "Gross Profit": NaN,
        "Operating Income": NaN,
        "EBIT": NaN,
        "Net Income": NaN
    },
    "2017-09-30": {
        "Diluted EPS": 0.27,
        "Total Revenue": 88,
        "Gross Profit": 41,
        "Operating Income": 13,
        "EBIT": 15,
        "Net Income": 8
    },
    "2017-06-30": {
        "Diluted EPS": 0.08,
        "Total Revenue": 77,
        "Gross Profit": 38,
        "Operating Income": 4,
        "EBIT": 8,
        "Net Income": 2
    },
    "2017-03-31": {
        "Diluted EPS": 0.23,
        "Total Revenue": 113,
        "Gross Profit": 62,
        "Operating Income": 113,
        "EBIT": 113,
        "Net Income": 7
    },
    "2016-12-31": {
        "Diluted EPS": 0.0,
        "Total Revenue": NaN,
        "Gross Profit": NaN,
        "Operating Income": NaN,
        "EBIT": NaN,
        "Net Income": NaN
    },
    "2016-09-30": {
        "Diluted EPS": 0.24,
        "Total Revenue": 81,
        "Gross Profit": 39,
        "Operating Income": 8,
        "EBIT": 10,
        "Net Income": 8
    },
    "2016-06-30": {
        "Diluted EPS": 0.11,
        "Total Revenue": 79,
        "Gross Profit": 42,
        "Operating Income": 7,
        "EBIT": 11,
        "Net Income": 4
    },
    "2016-03-31": {
        "Diluted EPS": 0.37,
        "Total Revenue": 121,
        "Gross Profit": 66,
        "Operating Income": 121,
        "EBIT": 121,
        "Net Income": 11
    },
    "2015-12-31": {
        "Diluted EPS": 0.0,
        "Total Revenue": NaN,
        "Gross Profit": NaN,
        "Operating Income": NaN,
        "EBIT": NaN,
        "Net Income": NaN
    },
    "2015-09-30": {
        "Diluted EPS": 0.12,
        "Total Revenue": 71,
        "Gross Profit": 36,
        "Operating Income": 6,
        "EBIT": 7,
        "Net Income": 4
    },
    "2015-06-30": {
        "Diluted EPS": 0.08,
        "Total Revenue": 60,
        "Gross Profit": 31,
        "Operating Income": 4,
        "EBIT": 6,
        "Net Income": 2
    },
    "2015-03-31": {
        "Diluted EPS": 0.34,
        "Total Revenue": 96,
        "Gross Profit": 54,
        "Operating Income": 96,
        "EBIT": 96,
        "Net Income": 11
    },
    "2014-12-31": {
        "Diluted EPS": 0.0,
        "Total Revenue": NaN,
        "Gross Profit": NaN,
        "Operating Income": NaN,
        "EBIT": NaN,
        "Net Income": NaN
    },
    "2014-09-30": {
        "Diluted EPS": 0.08,
        "Total Revenue": 59,
        "Gross Profit": 29,
        "Operating Income": 4,
        "EBIT": 5,
        "Net Income": 2
    },
    "2014-06-30": {
        "Diluted EPS": 0.02,
        "Total Revenue": 49,
        "Gross Profit": 25,
        "Operating Income": 2,
        "EBIT": 4,
        "Net Income": 1
    },
    "2014-03-31": {
        "Diluted EPS": 0.17,
        "Total Revenue": 72,
        "Gross Profit": 38,
        "Operating Income": 72,
        "EBIT": 72,
        "Net Income": 5
    },
    "2013-12-31": {
        "Diluted EPS": 0.0,
        "Total Revenue": NaN,
        "Gross Profit": NaN,
        "Operating Income": NaN,
        "EBIT": NaN,
        "Net Income": NaN
    },
    "2013-09-30": {
        "Diluted EPS": 0.04,
        "Total Revenue": 46,
        "Gross Profit": 22,
        "Operating Income": 1,
        "EBIT": 2,
        "Net Income": 1
    },
    "2013-06-30": {
        "Diluted EPS": 1.05,
        "Total Revenue": 36,
        "Gross Profit": 17,
        "Operating Income": -2,
        "EBIT": 0,
        "Net Income": 33
    },
    "2013-03-31": {
        "Diluted EPS": 0.17,
        "Total Revenue": 59,
        "Gross Profit": 31,
        "Operating Income": 59,
        "EBIT": 59,
        "Net Income": 5
    },
    "2012-12-31": {
        "Diluted EPS": 0.0,
        "Total Revenue": NaN,
        "Gross Profit": NaN,
        "Operating Income": NaN,
        "EBIT": NaN,
        "Net Income": NaN
    },
    "2012-09-30": {
        "Diluted EPS": 0.03,
        "Total Revenue": 38,
        "Gross Profit": 19,
        "Operating Income": 1,
        "EBIT": 2,
        "Net Income": 1
    },
    "2012-06-30": {
        "Diluted EPS": -0.01,
        "Total Revenue": 40,
        "Gross Profit": 17,
        "Operating Income": -1,
        "EBIT": 1,
        "Net Income": 0
    },
    "2012-03-31": {
        "Diluted EPS": 0.08,
        "Total Revenue": 51,
        "Gross Profit": 24,
        "Operating Income": 51,
        "EBIT": 51,
        "Net Income": 3
    },
    "2011-12-31": {
        "Diluted EPS": 0.0,
        "Total Revenue": NaN,
        "Gross Profit": NaN,
        "Operating Income": NaN,
        "EBIT": NaN,
        "Net Income": NaN
    },
    "2011-09-30": {
        "Diluted EPS": -0.0,
        "Total Revenue": 37,
        "Gross Profit": 16,
        "Operating Income": -1,
        "EBIT": 0,
        "Net Income": 0
    },
    "2011-06-30": {
        "Diluted EPS": -0.11,
        "Total Revenue": 35,
        "Gross Profit": 15,
        "Operating Income": -3,
        "EBIT": -1,
        "Net Income": -3
    },
    "2011-03-31": {
        "Diluted EPS": 0.05,
        "Total Revenue": 48,
        "Gross Profit": 22,
        "Operating Income": 48,
        "EBIT": 48,
        "Net Income": 2
    },
    "2010-12-31": {
        "Diluted EPS": 0.0,
        "Total Revenue": NaN,
        "Gross Profit": NaN,
        "Operating Income": NaN,
        "EBIT": NaN,
        "Net Income": NaN
    },
    "2010-09-30": {
        "Diluted EPS": -0.14,
        "Total Revenue": 38,
        "Gross Profit": 17,
        "Operating Income": -3,
        "EBIT": -2,
        "Net Income": -4
    },
    "2010-06-30": {
        "Diluted EPS": -0.35,
        "Total Revenue": 31,
        "Gross Profit": 13,
        "Operating Income": -7,
        "EBIT": -3,
        "Net Income": -11
    },
    "2010-03-31": {
        "Diluted EPS": -0.25,
        "Total Revenue": 46,
        "Gross Profit": 23,
        "Operating Income": -2,
        "EBIT": -2,
        "Net Income": -8
    },
    "2009-12-31": {
        "Diluted EPS": 0.0,
        "Total Revenue": NaN,
        "Gross Profit": NaN,
        "Operating Income": NaN,
        "EBIT": -8,
        "Net Income": NaN
    },
    "2009-09-30": {
        "Diluted EPS": -0.8,
        "Total Revenue": 41,
        "Gross Profit": 20,
        "Operating Income": -3,
        "EBIT": 0,
        "Net Income": -24
    },
    "2009-06-30": {
        "Diluted EPS": -0.68,
        "Total Revenue": 40,
        "Gross Profit": 20,
        "Operating Income": -15,
        "EBIT": -9,
        "Net Income": -21
    },
    "2009-03-31": {
        "Diluted EPS": -0.45,
        "Total Revenue": 54,
        "Gross Profit": 30,
        "Operating Income": -4,
        "EBIT": -4,
        "Net Income": -14
    },
    "2023-06-30": {
        "Tax Effect Of Unusual Items": -176000.0,
        "Tax Rate For Calcs": 0.4,
        "Normalized EBITDA": 1638000.0,
        "Total Unusual Items": -440000.0,
        "Total Unusual Items Excluding Goodwill": -440000.0,
        "Net Income From Continuing Operation Net Minority Interest": -4924000.0,
        "Reconciled Depreciation": 3150000.0,
        "Reconciled Cost Of Revenue": 33101000.0,
        "EBITDA": 1198000.0,
        "EBIT": -1952000.0,
        "Net Interest Income": -2453000.0,
        "Interest Expense": 2467000.0,
        "Interest Income": 14000.0,
        "Normalized Income": -4660000.0,
        "Net Income From Continuing And Discontinued Operation": -4924000.0,
        "Total Expenses": 51843000.0,
        "Total Operating Income As Reported": -10533000.0,
        "Diluted Average Shares": 32355000.0,
        "Basic Average Shares": 32355000.0,
        "Diluted EPS": -0.15,
        "Basic EPS": -0.15,
        "Diluted NI Availto Com Stockholders": -4924000.0,
        "Net Income Common Stockholders": -4924000.0,
        "Net Income": -4924000.0,
        "Net Income Including Noncontrolling Interests": -4924000.0,
        "Net Income Discontinuous Operations": 0.0,
        "Net Income Continuous Operations": -4924000.0,
        "Tax Provision": 505000.0,
        "Pretax Income": -4419000.0,
        "Other Income Expense": 8127000.0,
        "Other Non Operating Income Expenses": 8567000.0,
        "Special Income Charges": -440000.0,
        "Impairment Of Capital Assets": 0.0,
        "Restructuring And Mergern Acquisition": 440000.0,
        "Net Non Operating Interest Income Expense": -2453000.0,
        "Interest Expense Non Operating": 2467000.0,
        "Interest Income Non Operating": 14000.0,
        "Operating Income": -10093000.0,
        "Operating Expense": 18742000.0,
        "Research And Development": 3847000.0,
        "Selling General And Administration": 14895000.0,
        "Selling And Marketing Expense": 6001000.0,
        "General And Administrative Expense": 8894000.0,
        "Other Gand A": 8894000.0,
        "Gross Profit": 8649000.0,
        "Cost Of Revenue": 33101000.0,
        "Total Revenue": 41750000.0,
        "Operating Revenue": 37948000.0
    }
}