{
    "2023-03-31": {
        "Tax Effect Of Unusual Items": 98280.0,
        "Tax Rate For Calcs": 0.21,
        "Normalized EBITDA": 6296000.0,
        "Total Unusual Items": 468000.0,
        "Total Unusual Items Excluding Goodwill": 468000.0,
        "Net Income From Continuing Operation Net Minority Interest": -10175000.0,
        "Reconciled Depreciation": 11516000.0,
        "Reconciled Cost Of Revenue": 108421000.0,
        "EBITDA": 6764000.0,
        "EBIT": -4752000.0,
        "Net Interest Income": -4756000.0,
        "Interest Expense": 4403000.0,
        "Normalized Income": -10544720.0,
        "Net Income From Continuing And Discontinued Operation": -10175000.0,
        "Total Expenses": 134163000.0,
        "Total Operating Income As Reported": -7075000.0,
        "Diluted Average Shares": 45309000.0,
        "Basic Average Shares": 45309000.0,
        "Diluted EPS": -0.29,
        "Basic EPS": -0.29,
        "Diluted NI Availto Com Stockholders": -13226000.0,
        "Net Income Common Stockholders": -13226000.0,
        "Preferred Stock Dividends": 3051000.0,
        "Net Income": -10175000.0,
        "Net Income Including Noncontrolling Interests": -10175000.0,
        "Net Income Continuous Operations": -10175000.0,
        "Earnings From Equity Interest Net Of Tax": 281000.0,
        "Tax Provision": 1301000.0,
        "Pretax Income": -9155000.0,
        "Other Income Expense": 2676000.0,
        "Other Non Operating Income Expenses": 2208000.0,
        "Special Income Charges": NaN,
        "Gain On Sale Of Security": 468000.0,
        "Net Non Operating Interest Income Expense": -4756000.0,
        "Total Other Finance Cost": 353000.0,
        "Interest Expense Non Operating": 4403000.0,
        "Operating Income": -7075000.0,
        "Operating Expense": 25742000.0,
        "Other Operating Expenses": 1061000.0,
        "Depreciation Amortization Depletion Income Statement": 11516000.0,
        "Depreciation And Amortization In Income Statement": 11516000.0,
        "Selling General And Administration": 13165000.0,
        "Gross Profit": 18667000.0,
        "Cost Of Revenue": 108421000.0,
        "Total Revenue": 127088000.0,
        "Operating Revenue": 114010000.0
    },
    "2022-12-31": {
        "Tax Effect Of Unusual Items": NaN,
        "Tax Rate For Calcs": NaN,
        "Normalized EBITDA": NaN,
        "Total Unusual Items": NaN,
        "Total Unusual Items Excluding Goodwill": NaN,
        "Net Income From Continuing Operation Net Minority Interest": NaN,
        "Reconciled Depreciation": NaN,
        "Reconciled Cost Of Revenue": NaN,
        "EBITDA": NaN,
        "EBIT": NaN,
        "Net Interest Income": NaN,
        "Interest Expense": NaN,
        "Normalized Income": NaN,
        "Net Income From Continuing And Discontinued Operation": NaN,
        "Total Expenses": NaN,
        "Total Operating Income As Reported": NaN,
        "Diluted Average Shares": NaN,
        "Basic Average Shares": NaN,
        "Diluted EPS": NaN,
        "Basic EPS": NaN,
        "Diluted NI Availto Com Stockholders": NaN,
        "Net Income Common Stockholders": NaN,
        "Preferred Stock Dividends": NaN,
        "Net Income": NaN,
        "Net Income Including Noncontrolling Interests": NaN,
        "Net Income Continuous Operations": NaN,
        "Earnings From Equity Interest Net Of Tax": NaN,
        "Tax Provision": NaN,
        "Pretax Income": NaN,
        "Other Income Expense": NaN,
        "Other Non Operating Income Expenses": NaN,
        "Special Income Charges": 0.0,
        "Gain On Sale Of Security": NaN,
        "Net Non Operating Interest Income Expense": NaN,
        "Total Other Finance Cost": NaN,
        "Interest Expense Non Operating": NaN,
        "Operating Income": NaN,
        "Operating Expense": NaN,
        "Other Operating Expenses": NaN,
        "Depreciation Amortization Depletion Income Statement": NaN,
        "Depreciation And Amortization In Income Statement": NaN,
        "Selling General And Administration": NaN,
        "Gross Profit": NaN,
        "Cost Of Revenue": NaN,
        "Total Revenue": NaN,
        "Operating Revenue": NaN
    },
    "2022-09-30": {
        "Tax Effect Of Unusual Items": NaN,
        "Tax Rate For Calcs": NaN,
        "Normalized EBITDA": NaN,
        "Total Unusual Items": NaN,
        "Total Unusual Items Excluding Goodwill": NaN,
        "Net Income From Continuing Operation Net Minority Interest": NaN,
        "Reconciled Depreciation": NaN,
        "Reconciled Cost Of Revenue": NaN,
        "EBITDA": NaN,
        "EBIT": NaN,
        "Net Interest Income": NaN,
        "Interest Expense": NaN,
        "Normalized Income": NaN,
        "Net Income From Continuing And Discontinued Operation": NaN,
        "Total Expenses": NaN,
        "Total Operating Income As Reported": NaN,
        "Diluted Average Shares": NaN,
        "Basic Average Shares": NaN,
        "Diluted EPS": NaN,
        "Basic EPS": NaN,
        "Diluted NI Availto Com Stockholders": NaN,
        "Net Income Common Stockholders": NaN,
        "Preferred Stock Dividends": NaN,
        "Net Income": NaN,
        "Net Income Including Noncontrolling Interests": NaN,
        "Net Income Continuous Operations": NaN,
        "Earnings From Equity Interest Net Of Tax": NaN,
        "Tax Provision": NaN,
        "Pretax Income": NaN,
        "Other Income Expense": NaN,
        "Other Non Operating Income Expenses": NaN,
        "Special Income Charges": 0.0,
        "Gain On Sale Of Security": NaN,
        "Net Non Operating Interest Income Expense": NaN,
        "Total Other Finance Cost": NaN,
        "Interest Expense Non Operating": NaN,
        "Operating Income": NaN,
        "Operating Expense": NaN,
        "Other Operating Expenses": NaN,
        "Depreciation Amortization Depletion Income Statement": NaN,
        "Depreciation And Amortization In Income Statement": NaN,
        "Selling General And Administration": NaN,
        "Gross Profit": NaN,
        "Cost Of Revenue": NaN,
        "Total Revenue": NaN,
        "Operating Revenue": NaN
    },
    "2022-06-30": {
        "Tax Effect Of Unusual Items": -15200.0,
        "Tax Rate For Calcs": 0.4,
        "Normalized EBITDA": 6563000.0,
        "Total Unusual Items": -38000.0,
        "Total Unusual Items Excluding Goodwill": -38000.0,
        "Net Income From Continuing Operation Net Minority Interest": -8567000.0,
        "Reconciled Depreciation": 11340000.0,
        "Reconciled Cost Of Revenue": 103889000.0,
        "EBITDA": 6525000.0,
        "EBIT": -4815000.0,
        "Net Interest Income": -3450000.0,
        "Interest Expense": 3120000.0,
        "Normalized Income": -8544200.0,
        "Net Income From Continuing And Discontinued Operation": -8567000.0,
        "Total Expenses": 129876000.0,
        "Total Operating Income As Reported": -4514000.0,
        "Diluted Average Shares": 44708000.0,
        "Basic Average Shares": 44708000.0,
        "Diluted EPS": -0.25,
        "Basic EPS": -0.25,
        "Diluted NI Availto Com Stockholders": -11225000.0,
        "Net Income Common Stockholders": -11225000.0,
        "Preferred Stock Dividends": 2658000.0,
        "Net Income": -8567000.0,
        "Net Income Including Noncontrolling Interests": -8567000.0,
        "Net Income Discontinuous Operations": NaN,
        "Net Income Continuous Operations": -8567000.0,
        "Earnings From Equity Interest Net Of Tax": 419000.0,
        "Tax Provision": 1051000.0,
        "Pretax Income": -7935000.0,
        "Other Income Expense": 29000.0,
        "Other Non Operating Income Expenses": 67000.0,
        "Special Income Charges": 0.0,
        "Gain On Sale Of Security": -38000.0,
        "Net Non Operating Interest Income Expense": -3450000.0,
        "Total Other Finance Cost": 330000.0,
        "Interest Expense Non Operating": 3120000.0,
        "Operating Income": -4514000.0,
        "Operating Expense": 25987000.0,
        "Other Operating Expenses": -147000.0,
        "Depreciation Amortization Depletion Income Statement": 11340000.0,
        "Depreciation And Amortization In Income Statement": 11340000.0,
        "Selling General And Administration": 14794000.0,
        "Gross Profit": 21473000.0,
        "Cost Of Revenue": 103889000.0,
        "Total Revenue": 125362000.0,
        "Operating Revenue": 125362000.0
    },
    "2022-03-31": {
        "Diluted EPS": -0.13,
        "Total Revenue": 128,
        "Gross Profit": 23,
        "Operating Income": -3,
        "EBIT": 8,
        "Net Income": -6
    },
    "2021-12-31": {
        "Diluted EPS": -0.03,
        "Total Revenue": 110,
        "Gross Profit": 19,
        "Operating Income": -4,
        "EBIT": 8,
        "Net Income": 20
    },
    "2021-09-30": {
        "Diluted EPS": -0.13,
        "Total Revenue": 117,
        "Gross Profit": 19,
        "Operating Income": -5,
        "EBIT": 7,
        "Net Income": -6
    },
    "2021-06-30": {
        "Diluted EPS": -0.17,
        "Total Revenue": 123,
        "Gross Profit": 23,
        "Operating Income": -2,
        "EBIT": 10,
        "Net Income": -8
    },
    "2021-03-31": {
        "Diluted EPS": -0.46,
        "Total Revenue": 127,
        "Gross Profit": 27,
        "Operating Income": 1,
        "EBIT": 13,
        "Net Income": -19
    },
    "2020-12-31": {
        "Diluted EPS": 3.41,
        "Total Revenue": 119,
        "Gross Profit": 25,
        "Operating Income": -1,
        "EBIT": 21,
        "Net Income": 147
    },
    "2020-09-30": {
        "Diluted EPS": 0.45,
        "Total Revenue": 114,
        "Gross Profit": 24,
        "Operating Income": -1,
        "EBIT": 24,
        "Net Income": 22
    },
    "2020-06-30": {
        "Diluted EPS": -0.59,
        "Total Revenue": 79,
        "Gross Profit": 13,
        "Operating Income": -11,
        "EBIT": 14,
        "Net Income": -25
    },
    "2020-03-31": {
        "Diluted EPS": -5.96,
        "Total Revenue": 116,
        "Gross Profit": 22,
        "Operating Income": -104,
        "EBIT": -79,
        "Net Income": -251
    },
    "2019-12-31": {
        "Diluted EPS": -0.35,
        "Total Revenue": 111,
        "Gross Profit": 19,
        "Operating Income": -10,
        "EBIT": 14,
        "Net Income": -14
    },
    "2019-09-30": {
        "Diluted EPS": -0.14,
        "Total Revenue": 120,
        "Gross Profit": 24,
        "Operating Income": -2,
        "EBIT": 22,
        "Net Income": -6
    },
    "2019-06-30": {
        "Diluted EPS": -0.17,
        "Total Revenue": 222,
        "Gross Profit": 58,
        "Operating Income": 8,
        "EBIT": 32,
        "Net Income": -7
    },
    "2019-03-31": {
        "Diluted EPS": -0.47,
        "Total Revenue": 213,
        "Gross Profit": 51,
        "Operating Income": 0,
        "EBIT": 24,
        "Net Income": -20
    },
    "2018-12-31": {
        "Diluted EPS": -6.71,
        "Total Revenue": -47,
        "Gross Profit": -29,
        "Operating Income": -204,
        "EBIT": -184,
        "Net Income": -219
    },
    "2018-09-30": {
        "Diluted EPS": -0.48,
        "Total Revenue": 206,
        "Gross Profit": 49,
        "Operating Income": 6,
        "EBIT": 28,
        "Net Income": -14
    },
    "2018-06-30": {
        "Diluted EPS": -0.89,
        "Total Revenue": 196,
        "Gross Profit": 48,
        "Operating Income": 0,
        "EBIT": 17,
        "Net Income": -25
    },
    "2018-03-31": {
        "Diluted EPS": -0.22,
        "Total Revenue": 169,
        "Gross Profit": 43,
        "Operating Income": 4,
        "EBIT": 19,
        "Net Income": -6
    },
    "2017-12-31": {
        "Diluted EPS": 1.78,
        "Total Revenue": 156,
        "Gross Profit": 36,
        "Operating Income": 0,
        "EBIT": 14,
        "Net Income": 50
    },
    "2017-09-30": {
        "Diluted EPS": 4.57,
        "Total Revenue": 148,
        "Gross Profit": 37,
        "Operating Income": 6,
        "EBIT": 22,
        "Net Income": 126
    },
    "2017-06-30": {
        "Diluted EPS": -0.77,
        "Total Revenue": 158,
        "Gross Profit": 43,
        "Operating Income": 13,
        "EBIT": 30,
        "Net Income": -21
    },
    "2017-03-31": {
        "Diluted EPS": 0.27,
        "Total Revenue": 158,
        "Gross Profit": 43,
        "Operating Income": 14,
        "EBIT": 31,
        "Net Income": 7
    },
    "2016-12-31": {
        "Diluted EPS": 0.06,
        "Total Revenue": 12,
        "Gross Profit": 7,
        "Operating Income": -7,
        "EBIT": 9,
        "Net Income": 1
    },
    "2016-09-30": {
        "Diluted EPS": 0.16,
        "Total Revenue": 147,
        "Gross Profit": 40,
        "Operating Income": 13,
        "EBIT": 29,
        "Net Income": 4
    },
    "2016-06-30": {
        "Diluted EPS": 0.08,
        "Total Revenue": 214,
        "Gross Profit": 57,
        "Operating Income": 17,
        "EBIT": 34,
        "Net Income": 2
    },
    "2016-03-31": {
        "Diluted EPS": -0.05,
        "Total Revenue": 212,
        "Gross Profit": 52,
        "Operating Income": 12,
        "EBIT": 30,
        "Net Income": -1
    },
    "2015-12-31": {
        "Diluted EPS": -1.15,
        "Total Revenue": -78,
        "Gross Profit": -20,
        "Operating Income": -38,
        "EBIT": -19,
        "Net Income": -24
    },
    "2015-09-30": {
        "Diluted EPS": 0.17,
        "Total Revenue": 155,
        "Gross Profit": 35,
        "Operating Income": 10,
        "EBIT": 19,
        "Net Income": 5
    },
    "2015-06-30": {
        "Diluted EPS": 0.36,
        "Total Revenue": 165,
        "Gross Profit": 36,
        "Operating Income": 14,
        "EBIT": 23,
        "Net Income": 7
    },
    "2015-03-31": {
        "Diluted EPS": 0.31,
        "Total Revenue": 164,
        "Gross Profit": 34,
        "Operating Income": 14,
        "EBIT": 23,
        "Net Income": 6
    },
    "2014-12-31": {
        "Diluted EPS": 0.08,
        "Total Revenue": 154,
        "Gross Profit": 34,
        "Operating Income": 9,
        "EBIT": 17,
        "Net Income": 2
    },
    "2014-09-30": {
        "Diluted EPS": -0.21,
        "Total Revenue": 126,
        "Gross Profit": 25,
        "Operating Income": 3,
        "EBIT": 9,
        "Net Income": -4
    },
    "2014-06-30": {
        "Diluted EPS": 0.29,
        "Total Revenue": 107,
        "Gross Profit": 22,
        "Operating Income": 8,
        "EBIT": 12,
        "Net Income": 5
    },
    "2014-03-31": {
        "Diluted EPS": 0.29,
        "Total Revenue": 103,
        "Gross Profit": 22,
        "Operating Income": 8,
        "EBIT": 12,
        "Net Income": 5
    },
    "2013-12-31": {
        "Diluted EPS": 0.26,
        "Total Revenue": 90,
        "Gross Profit": 18,
        "Operating Income": 6,
        "EBIT": 11,
        "Net Income": 4
    },
    "2013-09-30": {
        "Diluted EPS": 0.29,
        "Total Revenue": 93,
        "Gross Profit": 20,
        "Operating Income": 8,
        "EBIT": 12,
        "Net Income": 5
    },
    "2013-06-30": {
        "Diluted EPS": 0.28,
        "Total Revenue": 96,
        "Gross Profit": 21,
        "Operating Income": 8,
        "EBIT": 12,
        "Net Income": 5
    },
    "2013-03-31": {
        "Diluted EPS": 0.17,
        "Total Revenue": 94,
        "Gross Profit": 19,
        "Operating Income": 6,
        "EBIT": 10,
        "Net Income": 3
    },
    "2012-12-31": {
        "Diluted EPS": 0.48,
        "Total Revenue": 80,
        "Gross Profit": 15,
        "Operating Income": 2,
        "EBIT": 6,
        "Net Income": 8
    },
    "2012-09-30": {
        "Diluted EPS": 0.18,
        "Total Revenue": 87,
        "Gross Profit": 18,
        "Operating Income": 6,
        "EBIT": 10,
        "Net Income": 3
    },
    "2012-06-30": {
        "Diluted EPS": 0.41,
        "Total Revenue": 99,
        "Gross Profit": 21,
        "Operating Income": 8,
        "EBIT": 13,
        "Net Income": 7
    },
    "2012-03-31": {
        "Diluted EPS": 0.35,
        "Total Revenue": 105,
        "Gross Profit": 22,
        "Operating Income": 9,
        "EBIT": 14,
        "Net Income": 6
    },
    "2011-12-31": {
        "Diluted EPS": 0.29,
        "Total Revenue": 96,
        "Gross Profit": 17,
        "Operating Income": 5,
        "EBIT": 10,
        "Net Income": 5
    },
    "2011-09-30": {
        "Diluted EPS": 0.28,
        "Total Revenue": 101,
        "Gross Profit": 18,
        "Operating Income": 6,
        "EBIT": 10,
        "Net Income": 5
    },
    "2011-06-30": {
        "Diluted EPS": 0.34,
        "Total Revenue": 116,
        "Gross Profit": 21,
        "Operating Income": 9,
        "EBIT": 14,
        "Net Income": 6
    },
    "2011-03-31": {
        "Diluted EPS": 0.33,
        "Total Revenue": 111,
        "Gross Profit": 21,
        "Operating Income": 9,
        "EBIT": 13,
        "Net Income": 6
    },
    "2010-12-31": {
        "Diluted EPS": 0.13,
        "Total Revenue": 96,
        "Gross Profit": 17,
        "Operating Income": 5,
        "EBIT": 9,
        "Net Income": 2
    },
    "2010-09-30": {
        "Diluted EPS": -0.06,
        "Total Revenue": 91,
        "Gross Profit": 16,
        "Operating Income": 3,
        "EBIT": 7,
        "Net Income": -1
    },
    "2010-06-30": {
        "Diluted EPS": 0.31,
        "Total Revenue": 93,
        "Gross Profit": 19,
        "Operating Income": 7,
        "EBIT": 12,
        "Net Income": 5
    },
    "2010-03-31": {
        "Diluted EPS": 0.01,
        "Total Revenue": 85,
        "Gross Profit": 16,
        "Operating Income": 2,
        "EBIT": 8,
        "Net Income": 0
    },
    "2009-12-31": {
        "Diluted EPS": -0.2,
        "Total Revenue": 78,
        "Gross Profit": 12,
        "Operating Income": -3,
        "EBIT": 4,
        "Net Income": -3
    },
    "2009-09-30": {
        "Diluted EPS": -0.55,
        "Total Revenue": 66,
        "Gross Profit": 7,
        "Operating Income": -9,
        "EBIT": -4,
        "Net Income": -9
    },
    "2009-06-30": {
        "Diluted EPS": -0.83,
        "Total Revenue": 57,
        "Gross Profit": 3,
        "Operating Income": -9,
        "EBIT": -3,
        "Net Income": -13
    },
    "2009-03-31": {
        "Diluted EPS": -0.59,
        "Total Revenue": 58,
        "Gross Profit": 2,
        "Operating Income": -11,
        "EBIT": -6,
        "Net Income": -10
    },
    "2023-06-30": {
        "Tax Effect Of Unusual Items": 94290.0,
        "Tax Rate For Calcs": 0.21,
        "Normalized EBITDA": 1335000.0,
        "Total Unusual Items": 449000.0,
        "Total Unusual Items Excluding Goodwill": 449000.0,
        "Net Income From Continuing Operation Net Minority Interest": -14377000.0,
        "Reconciled Depreciation": 11550000.0,
        "Reconciled Cost Of Revenue": 107684000.0,
        "EBITDA": 1784000.0,
        "EBIT": -9766000.0,
        "Net Interest Income": -5906000.0,
        "Interest Expense": 5379000.0,
        "Normalized Income": -14731710.0,
        "Net Income From Continuing And Discontinued Operation": -14377000.0,
        "Total Expenses": 129253000.0,
        "Total Operating Income As Reported": -4047000.0,
        "Diluted Average Shares": 46357000.0,
        "Basic Average Shares": 46357000.0,
        "Diluted EPS": -0.38,
        "Basic EPS": -0.38,
        "Diluted NI Availto Com Stockholders": -17573000.0,
        "Net Income Common Stockholders": -17573000.0,
        "Preferred Stock Dividends": 3196000.0,
        "Net Income": -14377000.0,
        "Net Income Including Noncontrolling Interests": -14377000.0,
        "Net Income Continuous Operations": -14377000.0,
        "Earnings From Equity Interest Net Of Tax": 1093000.0,
        "Tax Provision": 325000.0,
        "Pretax Income": -15145000.0,
        "Other Income Expense": -5192000.0,
        "Other Non Operating Income Expenses": -5641000.0,
        "Gain On Sale Of Security": 449000.0,
        "Net Non Operating Interest Income Expense": -5906000.0,
        "Total Other Finance Cost": 527000.0,
        "Interest Expense Non Operating": 5379000.0,
        "Operating Income": -4047000.0,
        "Operating Expense": 21569000.0,
        "Other Operating Expenses": -956000.0,
        "Depreciation Amortization Depletion Income Statement": 11550000.0,
        "Depreciation And Amortization In Income Statement": 11550000.0,
        "Selling General And Administration": 10975000.0,
        "Gross Profit": 17522000.0,
        "Cost Of Revenue": 107684000.0,
        "Total Revenue": 125206000.0,
        "Operating Revenue": 125206000.0
    },
    "2023-09-30": {
        "Tax Effect Of Unusual Items": 15715.0,
        "Tax Rate For Calcs": 0.035,
        "Normalized EBITDA": 9772000.0,
        "Total Unusual Items": 449000.0,
        "Total Unusual Items Excluding Goodwill": 449000.0,
        "Net Income From Continuing Operation Net Minority Interest": -5057000.0,
        "Reconciled Depreciation": 11577000.0,
        "Reconciled Cost Of Revenue": 104543000.0,
        "EBITDA": 10221000.0,
        "EBIT": -1356000.0,
        "Net Interest Income": -6188000.0,
        "Interest Expense": 5659000.0,
        "Normalized Income": -5490285.0,
        "Net Income From Continuing And Discontinued Operation": -5057000.0,
        "Total Expenses": 127182000.0,
        "Total Operating Income As Reported": -2739000.0,
        "Diluted Average Shares": 47539000.0,
        "Basic Average Shares": 47539000.0,
        "Diluted EPS": -0.18,
        "Basic EPS": -0.18,
        "Diluted NI Availto Com Stockholders": -8404000.0,
        "Net Income Common Stockholders": -8404000.0,
        "Preferred Stock Dividends": 3347000.0,
        "Net Income": -5057000.0,
        "Net Income Including Noncontrolling Interests": -5057000.0,
        "Net Income Continuous Operations": -5057000.0,
        "Earnings From Equity Interest Net Of Tax": 1713000.0,
        "Tax Provision": -245000.0,
        "Pretax Income": -7015000.0,
        "Other Income Expense": 1912000.0,
        "Other Non Operating Income Expenses": 1463000.0,
        "Gain On Sale Of Security": 449000.0,
        "Net Non Operating Interest Income Expense": -6188000.0,
        "Total Other Finance Cost": 529000.0,
        "Interest Expense Non Operating": 5659000.0,
        "Operating Income": -2739000.0,
        "Operating Expense": 22639000.0,
        "Other Operating Expenses": -631000.0,
        "Depreciation Amortization Depletion Income Statement": 11577000.0,
        "Depreciation And Amortization In Income Statement": 11577000.0,
        "Selling General And Administration": 11693000.0,
        "Gross Profit": 19900000.0,
        "Cost Of Revenue": 104543000.0,
        "Total Revenue": 124443000.0,
        "Operating Revenue": 112011000.0
    },
    "2023-12-31": {
        "Tax Effect Of Unusual Items": 94290.0,
        "Tax Rate For Calcs": 0.21,
        "Normalized EBITDA": -5758000.0,
        "Total Unusual Items": 449000.0,
        "Total Unusual Items Excluding Goodwill": 449000.0,
        "Net Income From Continuing Operation Net Minority Interest": -20541000.0,
        "Reconciled Depreciation": 11477000.0,
        "Reconciled Cost Of Revenue": 98527000.0,
        "EBITDA": -5309000.0,
        "EBIT": -16786000.0,
        "Net Interest Income": -6102000.0,
        "Interest Expense": 5570000.0,
        "Normalized Income": -20895710.0,
        "Net Income From Continuing And Discontinued Operation": -20541000.0,
        "Total Expenses": 120476000.0,
        "Total Operating Income As Reported": 35665000.0,
        "Diluted Average Shares": 47709000.0,
        "Basic Average Shares": 47709000.0,
        "Diluted EPS": -0.5,
        "Basic EPS": -0.5,
        "Diluted NI Availto Com Stockholders": -24045000.0,
        "Net Income Common Stockholders": -24045000.0,
        "Preferred Stock Dividends": 3504000.0,
        "Net Income": -20541000.0,
        "Net Income Including Noncontrolling Interests": -20541000.0,
        "Net Income Continuous Operations": -20541000.0,
        "Earnings From Equity Interest Net Of Tax": 2719000.0,
        "Tax Provision": 904000.0,
        "Pretax Income": -22356000.0,
        "Other Income Expense": -8311000.0,
        "Other Non Operating Income Expenses": -8760000.0,
        "Gain On Sale Of Security": 449000.0,
        "Net Non Operating Interest Income Expense": -6102000.0,
        "Total Other Finance Cost": 532000.0,
        "Interest Expense Non Operating": 5570000.0,
        "Operating Income": -7943000.0,
        "Operating Expense": 21949000.0,
        "Other Operating Expenses": -1131000.0,
        "Depreciation Amortization Depletion Income Statement": 11477000.0,
        "Depreciation And Amortization In Income Statement": 11477000.0,
        "Selling General And Administration": 11603000.0,
        "Gross Profit": 14006000.0,
        "Cost Of Revenue": 98527000.0,
        "Total Revenue": 112533000.0,
        "Operating Revenue": 102270000.0
    },
    "2024-03-31": {
        "Tax Effect Of Unusual Items": 94290.0,
        "Tax Rate For Calcs": 0.21,
        "Normalized EBITDA": 3067000.0,
        "Total Unusual Items": 449000.0,
        "Total Unusual Items Excluding Goodwill": 449000.0,
        "Net Income From Continuing Operation Net Minority Interest": -12537000.0,
        "Reconciled Depreciation": 12547000.0,
        "Reconciled Cost Of Revenue": 101086000.0,
        "EBITDA": 3516000.0,
        "EBIT": -9031000.0,
        "Net Interest Income": -5815000.0,
        "Interest Expense": 5271000.0,
        "Normalized Income": -12891710.0,
        "Net Income From Continuing And Discontinued Operation": -12537000.0,
        "Total Expenses": 125981000.0,
        "Total Operating Income As Reported": -4783000.0,
        "Diluted Average Shares": 47724000.0,
        "Basic Average Shares": 47724000.0,
        "Diluted EPS": -0.34,
        "Basic EPS": -0.34,
        "Diluted NI Availto Com Stockholders": -16207000.0,
        "Net Income Common Stockholders": -16207000.0,
        "Preferred Stock Dividends": 3670000.0,
        "Net Income": -12537000.0,
        "Net Income Including Noncontrolling Interests": -12537000.0,
        "Net Income Continuous Operations": -12537000.0,
        "Earnings From Equity Interest Net Of Tax": 2271000.0,
        "Tax Provision": 506000.0,
        "Pretax Income": -14302000.0,
        "Other Income Expense": -3704000.0,
        "Other Non Operating Income Expenses": -4153000.0,
        "Gain On Sale Of Security": 449000.0,
        "Net Non Operating Interest Income Expense": -5815000.0,
        "Total Other Finance Cost": 544000.0,
        "Interest Expense Non Operating": 5271000.0,
        "Operating Income": -4783000.0,
        "Operating Expense": 24895000.0,
        "Other Operating Expenses": -1000000.0,
        "Depreciation Amortization Depletion Income Statement": 12547000.0,
        "Depreciation And Amortization In Income Statement": 12547000.0,
        "Selling General And Administration": 13348000.0,
        "Gross Profit": 20112000.0,
        "Cost Of Revenue": 101086000.0,
        "Total Revenue": 121198000.0,
        "Operating Revenue": 109314000.0
    },
    "2024-06-30": {
        "Tax Effect Of Unusual Items": 21103.0,
        "Tax Rate For Calcs": 0.047,
        "Normalized EBITDA": 12513000.0,
        "Total Unusual Items": 449000.0,
        "Total Unusual Items Excluding Goodwill": 449000.0,
        "Net Income From Continuing Operation Net Minority Interest": -2203000.0,
        "Reconciled Depreciation": 11761000.0,
        "Reconciled Cost Of Revenue": 101257000.0,
        "EBITDA": 12962000.0,
        "EBIT": 1201000.0,
        "Net Interest Income": -6322000.0,
        "Interest Expense": 5760000.0,
        "Normalized Income": -2630897.0,
        "Net Income From Continuing And Discontinued Operation": -2203000.0,
        "Total Expenses": 125139000.0,
        "Total Operating Income As Reported": -2147000.0,
        "Diluted Average Shares": 48839000.0,
        "Basic Average Shares": 48839000.0,
        "Diluted EPS": -0.12,
        "Basic EPS": -0.12,
        "Diluted NI Availto Com Stockholders": -6046000.0,
        "Net Income Common Stockholders": -6046000.0,
        "Preferred Stock Dividends": 3843000.0,
        "Net Income": -2203000.0,
        "Net Income Including Noncontrolling Interests": -2203000.0,
        "Net Income Continuous Operations": -2203000.0,
        "Earnings From Equity Interest Net Of Tax": 2141000.0,
        "Tax Provision": -215000.0,
        "Pretax Income": -4559000.0,
        "Other Income Expense": 3910000.0,
        "Other Non Operating Income Expenses": 3461000.0,
        "Gain On Sale Of Security": 449000.0,
        "Net Non Operating Interest Income Expense": -6322000.0,
        "Total Other Finance Cost": 562000.0,
        "Interest Expense Non Operating": 5760000.0,
        "Operating Income": -2147000.0,
        "Operating Expense": 23882000.0,
        "Other Operating Expenses": -1390000.0,
        "Depreciation Amortization Depletion Income Statement": 11761000.0,
        "Depreciation And Amortization In Income Statement": 11761000.0,
        "Selling General And Administration": 13511000.0,
        "Gross Profit": 21735000.0,
        "Cost Of Revenue": 101257000.0,
        "Total Revenue": 122992000.0,
        "Operating Revenue": 122992000.0
    }
}