{
    "2023-03-31": {
        "Tax Effect Of Unusual Items": NaN,
        "Tax Rate For Calcs": NaN,
        "Total Unusual Items": NaN,
        "Total Unusual Items Excluding Goodwill": NaN,
        "Net Income From Continuing Operation Net Minority Interest": NaN,
        "Reconciled Depreciation": NaN,
        "Net Interest Income": NaN,
        "Interest Expense": NaN,
        "Interest Income": NaN,
        "Normalized Income": NaN,
        "Net Income From Continuing And Discontinued Operation": NaN,
        "Diluted Average Shares": 37344604.0,
        "Basic Average Shares": 37344604.0,
        "Diluted EPS": 0.71,
        "Basic EPS": 0.71,
        "Diluted NI Availto Com Stockholders": NaN,
        "Net Income Common Stockholders": NaN,
        "Net Income": NaN,
        "Minority Interests": NaN,
        "Net Income Including Noncontrolling Interests": NaN,
        "Net Income Continuous Operations": NaN,
        "Tax Provision": NaN,
        "Pretax Income": NaN,
        "Special Income Charges": NaN,
        "Write Off": NaN,
        "Gain On Sale Of Security": NaN,
        "Depreciation Amortization Depletion Income Statement": NaN,
        "Depreciation And Amortization In Income Statement": NaN,
        "Selling General And Administration": NaN,
        "General And Administrative Expense": NaN,
        "Salaries And Wages": NaN,
        "Total Revenue": NaN,
        "Operating Revenue": NaN,
        "Other Non Interest Expense": NaN
    },
    "2022-12-31": {
        "Tax Effect Of Unusual Items": NaN,
        "Tax Rate For Calcs": NaN,
        "Total Unusual Items": -8129000.0,
        "Total Unusual Items Excluding Goodwill": -8129000.0,
        "Net Income From Continuing Operation Net Minority Interest": NaN,
        "Reconciled Depreciation": NaN,
        "Net Interest Income": NaN,
        "Interest Expense": NaN,
        "Interest Income": NaN,
        "Normalized Income": NaN,
        "Net Income From Continuing And Discontinued Operation": NaN,
        "Diluted Average Shares": NaN,
        "Basic Average Shares": NaN,
        "Diluted EPS": NaN,
        "Basic EPS": NaN,
        "Diluted NI Availto Com Stockholders": NaN,
        "Net Income Common Stockholders": NaN,
        "Net Income": NaN,
        "Minority Interests": NaN,
        "Net Income Including Noncontrolling Interests": NaN,
        "Net Income Continuous Operations": NaN,
        "Tax Provision": NaN,
        "Pretax Income": NaN,
        "Special Income Charges": -8129000.0,
        "Write Off": 398000.0,
        "Gain On Sale Of Security": NaN,
        "Depreciation Amortization Depletion Income Statement": NaN,
        "Depreciation And Amortization In Income Statement": NaN,
        "Selling General And Administration": NaN,
        "General And Administrative Expense": NaN,
        "Salaries And Wages": NaN,
        "Total Revenue": NaN,
        "Operating Revenue": NaN,
        "Other Non Interest Expense": NaN
    },
    "2022-09-30": {
        "Tax Effect Of Unusual Items": NaN,
        "Tax Rate For Calcs": NaN,
        "Total Unusual Items": 121000.0,
        "Total Unusual Items Excluding Goodwill": 121000.0,
        "Net Income From Continuing Operation Net Minority Interest": NaN,
        "Reconciled Depreciation": NaN,
        "Net Interest Income": NaN,
        "Interest Expense": NaN,
        "Interest Income": NaN,
        "Normalized Income": NaN,
        "Net Income From Continuing And Discontinued Operation": NaN,
        "Diluted Average Shares": NaN,
        "Basic Average Shares": NaN,
        "Diluted EPS": NaN,
        "Basic EPS": NaN,
        "Diluted NI Availto Com Stockholders": NaN,
        "Net Income Common Stockholders": NaN,
        "Net Income": NaN,
        "Minority Interests": NaN,
        "Net Income Including Noncontrolling Interests": NaN,
        "Net Income Continuous Operations": NaN,
        "Tax Provision": NaN,
        "Pretax Income": NaN,
        "Special Income Charges": 121000.0,
        "Write Off": -121000.0,
        "Gain On Sale Of Security": NaN,
        "Depreciation Amortization Depletion Income Statement": NaN,
        "Depreciation And Amortization In Income Statement": NaN,
        "Selling General And Administration": NaN,
        "General And Administrative Expense": NaN,
        "Salaries And Wages": NaN,
        "Total Revenue": NaN,
        "Operating Revenue": NaN
    },
    "2022-06-30": {
        "Tax Effect Of Unusual Items": -1477438.917951,
        "Tax Rate For Calcs": 0.235111,
        "Total Unusual Items": -6284000.0,
        "Total Unusual Items Excluding Goodwill": -6284000.0,
        "Net Income From Continuing Operation Net Minority Interest": 85129000.0,
        "Reconciled Depreciation": 18250000.0,
        "Net Interest Income": 77945000.0,
        "Interest Expense": 73642000.0,
        "Interest Income": 151587000.0,
        "Normalized Income": 89935561.082049,
        "Net Income From Continuing And Discontinued Operation": 85129000.0,
        "Diluted Average Shares": 37710214.0,
        "Basic Average Shares": 37710214.0,
        "Diluted EPS": 2.26,
        "Basic EPS": 2.26,
        "Diluted NI Availto Com Stockholders": 85129000.0,
        "Net Income Common Stockholders": 85129000.0,
        "Net Income": 85129000.0,
        "Minority Interests": 2225000.0,
        "Net Income Including Noncontrolling Interests": 82904000.0,
        "Net Income Continuous Operations": 82904000.0,
        "Tax Provision": 25483000.0,
        "Pretax Income": 108387000.0,
        "Special Income Charges": -6284000.0,
        "Write Off": 6284000.0,
        "Gain On Sale Of Security": 44356000.0,
        "Depreciation Amortization Depletion Income Statement": 18250000.0,
        "Depreciation And Amortization In Income Statement": 18250000.0,
        "Selling General And Administration": 141398000.0,
        "General And Administrative Expense": 141398000.0,
        "Salaries And Wages": 141398000.0,
        "Total Revenue": 320668000.0,
        "Operating Revenue": 320668000.0
    },
    "2022-03-31": {
        "Diluted EPS": 4.91,
        "Total Revenue": 530,
        "Gross Profit": 482,
        "Operating Income": 241,
        "EBIT": NaN,
        "Net Income": 187
    },
    "2021-12-31": {
        "Diluted EPS": 3.46,
        "Total Revenue": 443,
        "Gross Profit": 394,
        "Operating Income": 168,
        "EBIT": NaN,
        "Net Income": 133
    },
    "2021-09-30": {
        "Diluted EPS": 1.38,
        "Total Revenue": 337,
        "Gross Profit": 287,
        "Operating Income": 67,
        "EBIT": NaN,
        "Net Income": 53
    },
    "2021-06-30": {
        "Diluted EPS": 2.16,
        "Total Revenue": 353,
        "Gross Profit": 303,
        "Operating Income": 109,
        "EBIT": NaN,
        "Net Income": 84
    },
    "2021-03-31": {
        "Diluted EPS": 3.2,
        "Total Revenue": 368,
        "Gross Profit": 340,
        "Operating Income": 158,
        "EBIT": NaN,
        "Net Income": 124
    },
    "2020-12-31": {
        "Diluted EPS": 5.96,
        "Total Revenue": 582,
        "Gross Profit": 530,
        "Operating Income": 302,
        "EBIT": NaN,
        "Net Income": 235
    },
    "2020-09-30": {
        "Diluted EPS": 1.86,
        "Total Revenue": 365,
        "Gross Profit": 307,
        "Operating Income": 90,
        "EBIT": NaN,
        "Net Income": 72
    },
    "2020-06-30": {
        "Diluted EPS": 2.21,
        "Total Revenue": 403,
        "Gross Profit": 318,
        "Operating Income": 108,
        "EBIT": NaN,
        "Net Income": 86
    },
    "2020-03-31": {
        "Diluted EPS": -1.01,
        "Total Revenue": 380,
        "Gross Profit": 246,
        "Operating Income": -50,
        "EBIT": NaN,
        "Net Income": -41
    },
    "2019-12-31": {
        "Diluted EPS": 1.07,
        "Total Revenue": 436,
        "Gross Profit": 288,
        "Operating Income": 51,
        "EBIT": NaN,
        "Net Income": 42
    },
    "2019-09-30": {
        "Diluted EPS": 0.83,
        "Total Revenue": 458,
        "Gross Profit": 286,
        "Operating Income": 42,
        "EBIT": NaN,
        "Net Income": 33
    },
    "2019-06-30": {
        "Diluted EPS": 0.61,
        "Total Revenue": 429,
        "Gross Profit": 242,
        "Operating Income": 31,
        "EBIT": NaN,
        "Net Income": 25
    },
    "2019-03-31": {
        "Diluted EPS": 1.03,
        "Total Revenue": 457,
        "Gross Profit": 265,
        "Operating Income": 53,
        "EBIT": NaN,
        "Net Income": 42
    },
    "2018-12-31": {
        "Diluted EPS": 0.53,
        "Total Revenue": 401,
        "Gross Profit": 219,
        "Operating Income": 17,
        "EBIT": NaN,
        "Net Income": 22
    },
    "2018-09-30": {
        "Diluted EPS": 1.05,
        "Total Revenue": 457,
        "Gross Profit": 276,
        "Operating Income": 57,
        "EBIT": NaN,
        "Net Income": 43
    },
    "2018-06-30": {
        "Diluted EPS": 1.21,
        "Total Revenue": 429,
        "Gross Profit": 258,
        "Operating Income": 63,
        "EBIT": NaN,
        "Net Income": 49
    },
    "2018-03-31": {
        "Diluted EPS": 2.78,
        "Total Revenue": 458,
        "Gross Profit": 322,
        "Operating Income": 149,
        "EBIT": NaN,
        "Net Income": 114
    },
    "2017-12-31": {
        "Diluted EPS": 1.17,
        "Total Revenue": 316,
        "Gross Profit": 193,
        "Operating Income": 40,
        "EBIT": NaN,
        "Net Income": 48
    },
    "2017-09-30": {
        "Diluted EPS": 1.11,
        "Total Revenue": 337,
        "Gross Profit": 215,
        "Operating Income": 69,
        "EBIT": NaN,
        "Net Income": 46
    },
    "2017-06-30": {
        "Diluted EPS": 0.68,
        "Total Revenue": 284,
        "Gross Profit": 171,
        "Operating Income": 41,
        "EBIT": NaN,
        "Net Income": 29
    },
    "2017-03-31": {
        "Diluted EPS": 1.18,
        "Total Revenue": 312,
        "Gross Profit": 205,
        "Operating Income": 77,
        "EBIT": NaN,
        "Net Income": 50
    },
    "2016-12-31": {
        "Diluted EPS": 2.32,
        "Total Revenue": 422,
        "Gross Profit": 315,
        "Operating Income": 153,
        "EBIT": NaN,
        "Net Income": 98
    },
    "2016-09-30": {
        "Diluted EPS": 1.98,
        "Total Revenue": 341,
        "Gross Profit": 245,
        "Operating Income": 132,
        "EBIT": NaN,
        "Net Income": 84
    },
    "2016-06-30": {
        "Diluted EPS": 0.61,
        "Total Revenue": 245,
        "Gross Profit": 151,
        "Operating Income": 41,
        "EBIT": NaN,
        "Net Income": 26
    },
    "2016-03-31": {
        "Diluted EPS": 1.11,
        "Total Revenue": 277,
        "Gross Profit": 186,
        "Operating Income": 72,
        "EBIT": NaN,
        "Net Income": 48
    },
    "2015-12-31": {
        "Diluted EPS": 1.86,
        "Total Revenue": 332,
        "Gross Profit": 251,
        "Operating Income": 131,
        "EBIT": NaN,
        "Net Income": 83
    },
    "2015-09-30": {
        "Diluted EPS": 1.09,
        "Total Revenue": 277,
        "Gross Profit": 200,
        "Operating Income": 76,
        "EBIT": NaN,
        "Net Income": 49
    },
    "2015-06-30": {
        "Diluted EPS": 1.54,
        "Total Revenue": 302,
        "Gross Profit": 229,
        "Operating Income": 111,
        "EBIT": NaN,
        "Net Income": 71
    },
    "2015-03-31": {
        "Diluted EPS": 1.4,
        "Total Revenue": 291,
        "Gross Profit": 220,
        "Operating Income": 102,
        "EBIT": NaN,
        "Net Income": 65
    },
    "2014-12-31": {
        "Diluted EPS": 1.58,
        "Total Revenue": 294,
        "Gross Profit": 222,
        "Operating Income": 104,
        "EBIT": NaN,
        "Net Income": 74
    },
    "2014-09-30": {
        "Diluted EPS": 1.84,
        "Total Revenue": 323,
        "Gross Profit": 251,
        "Operating Income": 132,
        "EBIT": NaN,
        "Net Income": 85
    },
    "2014-06-30": {
        "Diluted EPS": 1.61,
        "Total Revenue": 302,
        "Gross Profit": 233,
        "Operating Income": 119,
        "EBIT": NaN,
        "Net Income": 75
    },
    "2014-03-31": {
        "Diluted EPS": 1.59,
        "Total Revenue": 285,
        "Gross Profit": 225,
        "Operating Income": 115,
        "EBIT": NaN,
        "Net Income": 74
    },
    "2013-12-31": {
        "Diluted EPS": 1.52,
        "Total Revenue": 283,
        "Gross Profit": 224,
        "Operating Income": 109,
        "EBIT": NaN,
        "Net Income": 71
    },
    "2013-09-30": {
        "Diluted EPS": 1.35,
        "Total Revenue": 261,
        "Gross Profit": 206,
        "Operating Income": 93,
        "EBIT": NaN,
        "Net Income": 63
    },
    "2013-06-30": {
        "Diluted EPS": 2.17,
        "Total Revenue": 323,
        "Gross Profit": 265,
        "Operating Income": 157,
        "EBIT": NaN,
        "Net Income": 101
    },
    "2013-03-31": {
        "Diluted EPS": 1.46,
        "Total Revenue": 277,
        "Gross Profit": 219,
        "Operating Income": 107,
        "EBIT": NaN,
        "Net Income": 68
    },
    "2012-12-31": {
        "Diluted EPS": 1.2,
        "Total Revenue": 271,
        "Gross Profit": 205,
        "Operating Income": 93,
        "EBIT": NaN,
        "Net Income": 57
    },
    "2012-09-30": {
        "Diluted EPS": 0.78,
        "Total Revenue": 235,
        "Gross Profit": 169,
        "Operating Income": 59,
        "EBIT": NaN,
        "Net Income": 37
    },
    "2012-06-30": {
        "Diluted EPS": 0.87,
        "Total Revenue": 239,
        "Gross Profit": 172,
        "Operating Income": 56,
        "EBIT": NaN,
        "Net Income": 41
    },
    "2012-03-31": {
        "Diluted EPS": 0.91,
        "Total Revenue": 253,
        "Gross Profit": 184,
        "Operating Income": 67,
        "EBIT": NaN,
        "Net Income": 43
    },
    "2011-12-31": {
        "Diluted EPS": 1.37,
        "Total Revenue": 278,
        "Gross Profit": 214,
        "Operating Income": 104,
        "EBIT": NaN,
        "Net Income": 66
    },
    "2011-09-30": {
        "Diluted EPS": 0.98,
        "Total Revenue": 243,
        "Gross Profit": 182,
        "Operating Income": 72,
        "EBIT": NaN,
        "Net Income": 47
    },
    "2011-06-30": {
        "Diluted EPS": 0.76,
        "Total Revenue": 215,
        "Gross Profit": 164,
        "Operating Income": 58,
        "EBIT": NaN,
        "Net Income": 37
    },
    "2011-03-31": {
        "Diluted EPS": 1.13,
        "Total Revenue": 243,
        "Gross Profit": 191,
        "Operating Income": 88,
        "EBIT": NaN,
        "Net Income": 55
    },
    "2010-12-31": {
        "Diluted EPS": 1.75,
        "Total Revenue": 328,
        "Gross Profit": 273,
        "Operating Income": 163,
        "EBIT": NaN,
        "Net Income": 85
    },
    "2010-09-30": {
        "Diluted EPS": -0.01,
        "Total Revenue": 233,
        "Gross Profit": 165,
        "Operating Income": 4,
        "EBIT": NaN,
        "Net Income": 0
    },
    "2010-06-30": {
        "Diluted EPS": 0.99,
        "Total Revenue": 254,
        "Gross Profit": 194,
        "Operating Income": 80,
        "EBIT": NaN,
        "Net Income": 50
    },
    "2010-03-31": {
        "Diluted EPS": 1.08,
        "Total Revenue": 246,
        "Gross Profit": 196,
        "Operating Income": 88,
        "EBIT": NaN,
        "Net Income": 54
    },
    "2009-12-31": {
        "Diluted EPS": 1.18,
        "Total Revenue": 275,
        "Gross Profit": 219,
        "Operating Income": 113,
        "EBIT": NaN,
        "Net Income": 59
    },
    "2009-09-30": {
        "Diluted EPS": 0.93,
        "Total Revenue": 247,
        "Gross Profit": 171,
        "Operating Income": 74,
        "EBIT": NaN,
        "Net Income": 46
    },
    "2009-06-30": {
        "Diluted EPS": 0.16,
        "Total Revenue": 226,
        "Gross Profit": 119,
        "Operating Income": 14,
        "EBIT": NaN,
        "Net Income": 8
    },
    "2009-03-31": {
        "Diluted EPS": 0.51,
        "Total Revenue": 288,
        "Gross Profit": 141,
        "Operating Income": 41,
        "EBIT": NaN,
        "Net Income": 25
    },
    "2023-06-30": {
        "Tax Effect Of Unusual Items": NaN,
        "Tax Rate For Calcs": NaN,
        "Total Unusual Items": 0.0,
        "Total Unusual Items Excluding Goodwill": 0.0,
        "Net Income From Continuing Operation Net Minority Interest": NaN,
        "Reconciled Depreciation": NaN,
        "Net Interest Income": NaN,
        "Interest Expense": NaN,
        "Interest Income": NaN,
        "Normalized Income": NaN,
        "Net Income From Continuing And Discontinued Operation": NaN,
        "Diluted Average Shares": 37468397.0,
        "Basic Average Shares": 37468397.0,
        "Diluted EPS": 0.73,
        "Basic EPS": 0.73,
        "Diluted NI Availto Com Stockholders": NaN,
        "Net Income Common Stockholders": NaN,
        "Net Income": NaN,
        "Minority Interests": NaN,
        "Net Income Including Noncontrolling Interests": NaN,
        "Net Income Continuous Operations": NaN,
        "Tax Provision": NaN,
        "Pretax Income": NaN,
        "Special Income Charges": 0.0,
        "Write Off": 0.0,
        "Gain On Sale Of Security": NaN,
        "Depreciation Amortization Depletion Income Statement": NaN,
        "Depreciation And Amortization In Income Statement": NaN,
        "Selling General And Administration": NaN,
        "General And Administrative Expense": NaN,
        "Salaries And Wages": NaN,
        "Total Revenue": NaN,
        "Operating Revenue": NaN,
        "Other Non Interest Expense": NaN
    },
    "2023-09-30": {
        "Tax Effect Of Unusual Items": -1043250.823041,
        "Tax Rate For Calcs": 0.209741,
        "Total Unusual Items": -4974000.0,
        "Total Unusual Items Excluding Goodwill": -4974000.0,
        "Net Income From Continuing Operation Net Minority Interest": 44354000.0,
        "Reconciled Depreciation": 35085000.0,
        "Net Interest Income": 77392000.0,
        "Interest Expense": 207159000.0,
        "Interest Income": 284551000.0,
        "Normalized Income": 48284749.176959,
        "Net Income From Continuing And Discontinued Operation": 44354000.0,
        "Diluted Average Shares": 37498073.0,
        "Basic Average Shares": 37498073.0,
        "Diluted EPS": 1.18,
        "Basic EPS": 1.18,
        "Diluted NI Availto Com Stockholders": 44354000.0,
        "Net Income Common Stockholders": 44354000.0,
        "Net Income": 44354000.0,
        "Minority Interests": 4747000.0,
        "Net Income Including Noncontrolling Interests": 39607000.0,
        "Net Income Continuous Operations": 39607000.0,
        "Tax Provision": 10512000.0,
        "Pretax Income": 50119000.0,
        "Special Income Charges": -4974000.0,
        "Write Off": 4974000.0,
        "Gain On Sale Of Security": -20795000.0,
        "Depreciation Amortization Depletion Income Statement": 21835000.0,
        "Depreciation And Amortization In Income Statement": 21835000.0,
        "Selling General And Administration": 141204000.0,
        "General And Administrative Expense": 141204000.0,
        "Salaries And Wages": 141204000.0,
        "Total Revenue": 273777000.0,
        "Operating Revenue": 273777000.0,
        "Other Non Interest Expense": 51370000.0
    },
    "2023-12-31": {
        "Tax Effect Of Unusual Items": -6410853.841302,
        "Tax Rate For Calcs": 0.245288,
        "Total Unusual Items": -26136000.0,
        "Total Unusual Items Excluding Goodwill": -26136000.0,
        "Net Income From Continuing Operation Net Minority Interest": -8554000.0,
        "Reconciled Depreciation": 16735000.0,
        "Net Interest Income": 69918000.0,
        "Interest Expense": 205335000.0,
        "Interest Income": 275253000.0,
        "Normalized Income": 11171146.158698,
        "Net Income From Continuing And Discontinued Operation": -8554000.0,
        "Diluted Average Shares": NaN,
        "Basic Average Shares": NaN,
        "Diluted EPS": NaN,
        "Basic EPS": NaN,
        "Diluted NI Availto Com Stockholders": -10480000.0,
        "Net Income Common Stockholders": -10480000.0,
        "Net Income": -8554000.0,
        "Minority Interests": 21359000.0,
        "Net Income Including Noncontrolling Interests": -29913000.0,
        "Net Income Continuous Operations": -29913000.0,
        "Tax Provision": -9722000.0,
        "Pretax Income": -39635000.0,
        "Special Income Charges": -26136000.0,
        "Write Off": -2914000.0,
        "Gain On Sale Of Security": -57893000.0,
        "Depreciation Amortization Depletion Income Statement": 22004000.0,
        "Depreciation And Amortization In Income Statement": 22004000.0,
        "Selling General And Administration": 152917000.0,
        "General And Administrative Expense": 152917000.0,
        "Salaries And Wages": 152917000.0,
        "Total Revenue": 224043000.0,
        "Operating Revenue": 224043000.0,
        "Other Non Interest Expense": 51697000.0
    },
    "2024-03-31": {
        "Tax Effect Of Unusual Items": 0.0,
        "Tax Rate For Calcs": 0.24,
        "Total Unusual Items": NaN,
        "Total Unusual Items Excluding Goodwill": NaN,
        "Net Income From Continuing Operation Net Minority Interest": 73210000.0,
        "Reconciled Depreciation": 33957000.0,
        "Net Interest Income": 74222000.0,
        "Interest Expense": 194580000.0,
        "Interest Income": 268802000.0,
        "Normalized Income": 73210000.0,
        "Net Income From Continuing And Discontinued Operation": 73210000.0,
        "Diluted Average Shares": 37156971.0,
        "Basic Average Shares": 37156971.0,
        "Diluted EPS": 1.97,
        "Basic EPS": 1.97,
        "Diluted NI Availto Com Stockholders": 73210000.0,
        "Net Income Common Stockholders": 73210000.0,
        "Net Income": 73210000.0,
        "Minority Interests": 2202000.0,
        "Net Income Including Noncontrolling Interests": 71008000.0,
        "Net Income Continuous Operations": 71008000.0,
        "Tax Provision": 23119000.0,
        "Pretax Income": 94127000.0,
        "Special Income Charges": NaN,
        "Write Off": NaN,
        "Gain On Sale Of Security": 701000.0,
        "Depreciation Amortization Depletion Income Statement": 16769000.0,
        "Depreciation And Amortization In Income Statement": 16769000.0,
        "Selling General And Administration": 143875000.0,
        "General And Administrative Expense": 143875000.0,
        "Salaries And Wages": 143875000.0,
        "Total Revenue": 322544000.0,
        "Operating Revenue": 322544000.0,
        "Other Non Interest Expense": 56845000.0
    },
    "2024-06-30": {
        "Tax Effect Of Unusual Items": -1920672.0,
        "Tax Rate For Calcs": 0.247,
        "Total Unusual Items": -7776000.0,
        "Total Unusual Items Excluding Goodwill": -7776000.0,
        "Net Income From Continuing Operation Net Minority Interest": 45091000.0,
        "Reconciled Depreciation": 35666000.0,
        "Net Interest Income": 66407000.0,
        "Interest Expense": 176459000.0,
        "Interest Income": 242866000.0,
        "Normalized Income": 50946328.0,
        "Net Income From Continuing And Discontinued Operation": 45091000.0,
        "Diluted Average Shares": 36525482.0,
        "Basic Average Shares": 36525482.0,
        "Diluted EPS": 1.23,
        "Basic EPS": 1.23,
        "Diluted NI Availto Com Stockholders": 45091000.0,
        "Net Income Common Stockholders": 45091000.0,
        "Net Income": 45091000.0,
        "Minority Interests": 1416000.0,
        "Net Income Including Noncontrolling Interests": 43675000.0,
        "Net Income Continuous Operations": 43675000.0,
        "Tax Provision": 14753000.0,
        "Pretax Income": 58428000.0,
        "Special Income Charges": -7776000.0,
        "Write Off": 7776000.0,
        "Gain On Sale Of Security": 789000.0,
        "Depreciation Amortization Depletion Income Statement": 15142000.0,
        "Depreciation And Amortization In Income Statement": 15142000.0,
        "Selling General And Administration": 139634000.0,
        "General And Administrative Expense": 139634000.0,
        "Salaries And Wages": 139634000.0,
        "Total Revenue": 284383000.0,
        "Operating Revenue": 284383000.0,
        "Other Non Interest Expense": 59792000.0
    },
    "2024-09-30": {
        "Tax Effect Of Unusual Items": -3685408.906883,
        "Tax Rate For Calcs": 0.126856,
        "Total Unusual Items": -29052000.0,
        "Total Unusual Items Excluding Goodwill": -29052000.0,
        "Net Income From Continuing Operation Net Minority Interest": 2388000.0,
        "Reconciled Depreciation": 36399000.0,
        "Net Interest Income": 72155000.0,
        "Interest Expense": 168328000.0,
        "Interest Income": 240483000.0,
        "Normalized Income": 27754591.093117,
        "Net Income From Continuing And Discontinued Operation": 2388000.0,
        "Diluted Average Shares": 36430485.0,
        "Basic Average Shares": 36430485.0,
        "Diluted EPS": 0.07,
        "Basic EPS": 0.07,
        "Diluted NI Availto Com Stockholders": 2388000.0,
        "Net Income Common Stockholders": 2388000.0,
        "Net Income": 2388000.0,
        "Minority Interests": 4329000.0,
        "Net Income Including Noncontrolling Interests": -1941000.0,
        "Net Income Continuous Operations": -1941000.0,
        "Tax Provision": -282000.0,
        "Pretax Income": -2223000.0,
        "Special Income Charges": -29052000.0,
        "Write Off": 29052000.0,
        "Gain On Sale Of Security": -14234000.0,
        "Depreciation Amortization Depletion Income Statement": 13661000.0,
        "Depreciation And Amortization In Income Statement": 13661000.0,
        "Selling General And Administration": 146192000.0,
        "General And Administrative Expense": 146192000.0,
        "Salaries And Wages": 146192000.0,
        "Total Revenue": 266435000.0,
        "Operating Revenue": 266435000.0,
        "Other Non Interest Expense": 61642000.0
    }
}