{
    "2023-06-30": {
        "Tax Effect Of Unusual Items": 321471.217633,
        "Tax Rate For Calcs": 0.12533,
        "Normalized EBITDA": 43187000.0,
        "Total Unusual Items": 2565000.0,
        "Total Unusual Items Excluding Goodwill": 2565000.0,
        "Net Income From Continuing Operation Net Minority Interest": 12262000.0,
        "Reconciled Depreciation": 24352000.0,
        "Reconciled Cost Of Revenue": 172042000.0,
        "EBITDA": 45752000.0,
        "EBIT": 21400000.0,
        "Net Interest Income": -7511000.0,
        "Interest Expense": 7381000.0,
        "Interest Income": 162000.0,
        "Normalized Income": 10018471.217633,
        "Net Income From Continuing And Discontinued Operation": 12262000.0,
        "Total Expenses": 184016000.0,
        "Rent Expense Supplemental": 3170000.0,
        "Total Operating Income As Reported": 10270000.0,
        "Diluted Average Shares": 33007609.0,
        "Basic Average Shares": 26409357.0,
        "Diluted EPS": 0.42,
        "Basic EPS": 0.46,
        "Diluted NI Availto Com Stockholders": 12262000.0,
        "Average Dilution Earnings": NaN,
        "Net Income Common Stockholders": 12262000.0,
        "Net Income": 12262000.0,
        "Net Income Including Noncontrolling Interests": 12262000.0,
        "Net Income Continuous Operations": 12262000.0,
        "Tax Provision": 1757000.0,
        "Pretax Income": 14019000.0,
        "Other Income Expense": 11973000.0,
        "Special Income Charges": 713000.0,
        "Gain On Sale Of Ppe": 713000.0,
        "Restructuring And Mergern Acquisition": NaN,
        "Earnings From Equity Interest": 9408000.0,
        "Gain On Sale Of Security": 1852000.0,
        "Net Non Operating Interest Income Expense": -7511000.0,
        "Total Other Finance Cost": 292000.0,
        "Interest Expense Non Operating": 7381000.0,
        "Interest Income Non Operating": 162000.0,
        "Operating Income": 9557000.0,
        "Operating Expense": 11974000.0,
        "Selling General And Administration": 11974000.0,
        "General And Administrative Expense": 11974000.0,
        "Other Gand A": 11974000.0,
        "Gross Profit": 21531000.0,
        "Cost Of Revenue": 172042000.0,
        "Total Revenue": 193573000.0,
        "Operating Revenue": 193573000.0
    },
    "2023-03-31": {
        "Tax Effect Of Unusual Items": 359990.478709,
        "Tax Rate For Calcs": 0.27777,
        "Normalized EBITDA": 72359000.0,
        "Total Unusual Items": 1296000.0,
        "Total Unusual Items Excluding Goodwill": 1296000.0,
        "Net Income From Continuing Operation Net Minority Interest": 21846000.0,
        "Reconciled Depreciation": 36385000.0,
        "Reconciled Cost Of Revenue": 203229000.0,
        "EBITDA": 73655000.0,
        "EBIT": 37270000.0,
        "Net Interest Income": -7311000.0,
        "Interest Expense": 7022000.0,
        "Interest Income": NaN,
        "Normalized Income": 20909990.478709,
        "Net Income From Continuing And Discontinued Operation": 21846000.0,
        "Total Expenses": 217408000.0,
        "Rent Expense Supplemental": 3697000.0,
        "Total Operating Income As Reported": 25708000.0,
        "Diluted Average Shares": 32942717.0,
        "Basic Average Shares": 26415004.0,
        "Diluted EPS": 0.71,
        "Basic EPS": 0.83,
        "Diluted NI Availto Com Stockholders": 23308000.0,
        "Average Dilution Earnings": 1462000.0,
        "Net Income Common Stockholders": 21846000.0,
        "Net Income": 21846000.0,
        "Net Income Including Noncontrolling Interests": 21846000.0,
        "Net Income Continuous Operations": 21846000.0,
        "Tax Provision": 8402000.0,
        "Pretax Income": 30248000.0,
        "Other Income Expense": 10638000.0,
        "Special Income Charges": -1213000.0,
        "Gain On Sale Of Ppe": -1213000.0,
        "Restructuring And Mergern Acquisition": 0.0,
        "Earnings From Equity Interest": 9342000.0,
        "Gain On Sale Of Security": 2509000.0,
        "Net Non Operating Interest Income Expense": -7311000.0,
        "Total Other Finance Cost": 289000.0,
        "Interest Expense Non Operating": 7022000.0,
        "Interest Income Non Operating": NaN,
        "Operating Income": 26921000.0,
        "Operating Expense": 14179000.0,
        "Selling General And Administration": 14179000.0,
        "General And Administrative Expense": 14179000.0,
        "Other Gand A": 14179000.0,
        "Gross Profit": 41100000.0,
        "Cost Of Revenue": 203229000.0,
        "Total Revenue": 244329000.0,
        "Operating Revenue": 244329000.0
    },
    "2022-12-31": {
        "Tax Effect Of Unusual Items": NaN,
        "Tax Rate For Calcs": NaN,
        "Normalized EBITDA": NaN,
        "Total Unusual Items": NaN,
        "Total Unusual Items Excluding Goodwill": NaN,
        "Net Income From Continuing Operation Net Minority Interest": NaN,
        "Reconciled Depreciation": NaN,
        "Reconciled Cost Of Revenue": NaN,
        "EBITDA": NaN,
        "EBIT": NaN,
        "Net Interest Income": NaN,
        "Interest Expense": NaN,
        "Interest Income": NaN,
        "Normalized Income": NaN,
        "Net Income From Continuing And Discontinued Operation": NaN,
        "Total Expenses": NaN,
        "Rent Expense Supplemental": NaN,
        "Total Operating Income As Reported": NaN,
        "Diluted Average Shares": NaN,
        "Basic Average Shares": NaN,
        "Diluted EPS": NaN,
        "Basic EPS": NaN,
        "Diluted NI Availto Com Stockholders": NaN,
        "Average Dilution Earnings": 1488000.0,
        "Net Income Common Stockholders": NaN,
        "Net Income": NaN,
        "Net Income Including Noncontrolling Interests": NaN,
        "Net Income Continuous Operations": NaN,
        "Tax Provision": NaN,
        "Pretax Income": NaN,
        "Other Income Expense": NaN,
        "Special Income Charges": NaN,
        "Gain On Sale Of Ppe": NaN,
        "Restructuring And Mergern Acquisition": NaN,
        "Earnings From Equity Interest": NaN,
        "Gain On Sale Of Security": NaN,
        "Net Non Operating Interest Income Expense": NaN,
        "Total Other Finance Cost": NaN,
        "Interest Expense Non Operating": NaN,
        "Interest Income Non Operating": NaN,
        "Operating Income": NaN,
        "Operating Expense": NaN,
        "Selling General And Administration": NaN,
        "General And Administrative Expense": NaN,
        "Other Gand A": NaN,
        "Gross Profit": NaN,
        "Cost Of Revenue": NaN,
        "Total Revenue": NaN,
        "Operating Revenue": NaN
    },
    "2022-09-30": {
        "Tax Effect Of Unusual Items": NaN,
        "Tax Rate For Calcs": NaN,
        "Normalized EBITDA": NaN,
        "Total Unusual Items": NaN,
        "Total Unusual Items Excluding Goodwill": NaN,
        "Net Income From Continuing Operation Net Minority Interest": NaN,
        "Reconciled Depreciation": NaN,
        "Reconciled Cost Of Revenue": NaN,
        "EBITDA": NaN,
        "EBIT": NaN,
        "Net Interest Income": NaN,
        "Interest Expense": NaN,
        "Interest Income": NaN,
        "Normalized Income": NaN,
        "Net Income From Continuing And Discontinued Operation": NaN,
        "Total Expenses": NaN,
        "Rent Expense Supplemental": NaN,
        "Total Operating Income As Reported": NaN,
        "Diluted Average Shares": 33347596.0,
        "Basic Average Shares": 26836133.0,
        "Diluted EPS": 0.65,
        "Basic EPS": 0.75,
        "Diluted NI Availto Com Stockholders": NaN,
        "Average Dilution Earnings": NaN,
        "Net Income Common Stockholders": NaN,
        "Net Income": NaN,
        "Net Income Including Noncontrolling Interests": NaN,
        "Net Income Continuous Operations": NaN,
        "Tax Provision": NaN,
        "Pretax Income": NaN,
        "Other Income Expense": NaN,
        "Special Income Charges": NaN,
        "Gain On Sale Of Ppe": NaN,
        "Restructuring And Mergern Acquisition": NaN,
        "Earnings From Equity Interest": NaN,
        "Gain On Sale Of Security": NaN,
        "Net Non Operating Interest Income Expense": NaN,
        "Total Other Finance Cost": NaN,
        "Interest Expense Non Operating": NaN,
        "Interest Income Non Operating": NaN,
        "Operating Income": NaN,
        "Operating Expense": NaN,
        "Selling General And Administration": NaN,
        "General And Administrative Expense": NaN,
        "Other Gand A": NaN,
        "Gross Profit": NaN,
        "Cost Of Revenue": NaN,
        "Total Revenue": NaN,
        "Operating Revenue": NaN
    },
    "2022-06-30": {
        "Tax Effect Of Unusual Items": -186579.098225,
        "Tax Rate For Calcs": 0.171646,
        "Normalized EBITDA": 41794000.0,
        "Total Unusual Items": -1087000.0,
        "Total Unusual Items Excluding Goodwill": -1087000.0,
        "Net Income From Continuing Operation Net Minority Interest": 7514000.0,
        "Reconciled Depreciation": 26340000.0,
        "Reconciled Cost Of Revenue": 155588000.0,
        "EBITDA": 40707000.0,
        "EBIT": 14367000.0,
        "Net Interest Income": -5565000.0,
        "Interest Expense": 5296000.0,
        "Interest Income": NaN,
        "Normalized Income": 8414420.901775,
        "Net Income From Continuing And Discontinued Operation": 7514000.0,
        "Total Expenses": 160640000.0,
        "Rent Expense Supplemental": NaN,
        "Total Operating Income As Reported": 6301000.0,
        "Diluted Average Shares": 29542690.0,
        "Basic Average Shares": 27968510.0,
        "Diluted EPS": 0.25,
        "Basic EPS": 0.27,
        "Diluted NI Availto Com Stockholders": 7514000.0,
        "Average Dilution Earnings": 0.0,
        "Net Income Common Stockholders": 7514000.0,
        "Net Income": 7514000.0,
        "Net Income Including Noncontrolling Interests": 7514000.0,
        "Net Income Continuous Operations": 7514000.0,
        "Tax Provision": 1557000.0,
        "Pretax Income": 9071000.0,
        "Other Income Expense": 7248000.0,
        "Special Income Charges": -1087000.0,
        "Gain On Sale Of Ppe": -1087000.0,
        "Earnings From Equity Interest": 8335000.0,
        "Gain On Sale Of Security": NaN,
        "Net Non Operating Interest Income Expense": -5565000.0,
        "Total Other Finance Cost": 269000.0,
        "Interest Expense Non Operating": 5296000.0,
        "Interest Income Non Operating": NaN,
        "Operating Income": 7388000.0,
        "Operating Expense": 5052000.0,
        "Selling General And Administration": 5052000.0,
        "General And Administrative Expense": 5052000.0,
        "Other Gand A": 5052000.0,
        "Gross Profit": 12440000.0,
        "Cost Of Revenue": 155588000.0,
        "Total Revenue": 168028000.0,
        "Operating Revenue": 168028000.0
    },
    "2022-03-31": {
        "Diluted EPS": 0.34,
        "Total Revenue": 140,
        "Gross Profit": 17,
        "Operating Income": 12,
        "EBIT": 37,
        "Net Income": 11
    },
    "2021-12-31": {
        "Diluted EPS": 0.4,
        "Total Revenue": 143,
        "Gross Profit": 17,
        "Operating Income": 13,
        "EBIT": 37,
        "Net Income": 12
    },
    "2021-09-30": {
        "Diluted EPS": 0.35,
        "Total Revenue": 132,
        "Gross Profit": 17,
        "Operating Income": 11,
        "EBIT": 27,
        "Net Income": 11
    },
    "2021-06-30": {
        "Diluted EPS": 0.07,
        "Total Revenue": 114,
        "Gross Profit": 12,
        "Operating Income": 1,
        "EBIT": 24,
        "Net Income": 2
    },
    "2021-03-31": {
        "Diluted EPS": 0.49,
        "Total Revenue": 133,
        "Gross Profit": 25,
        "Operating Income": 18,
        "EBIT": 43,
        "Net Income": 15
    },
    "2020-12-31": {
        "Diluted EPS": 0.22,
        "Total Revenue": 104,
        "Gross Profit": 18,
        "Operating Income": 9,
        "EBIT": 29,
        "Net Income": 8
    },
    "2020-09-30": {
        "Diluted EPS": 0.17,
        "Total Revenue": 71,
        "Gross Profit": 12,
        "Operating Income": 7,
        "EBIT": 23,
        "Net Income": 5
    },
    "2020-06-30": {
        "Diluted EPS": 0.3,
        "Total Revenue": 51,
        "Gross Profit": 15,
        "Operating Income": 11,
        "EBIT": 18,
        "Net Income": 10
    },
    "2020-03-31": {
        "Diluted EPS": 0.5,
        "Total Revenue": 148,
        "Gross Profit": 26,
        "Operating Income": 24,
        "EBIT": 49,
        "Net Income": 14
    },
    "2019-12-31": {
        "Diluted EPS": 0.13,
        "Total Revenue": 143,
        "Gross Profit": 19,
        "Operating Income": 12,
        "EBIT": 33,
        "Net Income": 6
    },
    "2019-09-30": {
        "Diluted EPS": 0.2,
        "Total Revenue": 126,
        "Gross Profit": 14,
        "Operating Income": 8,
        "EBIT": 25,
        "Net Income": 6
    },
    "2019-06-30": {
        "Diluted EPS": 0.34,
        "Total Revenue": 132,
        "Gross Profit": 18,
        "Operating Income": 14,
        "EBIT": 31,
        "Net Income": 10
    },
    "2019-03-31": {
        "Diluted EPS": 0.19,
        "Total Revenue": 140,
        "Gross Profit": 22,
        "Operating Income": 11,
        "EBIT": 33,
        "Net Income": 5
    },
    "2018-12-31": {
        "Diluted EPS": 0.09,
        "Total Revenue": 99,
        "Gross Profit": 14,
        "Operating Income": 5,
        "EBIT": 20,
        "Net Income": 2
    },
    "2018-09-30": {
        "Diluted EPS": 0.04,
        "Total Revenue": 65,
        "Gross Profit": 11,
        "Operating Income": 3,
        "EBIT": 11,
        "Net Income": 1
    },
    "2018-06-30": {
        "Diluted EPS": 0.0,
        "Total Revenue": 62,
        "Gross Profit": 7,
        "Operating Income": 1,
        "EBIT": 10,
        "Net Income": 0
    },
    "2018-03-31": {
        "Diluted EPS": 0.29,
        "Total Revenue": 91,
        "Gross Profit": 21,
        "Operating Income": 14,
        "EBIT": 28,
        "Net Income": 9
    },
    "2017-12-31": {
        "Diluted EPS": 0.09,
        "Total Revenue": 64,
        "Gross Profit": 9,
        "Operating Income": 4,
        "EBIT": 12,
        "Net Income": 2
    },
    "2017-09-30": {
        "Diluted EPS": -0.02,
        "Total Revenue": 56,
        "Gross Profit": 5,
        "Operating Income": 1,
        "EBIT": 11,
        "Net Income": 0
    },
    "2017-06-30": {
        "Diluted EPS": -0.17,
        "Total Revenue": 35,
        "Gross Profit": -1,
        "Operating Income": -5,
        "EBIT": 1,
        "Net Income": -5
    },
    "2017-03-31": {
        "Diluted EPS": 0.23,
        "Total Revenue": 70,
        "Gross Profit": 17,
        "Operating Income": 11,
        "EBIT": 22,
        "Net Income": 7
    },
    "2016-12-31": {
        "Diluted EPS": 0.02,
        "Total Revenue": 48,
        "Gross Profit": 5,
        "Operating Income": 0,
        "EBIT": 9,
        "Net Income": 0
    },
    "2016-09-30": {
        "Diluted EPS": -0.04,
        "Total Revenue": 37,
        "Gross Profit": 4,
        "Operating Income": 0,
        "EBIT": 6,
        "Net Income": -1
    },
    "2016-06-30": {
        "Diluted EPS": -0.12,
        "Total Revenue": 19,
        "Gross Profit": 2,
        "Operating Income": -4,
        "EBIT": 2,
        "Net Income": -4
    },
    "2016-03-31": {
        "Diluted EPS": 0.14,
        "Total Revenue": 57,
        "Gross Profit": 13,
        "Operating Income": 8,
        "EBIT": 19,
        "Net Income": 5
    },
    "2015-12-31": {
        "Diluted EPS": -0.01,
        "Total Revenue": 49,
        "Gross Profit": 5,
        "Operating Income": -1,
        "EBIT": 8,
        "Net Income": -1
    },
    "2015-09-30": {
        "Diluted EPS": -0.05,
        "Total Revenue": 51,
        "Gross Profit": 6,
        "Operating Income": 1,
        "EBIT": 10,
        "Net Income": -2
    },
    "2015-06-30": {
        "Diluted EPS": -0.11,
        "Total Revenue": 52,
        "Gross Profit": 6,
        "Operating Income": 2,
        "EBIT": 8,
        "Net Income": -3
    },
    "2015-03-31": {
        "Diluted EPS": -0.01,
        "Total Revenue": 70,
        "Gross Profit": 10,
        "Operating Income": 3,
        "EBIT": 13,
        "Net Income": 0
    },
    "2014-12-31": {
        "Diluted EPS": -0.04,
        "Total Revenue": 91,
        "Gross Profit": 0,
        "Operating Income": -8,
        "EBIT": 4,
        "Net Income": -2
    },
    "2014-09-30": {
        "Diluted EPS": 0.12,
        "Total Revenue": 119,
        "Gross Profit": 11,
        "Operating Income": 5,
        "EBIT": 18,
        "Net Income": 4
    },
    "2014-06-30": {
        "Diluted EPS": -0.11,
        "Total Revenue": 106,
        "Gross Profit": 8,
        "Operating Income": -1,
        "EBIT": 7,
        "Net Income": -4
    },
    "2014-03-31": {
        "Diluted EPS": 0.0,
        "Total Revenue": 108,
        "Gross Profit": 24,
        "Operating Income": 14,
        "EBIT": 24,
        "Net Income": 0
    },
    "2013-12-31": {
        "Diluted EPS": 0.14,
        "Total Revenue": 99,
        "Gross Profit": 402,
        "Operating Income": 427,
        "EBIT": 452,
        "Net Income": 5
    },
    "2013-09-30": {
        "Diluted EPS": 1.93,
        "Total Revenue": 111,
        "Gross Profit": 10,
        "Operating Income": 1,
        "EBIT": 9,
        "Net Income": 71
    },
    "2013-06-30": {
        "Diluted EPS": -0.15,
        "Total Revenue": 112,
        "Gross Profit": 7,
        "Operating Income": -2,
        "EBIT": -35,
        "Net Income": -6
    },
    "2013-03-31": {
        "Diluted EPS": -0.13,
        "Total Revenue": 128,
        "Gross Profit": 176,
        "Operating Income": 174,
        "EBIT": 217,
        "Net Income": -5
    },
    "2012-12-31": {
        "Diluted EPS": 0.13,
        "Total Revenue": 190,
        "Gross Profit": 26,
        "Operating Income": 11,
        "EBIT": 25,
        "Net Income": 5
    },
    "2012-09-30": {
        "Diluted EPS": 0.1,
        "Total Revenue": 204,
        "Gross Profit": 25,
        "Operating Income": 13,
        "EBIT": 20,
        "Net Income": 4
    },
    "2012-06-30": {
        "Diluted EPS": -0.14,
        "Total Revenue": 237,
        "Gross Profit": 22,
        "Operating Income": 3,
        "EBIT": -35,
        "Net Income": -5
    },
    "2012-03-31": {
        "Diluted EPS": -0.46,
        "Total Revenue": 273,
        "Gross Profit": -11,
        "Operating Income": -27,
        "EBIT": 23,
        "Net Income": -16
    },
    "2011-12-31": {
        "Diluted EPS": -0.05,
        "Total Revenue": 285,
        "Gross Profit": 26,
        "Operating Income": 10,
        "EBIT": 21,
        "Net Income": -2
    },
    "2011-09-30": {
        "Diluted EPS": 0.18,
        "Total Revenue": 242,
        "Gross Profit": 26,
        "Operating Income": 10,
        "EBIT": 20,
        "Net Income": 7
    },
    "2011-06-30": {
        "Diluted EPS": -0.26,
        "Total Revenue": 202,
        "Gross Profit": 8,
        "Operating Income": -4,
        "EBIT": -36,
        "Net Income": -9
    },
    "2011-03-31": {
        "Diluted EPS": -0.87,
        "Total Revenue": 180,
        "Gross Profit": -15,
        "Operating Income": -30,
        "EBIT": 13,
        "Net Income": -31
    },
    "2010-12-31": {
        "Diluted EPS": 0.1,
        "Total Revenue": 265,
        "Gross Profit": 34,
        "Operating Income": 16,
        "EBIT": 29,
        "Net Income": 4
    },
    "2010-09-30": {
        "Diluted EPS": 0.06,
        "Total Revenue": 231,
        "Gross Profit": 33,
        "Operating Income": 18,
        "EBIT": 27,
        "Net Income": 2
    },
    "2010-06-30": {
        "Diluted EPS": -0.28,
        "Total Revenue": 179,
        "Gross Profit": 15,
        "Operating Income": 1,
        "EBIT": -34,
        "Net Income": -10
    },
    "2010-03-31": {
        "Diluted EPS": -0.03,
        "Total Revenue": 211,
        "Gross Profit": 38,
        "Operating Income": 19,
        "EBIT": 63,
        "Net Income": -1
    },
    "2009-12-31": {
        "Diluted EPS": 0.54,
        "Total Revenue": 208,
        "Gross Profit": 42,
        "Operating Income": 28,
        "EBIT": 40,
        "Net Income": 19
    },
    "2009-09-30": {
        "Diluted EPS": 0.02,
        "Total Revenue": 158,
        "Gross Profit": 33,
        "Operating Income": 20,
        "EBIT": 31,
        "Net Income": 1
    },
    "2009-06-30": {
        "Diluted EPS": 0.37,
        "Total Revenue": 137,
        "Gross Profit": 32,
        "Operating Income": 19,
        "EBIT": -7,
        "Net Income": 14
    },
    "2009-03-31": {
        "Diluted EPS": -3.54,
        "Total Revenue": 156,
        "Gross Profit": 49,
        "Operating Income": 36,
        "EBIT": 71,
        "Net Income": -127
    },
    "2023-09-30": {
        "Tax Effect Of Unusual Items": 386886.966463,
        "Tax Rate For Calcs": 0.132088,
        "Normalized EBITDA": 46606000.0,
        "Total Unusual Items": 2929000.0,
        "Total Unusual Items Excluding Goodwill": 2929000.0,
        "Net Income From Continuing Operation Net Minority Interest": 11387000.0,
        "Reconciled Depreciation": 28592000.0,
        "Reconciled Cost Of Revenue": 168432000.0,
        "EBITDA": 49535000.0,
        "EBIT": 20943000.0,
        "Net Interest Income": -8119000.0,
        "Interest Expense": 7823000.0,
        "Interest Income": NaN,
        "Normalized Income": 8844886.966463,
        "Net Income From Continuing And Discontinued Operation": 11387000.0,
        "Total Expenses": 180917000.0,
        "Rent Expense Supplemental": 3878000.0,
        "Total Operating Income As Reported": 14138000.0,
        "Diluted Average Shares": 33007609.0,
        "Basic Average Shares": 26700303.0,
        "Diluted EPS": 0.39,
        "Basic EPS": 0.43,
        "Diluted NI Availto Com Stockholders": 12849000.0,
        "Average Dilution Earnings": 1462000.0,
        "Net Income Common Stockholders": 11387000.0,
        "Net Income": 11387000.0,
        "Net Income Including Noncontrolling Interests": 11387000.0,
        "Net Income Continuous Operations": 11387000.0,
        "Tax Provision": 1733000.0,
        "Pretax Income": 13120000.0,
        "Other Income Expense": 7412000.0,
        "Special Income Charges": 311000.0,
        "Gain On Sale Of Ppe": 311000.0,
        "Restructuring And Mergern Acquisition": NaN,
        "Earnings From Equity Interest": 4483000.0,
        "Gain On Sale Of Security": 2618000.0,
        "Net Non Operating Interest Income Expense": -8119000.0,
        "Total Other Finance Cost": 296000.0,
        "Interest Expense Non Operating": 7823000.0,
        "Interest Income Non Operating": NaN,
        "Operating Income": 13827000.0,
        "Operating Expense": 12485000.0,
        "Selling General And Administration": 12485000.0,
        "General And Administrative Expense": 12485000.0,
        "Other Gand A": 12485000.0,
        "Gross Profit": 26312000.0,
        "Cost Of Revenue": 168432000.0,
        "Total Revenue": 194744000.0,
        "Operating Revenue": 194744000.0
    },
    "2023-12-31": {
        "Tax Effect Of Unusual Items": -2703048.362262,
        "Tax Rate For Calcs": 0.382489,
        "Normalized EBITDA": 90882000.0,
        "Total Unusual Items": -7067000.0,
        "Total Unusual Items Excluding Goodwill": -7067000.0,
        "Net Income From Continuing Operation Net Minority Interest": 17646000.0,
        "Reconciled Depreciation": 41990000.0,
        "Reconciled Cost Of Revenue": 260843000.0,
        "EBITDA": 83815000.0,
        "EBIT": 41825000.0,
        "Net Interest Income": -14007000.0,
        "Interest Expense": 13249000.0,
        "Interest Income": NaN,
        "Normalized Income": 22009951.637738,
        "Net Income From Continuing And Discontinued Operation": 17646000.0,
        "Total Expenses": 279049000.0,
        "Rent Expense Supplemental": 7982000.0,
        "Total Operating Income As Reported": 45779000.0,
        "Diluted Average Shares": NaN,
        "Basic Average Shares": NaN,
        "Diluted EPS": NaN,
        "Basic EPS": NaN,
        "Diluted NI Availto Com Stockholders": 19130000.0,
        "Average Dilution Earnings": 1484000.0,
        "Net Income Common Stockholders": 17646000.0,
        "Net Income": 17646000.0,
        "Net Income Including Noncontrolling Interests": 17646000.0,
        "Net Income Continuous Operations": 17646000.0,
        "Tax Provision": 10930000.0,
        "Pretax Income": 28576000.0,
        "Other Income Expense": -4666000.0,
        "Special Income Charges": -6151000.0,
        "Gain On Sale Of Ppe": -1470000.0,
        "Restructuring And Mergern Acquisition": NaN,
        "Earnings From Equity Interest": 2401000.0,
        "Gain On Sale Of Security": -916000.0,
        "Net Non Operating Interest Income Expense": -14007000.0,
        "Total Other Finance Cost": 758000.0,
        "Interest Expense Non Operating": 13249000.0,
        "Interest Income Non Operating": NaN,
        "Operating Income": 47249000.0,
        "Operating Expense": 18206000.0,
        "Selling General And Administration": 18206000.0,
        "General And Administrative Expense": 18206000.0,
        "Other Gand A": 18206000.0,
        "Gross Profit": 65455000.0,
        "Cost Of Revenue": 260843000.0,
        "Total Revenue": 326298000.0,
        "Operating Revenue": 326298000.0
    },
    "2024-03-31": {
        "Tax Effect Of Unusual Items": -1578919.107392,
        "Tax Rate For Calcs": 0.279257,
        "Normalized EBITDA": 80207000.0,
        "Total Unusual Items": -5654000.0,
        "Total Unusual Items Excluding Goodwill": -5654000.0,
        "Net Income From Continuing Operation Net Minority Interest": 11369000.0,
        "Reconciled Depreciation": 43941000.0,
        "Reconciled Cost Of Revenue": 243736000.0,
        "EBITDA": 74553000.0,
        "EBIT": 30612000.0,
        "Net Interest Income": -15597000.0,
        "Interest Expense": 14838000.0,
        "Interest Income": NaN,
        "Normalized Income": 15444080.892608,
        "Net Income From Continuing And Discontinued Operation": 11369000.0,
        "Total Expenses": 258489000.0,
        "Rent Expense Supplemental": 7441000.0,
        "Total Operating Income As Reported": 38276000.0,
        "Diluted Average Shares": 33026740.0,
        "Basic Average Shares": 26733473.0,
        "Diluted EPS": 0.39,
        "Basic EPS": 0.43,
        "Diluted NI Availto Com Stockholders": 12858000.0,
        "Average Dilution Earnings": 1489000.0,
        "Net Income Common Stockholders": 11369000.0,
        "Net Income": 11369000.0,
        "Net Income Including Noncontrolling Interests": 11369000.0,
        "Net Income Continuous Operations": 11369000.0,
        "Tax Provision": 4405000.0,
        "Pretax Income": 15774000.0,
        "Other Income Expense": -7166000.0,
        "Special Income Charges": -5654000.0,
        "Gain On Sale Of Ppe": -261000.0,
        "Restructuring And Mergern Acquisition": 5393000.0,
        "Earnings From Equity Interest": -1512000.0,
        "Gain On Sale Of Security": NaN,
        "Net Non Operating Interest Income Expense": -15597000.0,
        "Total Other Finance Cost": 759000.0,
        "Interest Expense Non Operating": 14838000.0,
        "Interest Income Non Operating": NaN,
        "Operating Income": 38537000.0,
        "Operating Expense": 14753000.0,
        "Selling General And Administration": 14753000.0,
        "General And Administrative Expense": 14753000.0,
        "Other Gand A": 14753000.0,
        "Gross Profit": 53290000.0,
        "Cost Of Revenue": 243736000.0,
        "Total Revenue": 297026000.0,
        "Operating Revenue": 297026000.0
    }
}