{
    "2023-03-31": {
        "Tax Effect Of Unusual Items": -3056159.626964,
        "Tax Rate For Calcs": 0.224999,
        "Normalized EBITDA": 292466000.0,
        "Total Unusual Items": -13583000.0,
        "Total Unusual Items Excluding Goodwill": -13583000.0,
        "Net Income From Continuing Operation Net Minority Interest": 244210000.0,
        "Reconciled Cost Of Revenue": 370106000.0,
        "EBITDA": 278883000.0,
        "EBIT": 278883000.0,
        "Net Interest Income": 34388000.0,
        "Interest Income": 34388000.0,
        "Normalized Income": 254736840.373036,
        "Net Income From Continuing And Discontinued Operation": 244210000.0,
        "Total Expenses": 524590000.0,
        "Total Operating Income As Reported": 278883000.0,
        "Diluted NI Availto Com Stockholders": 244210000.0,
        "Net Income Common Stockholders": 244210000.0,
        "Net Income": 244210000.0,
        "Minority Interests": 875000.0,
        "Net Income Including Noncontrolling Interests": 243335000.0,
        "Net Income Continuous Operations": 243335000.0,
        "Earnings From Equity Interest Net Of Tax": 3669000.0,
        "Tax Provision": 69580000.0,
        "Pretax Income": 309246000.0,
        "Other Income Expense": -4025000.0,
        "Other Non Operating Income Expenses": 9558000.0,
        "Special Income Charges": NaN,
        "Gain On Sale Of Security": -13583000.0,
        "Net Non Operating Interest Income Expense": 34388000.0,
        "Interest Income Non Operating": 34388000.0,
        "Operating Income": 278883000.0,
        "Operating Expense": 154484000.0,
        "Other Operating Expenses": 17813000.0,
        "Provision For Doubtful Accounts": -5698000.0,
        "Selling General And Administration": 142369000.0,
        "Selling And Marketing Expense": 96669000.0,
        "General And Administrative Expense": 45700000.0,
        "Other Gand A": 45700000.0,
        "Gross Profit": 433367000.0,
        "Cost Of Revenue": 370106000.0,
        "Total Revenue": 803473000.0,
        "Excise Taxes": 5795000.0,
        "Operating Revenue": 736402000.0
    },
    "2022-12-31": {
        "Tax Effect Of Unusual Items": -11790267.16546,
        "Tax Rate For Calcs": 0.320736,
        "Normalized EBITDA": 256498000.0,
        "Total Unusual Items": -36760000.0,
        "Total Unusual Items Excluding Goodwill": -36760000.0,
        "Net Income From Continuing Operation Net Minority Interest": 139909000.0,
        "Reconciled Cost Of Revenue": -554550000.0,
        "EBITDA": 219738000.0,
        "EBIT": 219738000.0,
        "Net Interest Income": 14251000.0,
        "Interest Income": 14251000.0,
        "Normalized Income": 164878732.83454,
        "Net Income From Continuing And Discontinued Operation": 139909000.0,
        "Total Expenses": 662332000.0,
        "Total Operating Income As Reported": 219738000.0,
        "Diluted NI Availto Com Stockholders": 139909000.0,
        "Net Income Common Stockholders": 139909000.0,
        "Net Income": 139909000.0,
        "Minority Interests": -614000.0,
        "Net Income Including Noncontrolling Interests": 140523000.0,
        "Net Income Continuous Operations": 140523000.0,
        "Earnings From Equity Interest Net Of Tax": 12331000.0,
        "Tax Provision": 60530000.0,
        "Pretax Income": 188722000.0,
        "Other Income Expense": -45267000.0,
        "Other Non Operating Income Expenses": -8507000.0,
        "Special Income Charges": -99000000.0,
        "Gain On Sale Of Security": 62240000.0,
        "Net Non Operating Interest Income Expense": 14251000.0,
        "Interest Income Non Operating": 14251000.0,
        "Operating Income": 219738000.0,
        "Operating Expense": 1216882000.0,
        "Other Operating Expenses": 32592000.0,
        "Provision For Doubtful Accounts": 19836000.0,
        "Selling General And Administration": 1164454000.0,
        "Selling And Marketing Expense": 142806000.0,
        "General And Administrative Expense": 1021648000.0,
        "Other Gand A": 83952000.0,
        "Gross Profit": 1436620000.0,
        "Cost Of Revenue": -554550000.0,
        "Total Revenue": 882070000.0,
        "Excise Taxes": 4372000.0,
        "Operating Revenue": 825572000.0
    },
    "2022-09-30": {
        "Tax Effect Of Unusual Items": -1469261.104549,
        "Tax Rate For Calcs": 0.203133,
        "Normalized EBITDA": 239004000.0,
        "Total Unusual Items": -7233000.0,
        "Total Unusual Items Excluding Goodwill": -7233000.0,
        "Net Income From Continuing Operation Net Minority Interest": 182415000.0,
        "Reconciled Cost Of Revenue": 343026000.0,
        "EBITDA": 231771000.0,
        "EBIT": 231771000.0,
        "Net Interest Income": 16847000.0,
        "Interest Income": 16847000.0,
        "Normalized Income": 188178738.895451,
        "Net Income From Continuing And Discontinued Operation": 182415000.0,
        "Total Expenses": 452697000.0,
        "Total Operating Income As Reported": 231771000.0,
        "Diluted Average Shares": 69255667.0,
        "Basic Average Shares": 69212818.0,
        "Diluted EPS": 2.63,
        "Basic EPS": 2.64,
        "Diluted NI Availto Com Stockholders": 182415000.0,
        "Net Income Common Stockholders": 182415000.0,
        "Net Income": 182415000.0,
        "Minority Interests": 4448000.0,
        "Net Income Including Noncontrolling Interests": 177967000.0,
        "Net Income Continuous Operations": 177967000.0,
        "Earnings From Equity Interest Net Of Tax": -22406000.0,
        "Tax Provision": 51078000.0,
        "Pretax Income": 251451000.0,
        "Other Income Expense": 2833000.0,
        "Other Non Operating Income Expenses": 10066000.0,
        "Special Income Charges": 0.0,
        "Other Special Charges": NaN,
        "Gain On Sale Of Security": -7233000.0,
        "Net Non Operating Interest Income Expense": 16847000.0,
        "Interest Income Non Operating": 16847000.0,
        "Operating Income": 231771000.0,
        "Operating Expense": 109671000.0,
        "Other Operating Expenses": -18561000.0,
        "Provision For Doubtful Accounts": -5274000.0,
        "Selling General And Administration": 133506000.0,
        "Selling And Marketing Expense": 75995000.0,
        "General And Administrative Expense": 57511000.0,
        "Other Gand A": 57511000.0,
        "Salaries And Wages": NaN,
        "Gross Profit": 341442000.0,
        "Cost Of Revenue": 343026000.0,
        "Total Revenue": 684468000.0,
        "Excise Taxes": 7063000.0,
        "Operating Revenue": 691531000.0
    },
    "2022-06-30": {
        "Tax Effect Of Unusual Items": 1130142.982096,
        "Tax Rate For Calcs": 0.218427,
        "Normalized EBITDA": 317971000.0,
        "Total Unusual Items": 5174000.0,
        "Total Unusual Items Excluding Goodwill": 5174000.0,
        "Net Income From Continuing Operation Net Minority Interest": 349005000.0,
        "Reconciled Cost Of Revenue": 357805000.0,
        "EBITDA": 323145000.0,
        "EBIT": 323145000.0,
        "Net Interest Income": 17681000.0,
        "Interest Income": 17681000.0,
        "Normalized Income": 344961142.982096,
        "Net Income From Continuing And Discontinued Operation": 349005000.0,
        "Total Expenses": 414997000.0,
        "Total Operating Income As Reported": 323145000.0,
        "Diluted Average Shares": 134621396.0,
        "Basic Average Shares": 134491448.0,
        "Diluted EPS": 2.59,
        "Basic EPS": 2.595,
        "Diluted NI Availto Com Stockholders": 349005000.0,
        "Net Income Common Stockholders": 349005000.0,
        "Net Income": 349005000.0,
        "Minority Interests": 117000.0,
        "Net Income Including Noncontrolling Interests": 348888000.0,
        "Net Income Continuous Operations": 348888000.0,
        "Earnings From Equity Interest Net Of Tax": 69203000.0,
        "Tax Provision": 78164000.0,
        "Pretax Income": 357849000.0,
        "Other Income Expense": 17023000.0,
        "Other Non Operating Income Expenses": 11849000.0,
        "Special Income Charges": 0.0,
        "Other Special Charges": NaN,
        "Gain On Sale Of Security": 5174000.0,
        "Net Non Operating Interest Income Expense": 17681000.0,
        "Interest Income Non Operating": 17681000.0,
        "Operating Income": 323145000.0,
        "Operating Expense": 57192000.0,
        "Other Operating Expenses": -42976000.0,
        "Provision For Doubtful Accounts": -5788000.0,
        "Selling General And Administration": 105956000.0,
        "Selling And Marketing Expense": 70307000.0,
        "General And Administrative Expense": 35649000.0,
        "Other Gand A": 35649000.0,
        "Salaries And Wages": NaN,
        "Gross Profit": 380337000.0,
        "Cost Of Revenue": 357805000.0,
        "Total Revenue": 738142000.0,
        "Excise Taxes": 10284000.0,
        "Operating Revenue": 748426000.0
    },
    "2022-03-31": {
        "Diluted EPS": 0.71,
        "Total Revenue": 126,
        "Gross Profit": 126,
        "Operating Income": 50,
        "EBIT": 56,
        "Net Income": 48
    },
    "2021-12-31": {
        "Diluted EPS": 0.69,
        "Total Revenue": 206,
        "Gross Profit": 206,
        "Operating Income": 24,
        "EBIT": 24,
        "Net Income": 47
    },
    "2021-09-30": {
        "Diluted EPS": 0.63,
        "Total Revenue": 141,
        "Gross Profit": 141,
        "Operating Income": 36,
        "EBIT": 36,
        "Net Income": 42
    },
    "2021-06-30": {
        "Diluted EPS": 0.7,
        "Total Revenue": 139,
        "Gross Profit": 139,
        "Operating Income": 52,
        "EBIT": 52,
        "Net Income": 47
    },
    "2021-03-31": {
        "Diluted EPS": 1.03,
        "Total Revenue": 187,
        "Gross Profit": 187,
        "Operating Income": 77,
        "EBIT": 77,
        "Net Income": 69
    },
    "2020-12-31": {
        "Diluted EPS": -3.76,
        "Total Revenue": 169,
        "Gross Profit": 169,
        "Operating Income": 60,
        "EBIT": 60,
        "Net Income": -233
    },
    "2020-09-30": {
        "Diluted EPS": 0.68,
        "Total Revenue": 127,
        "Gross Profit": 127,
        "Operating Income": 51,
        "EBIT": 51,
        "Net Income": 42
    },
    "2020-06-30": {
        "Diluted EPS": 0.69,
        "Total Revenue": 106,
        "Gross Profit": 106,
        "Operating Income": 45,
        "EBIT": 45,
        "Net Income": 42
    },
    "2020-03-31": {
        "Diluted EPS": 0.55,
        "Total Revenue": 105,
        "Gross Profit": 105,
        "Operating Income": 36,
        "EBIT": 36,
        "Net Income": 34
    },
    "2019-12-31": {
        "Diluted EPS": 0.23,
        "Total Revenue": 110,
        "Gross Profit": 110,
        "Operating Income": 17,
        "EBIT": 17,
        "Net Income": 13
    },
    "2019-09-30": {
        "Diluted EPS": 0.43,
        "Total Revenue": 118,
        "Gross Profit": 118,
        "Operating Income": 33,
        "EBIT": 33,
        "Net Income": 27
    },
    "2019-06-30": {
        "Diluted EPS": 0.59,
        "Total Revenue": 127,
        "Gross Profit": 127,
        "Operating Income": 37,
        "EBIT": 37,
        "Net Income": 36
    },
    "2019-03-31": {
        "Diluted EPS": 0.68,
        "Total Revenue": 133,
        "Gross Profit": 133,
        "Operating Income": 45,
        "EBIT": 45,
        "Net Income": 42
    },
    "2018-12-31": {
        "Diluted EPS": 0.28,
        "Total Revenue": 103,
        "Gross Profit": 103,
        "Operating Income": 18,
        "EBIT": 18,
        "Net Income": 18
    },
    "2018-09-30": {
        "Diluted EPS": 0.5,
        "Total Revenue": 122,
        "Gross Profit": 122,
        "Operating Income": 39,
        "EBIT": 39,
        "Net Income": 30
    },
    "2018-06-30": {
        "Diluted EPS": 0.45,
        "Total Revenue": 121,
        "Gross Profit": 121,
        "Operating Income": 33,
        "EBIT": 33,
        "Net Income": 27
    },
    "2018-03-31": {
        "Diluted EPS": 0.71,
        "Total Revenue": 132,
        "Gross Profit": 132,
        "Operating Income": 44,
        "EBIT": 44,
        "Net Income": 43
    },
    "2017-12-31": {
        "Diluted EPS": 0.46,
        "Total Revenue": 124,
        "Gross Profit": 124,
        "Operating Income": 25,
        "EBIT": 25,
        "Net Income": 27
    },
    "2017-09-30": {
        "Diluted EPS": 0.47,
        "Total Revenue": 103,
        "Gross Profit": 103,
        "Operating Income": 24,
        "EBIT": 24,
        "Net Income": 28
    },
    "2017-06-30": {
        "Diluted EPS": 0.52,
        "Total Revenue": 104,
        "Gross Profit": 104,
        "Operating Income": 33,
        "EBIT": 33,
        "Net Income": 31
    },
    "2017-03-31": {
        "Diluted EPS": 0.54,
        "Total Revenue": 104,
        "Gross Profit": 104,
        "Operating Income": 37,
        "EBIT": 37,
        "Net Income": 32
    },
    "2016-12-31": {
        "Diluted EPS": 0.2,
        "Total Revenue": 79,
        "Gross Profit": 79,
        "Operating Income": 7,
        "EBIT": 7,
        "Net Income": 11
    },
    "2016-09-30": {
        "Diluted EPS": 0.4,
        "Total Revenue": 91,
        "Gross Profit": 91,
        "Operating Income": 24,
        "EBIT": 24,
        "Net Income": 23
    },
    "2016-06-30": {
        "Diluted EPS": 0.47,
        "Total Revenue": 98,
        "Gross Profit": 98,
        "Operating Income": 29,
        "EBIT": 29,
        "Net Income": 27
    },
    "2016-03-31": {
        "Diluted EPS": 0.52,
        "Total Revenue": 94,
        "Gross Profit": 94,
        "Operating Income": 35,
        "EBIT": 35,
        "Net Income": 31
    },
    "2015-12-31": {
        "Diluted EPS": 0.23,
        "Total Revenue": 93,
        "Gross Profit": 225,
        "Operating Income": 31,
        "EBIT": 31,
        "Net Income": 13
    },
    "2015-09-30": {
        "Diluted EPS": 0.41,
        "Total Revenue": 83,
        "Gross Profit": 36,
        "Operating Income": 14,
        "EBIT": 14,
        "Net Income": 24
    },
    "2015-06-30": {
        "Diluted EPS": 0.46,
        "Total Revenue": 93,
        "Gross Profit": 44,
        "Operating Income": 31,
        "EBIT": 31,
        "Net Income": 27
    },
    "2015-03-31": {
        "Diluted EPS": 0.37,
        "Total Revenue": 75,
        "Gross Profit": 40,
        "Operating Income": 26,
        "EBIT": 26,
        "Net Income": 21
    },
    "2014-12-31": {
        "Diluted EPS": 0.26,
        "Total Revenue": 63,
        "Gross Profit": -13,
        "Operating Income": 7,
        "EBIT": 7,
        "Net Income": 15
    },
    "2014-09-30": {
        "Diluted EPS": 0.32,
        "Total Revenue": 63,
        "Gross Profit": 48,
        "Operating Income": 20,
        "EBIT": 20,
        "Net Income": 18
    },
    "2014-06-30": {
        "Diluted EPS": 0.41,
        "Total Revenue": 71,
        "Gross Profit": 53,
        "Operating Income": 27,
        "EBIT": 27,
        "Net Income": 23
    },
    "2014-03-31": {
        "Diluted EPS": 0.3,
        "Total Revenue": 53,
        "Gross Profit": 42,
        "Operating Income": 24,
        "EBIT": 24,
        "Net Income": 17
    },
    "2013-12-31": {
        "Diluted EPS": 0.24,
        "Total Revenue": 45,
        "Gross Profit": 35,
        "Operating Income": 13,
        "EBIT": 13,
        "Net Income": 13
    },
    "2013-09-30": {
        "Diluted EPS": 0.25,
        "Total Revenue": 41,
        "Gross Profit": 33,
        "Operating Income": 17,
        "EBIT": 17,
        "Net Income": 14
    },
    "2013-06-30": {
        "Diluted EPS": 0.26,
        "Total Revenue": 44,
        "Gross Profit": 35,
        "Operating Income": 18,
        "EBIT": 18,
        "Net Income": 14
    },
    "2013-03-31": {
        "Diluted EPS": 0.17,
        "Total Revenue": 33,
        "Gross Profit": 27,
        "Operating Income": 12,
        "EBIT": 12,
        "Net Income": 10
    },
    "2012-12-31": {
        "Diluted EPS": 0.12,
        "Total Revenue": 25,
        "Gross Profit": 20,
        "Operating Income": 7,
        "EBIT": 7,
        "Net Income": 6
    },
    "2012-09-30": {
        "Diluted EPS": 0.14,
        "Total Revenue": 26,
        "Gross Profit": 21,
        "Operating Income": 9,
        "EBIT": 9,
        "Net Income": 8
    },
    "2012-06-30": {
        "Diluted EPS": 0.11,
        "Total Revenue": 20,
        "Gross Profit": 16,
        "Operating Income": 8,
        "EBIT": 8,
        "Net Income": 6
    },
    "2012-03-31": {
        "Diluted EPS": 0.05,
        "Total Revenue": 17,
        "Gross Profit": 13,
        "Operating Income": 3,
        "EBIT": 3,
        "Net Income": 3
    },
    "2011-12-31": {
        "Diluted EPS": 0.06,
        "Total Revenue": 14,
        "Gross Profit": 11,
        "Operating Income": 2,
        "EBIT": 2,
        "Net Income": 4
    },
    "2011-09-30": {
        "Diluted EPS": 0.1,
        "Total Revenue": 19,
        "Gross Profit": 15,
        "Operating Income": 6,
        "EBIT": 6,
        "Net Income": 6
    },
    "2011-06-30": {
        "Diluted EPS": 0.16,
        "Total Revenue": 25,
        "Gross Profit": 20,
        "Operating Income": 12,
        "EBIT": 12,
        "Net Income": 9
    },
    "2011-03-31": {
        "Diluted EPS": 0.1,
        "Total Revenue": 15,
        "Gross Profit": 13,
        "Operating Income": 7,
        "EBIT": 7,
        "Net Income": 6
    },
    "2010-12-31": {
        "Diluted EPS": 0.08,
        "Total Revenue": 14,
        "Gross Profit": 14,
        "Operating Income": 14,
        "EBIT": 14,
        "Net Income": 4
    },
    "2010-09-30": {
        "Diluted EPS": 0.01,
        "Total Revenue": 4,
        "Gross Profit": 2,
        "Operating Income": -3,
        "EBIT": -3,
        "Net Income": 1
    },
    "2010-06-30": {
        "Diluted EPS": 0.04,
        "Total Revenue": 8,
        "Gross Profit": 8,
        "Operating Income": 8,
        "EBIT": 8,
        "Net Income": 2
    },
    "2010-03-31": {
        "Diluted EPS": 0.04,
        "Total Revenue": 6,
        "Gross Profit": 6,
        "Operating Income": 6,
        "EBIT": 6,
        "Net Income": 2
    },
    "2009-12-31": {
        "Diluted EPS": 0.04,
        "Total Revenue": 5,
        "Gross Profit": 5,
        "Operating Income": 5,
        "EBIT": 5,
        "Net Income": 2
    },
    "2023-06-30": {
        "Tax Effect Of Unusual Items": -894597.025051,
        "Tax Rate For Calcs": 0.224999,
        "Normalized EBITDA": 353395000.0,
        "Total Unusual Items": -3976000.0,
        "Total Unusual Items Excluding Goodwill": -3976000.0,
        "Net Income From Continuing Operation Net Minority Interest": 315428000.0,
        "Reconciled Cost Of Revenue": 385102000.0,
        "EBITDA": 349419000.0,
        "EBIT": 349419000.0,
        "Net Interest Income": 39684000.0,
        "Interest Income": 39684000.0,
        "Normalized Income": 318509402.974949,
        "Net Income From Continuing And Discontinued Operation": 315428000.0,
        "Total Expenses": 592338000.0,
        "Total Operating Income As Reported": 349419000.0,
        "Diluted NI Availto Com Stockholders": 315428000.0,
        "Net Income Common Stockholders": 315428000.0,
        "Net Income": 315428000.0,
        "Minority Interests": 3132000.0,
        "Net Income Including Noncontrolling Interests": 312296000.0,
        "Net Income Continuous Operations": 312296000.0,
        "Earnings From Equity Interest Net Of Tax": 1561000.0,
        "Tax Provision": 90213000.0,
        "Pretax Income": 400948000.0,
        "Other Income Expense": 11845000.0,
        "Other Non Operating Income Expenses": 15821000.0,
        "Special Income Charges": NaN,
        "Gain On Sale Of Security": -3976000.0,
        "Net Non Operating Interest Income Expense": 39684000.0,
        "Interest Income Non Operating": 39684000.0,
        "Operating Income": 349419000.0,
        "Operating Expense": 207236000.0,
        "Other Operating Expenses": 31030000.0,
        "Provision For Doubtful Accounts": 220000.0,
        "Selling General And Administration": 175986000.0,
        "Selling And Marketing Expense": 112003000.0,
        "General And Administrative Expense": 63983000.0,
        "Other Gand A": 63983000.0,
        "Gross Profit": 556655000.0,
        "Cost Of Revenue": 385102000.0,
        "Total Revenue": 941757000.0,
        "Excise Taxes": 3211000.0,
        "Operating Revenue": 880854000.0
    },
    "2023-09-30": {
        "Tax Effect Of Unusual Items": 2169000.0,
        "Tax Rate For Calcs": 0.225,
        "Normalized EBITDA": 239249000.0,
        "Total Unusual Items": 9640000.0,
        "Total Unusual Items Excluding Goodwill": 9640000.0,
        "Net Income From Continuing Operation Net Minority Interest": 233326000.0,
        "Reconciled Cost Of Revenue": 400795000.0,
        "EBITDA": 248889000.0,
        "EBIT": 248889000.0,
        "Net Interest Income": 43465000.0,
        "Interest Income": 43465000.0,
        "Normalized Income": 225855000.0,
        "Net Income From Continuing And Discontinued Operation": 233326000.0,
        "Total Expenses": 501069000.0,
        "Total Operating Income As Reported": 248889000.0,
        "Diluted NI Availto Com Stockholders": 233326000.0,
        "Net Income Common Stockholders": 233326000.0,
        "Net Income": 233326000.0,
        "Minority Interests": 1282000.0,
        "Net Income Including Noncontrolling Interests": 232044000.0,
        "Net Income Continuous Operations": 232044000.0,
        "Earnings From Equity Interest Net Of Tax": -3897000.0,
        "Tax Provision": 68499000.0,
        "Pretax Income": 304440000.0,
        "Other Income Expense": 12086000.0,
        "Other Non Operating Income Expenses": 2446000.0,
        "Special Income Charges": NaN,
        "Gain On Sale Of Security": 9640000.0,
        "Net Non Operating Interest Income Expense": 43465000.0,
        "Interest Income Non Operating": 43465000.0,
        "Operating Income": 248889000.0,
        "Operating Expense": 100274000.0,
        "Other Operating Expenses": -86315000.0,
        "Provision For Doubtful Accounts": -525000.0,
        "Selling General And Administration": 187114000.0,
        "Selling And Marketing Expense": 119707000.0,
        "General And Administrative Expense": 67407000.0,
        "Other Gand A": 67407000.0,
        "Gross Profit": 349163000.0,
        "Cost Of Revenue": 400795000.0,
        "Total Revenue": 749958000.0,
        "Excise Taxes": 5088000.0,
        "Operating Revenue": 680691000.0
    }
}