{
    "2023-03-31": {
        "Tax Effect Of Unusual Items": NaN,
        "Tax Rate For Calcs": NaN,
        "Net Income From Continuing Operation Net Minority Interest": NaN,
        "Reconciled Depreciation": NaN,
        "Normalized Income": NaN,
        "Net Income From Continuing And Discontinued Operation": NaN,
        "Total Expenses": NaN,
        "Diluted Average Shares": 21368956.0,
        "Basic Average Shares": 21368956.0,
        "Diluted EPS": -0.2,
        "Basic EPS": -0.2,
        "Diluted NI Availto Com Stockholders": NaN,
        "Net Income Common Stockholders": NaN,
        "Net Income": NaN,
        "Minority Interests": NaN,
        "Net Income Including Noncontrolling Interests": NaN,
        "Net Income Discontinuous Operations": NaN,
        "Net Income Continuous Operations": NaN,
        "Tax Provision": NaN,
        "Pretax Income": NaN,
        "Total Revenue": NaN,
        "Operating Revenue": NaN,
        "Loss Adjustment Expense": NaN,
        "Net Policyholder Benefits And Claims": NaN,
        "Policyholder Benefits Gross": NaN,
        "Policyholder Benefits Ceded": NaN
    },
    "2022-12-31": {
        "Tax Effect Of Unusual Items": 0.0,
        "Tax Rate For Calcs": 0.21,
        "Net Income From Continuing Operation Net Minority Interest": 890000.0,
        "Reconciled Depreciation": 309000.0,
        "Normalized Income": 890000.0,
        "Net Income From Continuing And Discontinued Operation": 890000.0,
        "Total Expenses": 92674000.0,
        "Diluted Average Shares": NaN,
        "Basic Average Shares": NaN,
        "Diluted EPS": NaN,
        "Basic EPS": NaN,
        "Diluted NI Availto Com Stockholders": 890000.0,
        "Net Income Common Stockholders": 890000.0,
        "Net Income": 890000.0,
        "Minority Interests": -101000.0,
        "Net Income Including Noncontrolling Interests": 991000.0,
        "Net Income Continuous Operations": 991000.0,
        "Tax Provision": -333000.0,
        "Pretax Income": 658000.0,
        "Total Revenue": 93332000.0,
        "Operating Revenue": 93332000.0
    },
    "2022-09-30": {
        "Tax Effect Of Unusual Items": NaN,
        "Tax Rate For Calcs": NaN,
        "Net Income From Continuing Operation Net Minority Interest": NaN,
        "Reconciled Depreciation": NaN,
        "Normalized Income": NaN,
        "Net Income From Continuing And Discontinued Operation": NaN,
        "Total Expenses": NaN,
        "Diluted Average Shares": 21328383.0,
        "Basic Average Shares": 21328383.0,
        "Diluted EPS": -0.47,
        "Basic EPS": -0.47,
        "Diluted NI Availto Com Stockholders": NaN,
        "Net Income Common Stockholders": NaN,
        "Net Income": NaN,
        "Minority Interests": NaN,
        "Net Income Including Noncontrolling Interests": NaN,
        "Net Income Continuous Operations": NaN,
        "Tax Provision": NaN,
        "Pretax Income": NaN,
        "Total Revenue": NaN,
        "Operating Revenue": NaN
    },
    "2022-06-30": {
        "Tax Effect Of Unusual Items": 0.0,
        "Tax Rate For Calcs": 0.21,
        "Net Income From Continuing Operation Net Minority Interest": -45910000.0,
        "Reconciled Depreciation": 294000.0,
        "Normalized Income": -45910000.0,
        "Net Income From Continuing And Discontinued Operation": -45910000.0,
        "Total Expenses": 134841000.0,
        "Diluted Average Shares": 21379803.0,
        "Basic Average Shares": 21379803.0,
        "Diluted EPS": -2.15,
        "Basic EPS": -2.15,
        "Diluted NI Availto Com Stockholders": -45910000.0,
        "Net Income Common Stockholders": -45910000.0,
        "Net Income": -45910000.0,
        "Minority Interests": 726000.0,
        "Net Income Including Noncontrolling Interests": -46636000.0,
        "Net Income Continuous Operations": -46636000.0,
        "Tax Provision": -12415000.0,
        "Pretax Income": -59051000.0,
        "Total Revenue": 75790000.0,
        "Operating Revenue": 75790000.0
    },
    "2022-03-31": {
        "Diluted EPS": 0.09,
        "Total Revenue": 66,
        "Gross Profit": 26,
        "Operating Income": 3,
        "EBIT": 19,
        "Net Income": 2
    },
    "2021-12-31": {
        "Diluted EPS": 0.28,
        "Total Revenue": 85,
        "Gross Profit": 35,
        "Operating Income": 8,
        "EBIT": 27,
        "Net Income": 6
    },
    "2021-09-30": {
        "Diluted EPS": -0.22,
        "Total Revenue": 85,
        "Gross Profit": 19,
        "Operating Income": -6,
        "EBIT": 7,
        "Net Income": -5
    },
    "2021-06-30": {
        "Diluted EPS": -0.12,
        "Total Revenue": 83,
        "Gross Profit": 20,
        "Operating Income": -3,
        "EBIT": 17,
        "Net Income": -3
    },
    "2021-03-31": {
        "Diluted EPS": 0.45,
        "Total Revenue": 71,
        "Gross Profit": 34,
        "Operating Income": 13,
        "EBIT": 27,
        "Net Income": 10
    },
    "2020-12-31": {
        "Diluted EPS": 0.98,
        "Total Revenue": 84,
        "Gross Profit": 52,
        "Operating Income": 29,
        "EBIT": 42,
        "Net Income": 22
    },
    "2020-09-30": {
        "Diluted EPS": 0.17,
        "Total Revenue": 81,
        "Gross Profit": 27,
        "Operating Income": 5,
        "EBIT": 22,
        "Net Income": 4
    },
    "2020-06-30": {
        "Diluted EPS": 0.85,
        "Total Revenue": 96,
        "Gross Profit": 43,
        "Operating Income": 24,
        "EBIT": 41,
        "Net Income": 19
    },
    "2020-03-31": {
        "Diluted EPS": -0.16,
        "Total Revenue": 46,
        "Gross Profit": 16,
        "Operating Income": -4,
        "EBIT": 7,
        "Net Income": -4
    },
    "2019-12-31": {
        "Diluted EPS": 0.77,
        "Total Revenue": 71,
        "Gross Profit": 38,
        "Operating Income": 21,
        "EBIT": 31,
        "Net Income": 17
    },
    "2019-09-30": {
        "Diluted EPS": -0.31,
        "Total Revenue": 70,
        "Gross Profit": 9,
        "Operating Income": -9,
        "EBIT": 3,
        "Net Income": -7
    },
    "2019-06-30": {
        "Diluted EPS": 0.11,
        "Total Revenue": 69,
        "Gross Profit": 20,
        "Operating Income": 4,
        "EBIT": 21,
        "Net Income": 2
    },
    "2019-03-31": {
        "Diluted EPS": 0.62,
        "Total Revenue": 61,
        "Gross Profit": 34,
        "Operating Income": 18,
        "EBIT": 28,
        "Net Income": 14
    },
    "2018-12-31": {
        "Diluted EPS": 0.67,
        "Total Revenue": 57,
        "Gross Profit": 35,
        "Operating Income": 19,
        "EBIT": 27,
        "Net Income": 15
    },
    "2018-09-30": {
        "Diluted EPS": 0.44,
        "Total Revenue": 64,
        "Gross Profit": 27,
        "Operating Income": 12,
        "EBIT": 24,
        "Net Income": 10
    },
    "2018-06-30": {
        "Diluted EPS": 0.01,
        "Total Revenue": 53,
        "Gross Profit": 12,
        "Operating Income": 0,
        "EBIT": 9,
        "Net Income": 0
    },
    "2018-03-31": {
        "Diluted EPS": 0.27,
        "Total Revenue": 38,
        "Gross Profit": 19,
        "Operating Income": 8,
        "EBIT": 15,
        "Net Income": 6
    },
    "2017-12-31": {
        "Diluted EPS": 0.61,
        "Total Revenue": 50,
        "Gross Profit": 31,
        "Operating Income": 18,
        "EBIT": 25,
        "Net Income": 14
    },
    "2017-09-30": {
        "Diluted EPS": -0.12,
        "Total Revenue": 57,
        "Gross Profit": 7,
        "Operating Income": -3,
        "EBIT": 7,
        "Net Income": -3
    },
    "2017-06-30": {
        "Diluted EPS": 0.01,
        "Total Revenue": 48,
        "Gross Profit": 11,
        "Operating Income": 0,
        "EBIT": 7,
        "Net Income": 0
    },
    "2017-03-31": {
        "Diluted EPS": 0.21,
        "Total Revenue": 35,
        "Gross Profit": 17,
        "Operating Income": 7,
        "EBIT": 12,
        "Net Income": 5
    },
    "2016-12-31": {
        "Diluted EPS": 0.0,
        "Total Revenue": 34,
        "Gross Profit": 9,
        "Operating Income": 2,
        "EBIT": 5,
        "Net Income": 1
    },
    "2016-09-30": {
        "Diluted EPS": 0.0,
        "Total Revenue": 59,
        "Gross Profit": 9,
        "Operating Income": -3,
        "EBIT": 4,
        "Net Income": -1
    },
    "2016-06-30": {
        "Diluted EPS": 0.0,
        "Total Revenue": 39,
        "Gross Profit": 8,
        "Operating Income": -3,
        "EBIT": 12,
        "Net Income": -2
    },
    "2016-03-31": {
        "Diluted EPS": 0.0,
        "Total Revenue": 32,
        "Gross Profit": 20,
        "Operating Income": 10,
        "EBIT": 6,
        "Net Income": 6
    },
    "2015-12-31": {
        "Diluted EPS": 0.0,
        "Total Revenue": NaN,
        "Gross Profit": NaN,
        "Operating Income": NaN,
        "EBIT": NaN,
        "Net Income": NaN
    },
    "2014-12-31": {
        "Diluted EPS": 0.0,
        "Total Revenue": NaN,
        "Gross Profit": NaN,
        "Operating Income": NaN,
        "EBIT": NaN,
        "Net Income": NaN
    },
    "2023-06-30": {
        "Tax Effect Of Unusual Items": NaN,
        "Tax Rate For Calcs": NaN,
        "Net Income From Continuing Operation Net Minority Interest": NaN,
        "Reconciled Depreciation": NaN,
        "Normalized Income": NaN,
        "Net Income From Continuing And Discontinued Operation": NaN,
        "Total Expenses": NaN,
        "Diluted Average Shares": 21281542.0,
        "Basic Average Shares": 21281542.0,
        "Diluted EPS": -0.38,
        "Basic EPS": -0.38,
        "Diluted NI Availto Com Stockholders": NaN,
        "Net Income Common Stockholders": NaN,
        "Net Income": NaN,
        "Minority Interests": NaN,
        "Net Income Including Noncontrolling Interests": NaN,
        "Net Income Discontinuous Operations": -5659000.0,
        "Net Income Continuous Operations": NaN,
        "Tax Provision": NaN,
        "Pretax Income": NaN,
        "Total Revenue": NaN,
        "Operating Revenue": NaN,
        "Loss Adjustment Expense": NaN,
        "Net Policyholder Benefits And Claims": NaN,
        "Policyholder Benefits Gross": NaN,
        "Policyholder Benefits Ceded": NaN
    },
    "2023-09-30": {
        "Tax Effect Of Unusual Items": 0.0,
        "Tax Rate For Calcs": 0.21,
        "Net Income From Continuing Operation Net Minority Interest": 738000.0,
        "Reconciled Depreciation": 164000.0,
        "Normalized Income": 738000.0,
        "Net Income From Continuing And Discontinued Operation": 231000.0,
        "Total Expenses": 77010000.0,
        "Diluted Average Shares": 21193522.0,
        "Basic Average Shares": 21111832.0,
        "Diluted EPS": 0.01,
        "Basic EPS": 0.01,
        "Diluted NI Availto Com Stockholders": 231000.0,
        "Net Income Common Stockholders": 231000.0,
        "Net Income": 231000.0,
        "Minority Interests": -67000.0,
        "Net Income Including Noncontrolling Interests": 298000.0,
        "Net Income Discontinuous Operations": -507000.0,
        "Net Income Continuous Operations": 805000.0,
        "Tax Provision": 214000.0,
        "Pretax Income": 1019000.0,
        "Total Revenue": 78029000.0,
        "Operating Revenue": 78029000.0,
        "Loss Adjustment Expense": 53157000.0,
        "Net Policyholder Benefits And Claims": 53157000.0,
        "Policyholder Benefits Gross": 54588000.0,
        "Policyholder Benefits Ceded": 1431000.0
    },
    "2023-12-31": {
        "Tax Effect Of Unusual Items": 0.0,
        "Tax Rate For Calcs": 0.374371,
        "Net Income From Continuing Operation Net Minority Interest": 6625000.0,
        "Reconciled Depreciation": 374000.0,
        "Normalized Income": 6625000.0,
        "Net Income From Continuing And Discontinued Operation": 6625000.0,
        "Total Expenses": 82888000.0,
        "Diluted Average Shares": NaN,
        "Basic Average Shares": NaN,
        "Diluted EPS": NaN,
        "Basic EPS": NaN,
        "Diluted NI Availto Com Stockholders": 6625000.0,
        "Net Income Common Stockholders": 6625000.0,
        "Net Income": 6625000.0,
        "Minority Interests": -586000.0,
        "Net Income Including Noncontrolling Interests": 7211000.0,
        "Net Income Discontinuous Operations": NaN,
        "Net Income Continuous Operations": 7211000.0,
        "Tax Provision": 4315000.0,
        "Pretax Income": 11526000.0,
        "Total Revenue": 94414000.0,
        "Operating Revenue": 94414000.0,
        "Loss Adjustment Expense": 44517000.0,
        "Net Policyholder Benefits And Claims": 44517000.0,
        "Policyholder Benefits Gross": 57119000.0,
        "Policyholder Benefits Ceded": 12602000.0
    },
    "2024-03-31": {
        "Tax Effect Of Unusual Items": 0.0,
        "Tax Rate For Calcs": 0.215,
        "Net Income From Continuing Operation Net Minority Interest": 6419000.0,
        "Reconciled Depreciation": 349000.0,
        "Normalized Income": 6419000.0,
        "Net Income From Continuing And Discontinued Operation": 6419000.0,
        "Total Expenses": 83170000.0,
        "Diluted Average Shares": 21046079.0,
        "Basic Average Shares": 20932774.0,
        "Diluted EPS": 0.3,
        "Basic EPS": 0.31,
        "Diluted NI Availto Com Stockholders": 6419000.0,
        "Net Income Common Stockholders": 6419000.0,
        "Net Income": 6419000.0,
        "Minority Interests": 0.0,
        "Net Income Including Noncontrolling Interests": 6419000.0,
        "Net Income Discontinuous Operations": NaN,
        "Net Income Continuous Operations": 6419000.0,
        "Tax Provision": 1761000.0,
        "Pretax Income": 8180000.0,
        "Total Revenue": 91350000.0,
        "Operating Revenue": 91350000.0,
        "Loss Adjustment Expense": 52209000.0,
        "Net Policyholder Benefits And Claims": 52209000.0,
        "Policyholder Benefits Gross": 54699000.0,
        "Policyholder Benefits Ceded": 2490000.0
    },
    "2024-06-30": {
        "Tax Effect Of Unusual Items": 0.0,
        "Tax Rate For Calcs": 0.175524,
        "Net Income From Continuing Operation Net Minority Interest": -7478000.0,
        "Reconciled Depreciation": -8000.0,
        "Normalized Income": -7478000.0,
        "Net Income From Continuing And Discontinued Operation": -19622000.0,
        "Total Expenses": 96877000.0,
        "Diluted Average Shares": 20970384.0,
        "Basic Average Shares": 20970384.0,
        "Diluted EPS": -0.94,
        "Basic EPS": -0.94,
        "Diluted NI Availto Com Stockholders": -19622000.0,
        "Net Income Common Stockholders": -19622000.0,
        "Net Income": -19622000.0,
        "Minority Interests": 0.0,
        "Net Income Including Noncontrolling Interests": -19622000.0,
        "Net Income Discontinuous Operations": -12144000.0,
        "Net Income Continuous Operations": -7478000.0,
        "Tax Provision": -1592000.0,
        "Pretax Income": -9070000.0,
        "Total Revenue": 87807000.0,
        "Operating Revenue": 87807000.0,
        "Loss Adjustment Expense": 69358000.0,
        "Net Policyholder Benefits And Claims": 69358000.0,
        "Policyholder Benefits Gross": 73574000.0,
        "Policyholder Benefits Ceded": 4216000.0
    },
    "2024-09-30": {
        "Tax Effect Of Unusual Items": 0.0,
        "Tax Rate For Calcs": 0.217,
        "Net Income From Continuing Operation Net Minority Interest": -2705000.0,
        "Reconciled Depreciation": 186000.0,
        "Normalized Income": -2705000.0,
        "Net Income From Continuing And Discontinued Operation": -2705000.0,
        "Total Expenses": 92440000.0,
        "Diluted Average Shares": 20985213.0,
        "Basic Average Shares": 20985213.0,
        "Diluted EPS": -0.13,
        "Basic EPS": -0.13,
        "Diluted NI Availto Com Stockholders": -2705000.0,
        "Net Income Common Stockholders": -2705000.0,
        "Net Income": -2705000.0,
        "Minority Interests": 0.0,
        "Net Income Including Noncontrolling Interests": -2705000.0,
        "Net Income Discontinuous Operations": 0.0,
        "Net Income Continuous Operations": -2705000.0,
        "Tax Provision": -751000.0,
        "Pretax Income": -3456000.0,
        "Total Revenue": 88984000.0,
        "Operating Revenue": 88984000.0,
        "Loss Adjustment Expense": 65100000.0,
        "Net Policyholder Benefits And Claims": 65100000.0,
        "Policyholder Benefits Gross": 70309000.0,
        "Policyholder Benefits Ceded": 5209000.0
    }
}