{
    "2023-03-31": {
        "Tax Effect Of Unusual Items": 323735.733375,
        "Tax Rate For Calcs": 0.00203,
        "Normalized EBITDA": 306170000.0,
        "Total Unusual Items": 159474000.0,
        "Total Unusual Items Excluding Goodwill": 159474000.0,
        "Net Income From Continuing Operation Net Minority Interest": 340191000.0,
        "Reconciled Depreciation": 94618000.0,
        "Reconciled Cost Of Revenue": 207624000.0,
        "EBITDA": 465644000.0,
        "EBIT": 371026000.0,
        "Net Interest Income": -30143000.0,
        "Interest Expense": 30143000.0,
        "Normalized Income": 181040735.733375,
        "Net Income From Continuing And Discontinued Operation": 340191000.0,
        "Total Expenses": 221625000.0,
        "Total Operating Income As Reported": 360589000.0,
        "Diluted Average Shares": 85407197.0,
        "Basic Average Shares": 84915729.0,
        "Diluted EPS": 3.98,
        "Basic EPS": 4.01,
        "Diluted NI Availto Com Stockholders": 340191000.0,
        "Net Income Common Stockholders": 340191000.0,
        "Otherunder Preferred Stock Dividend": 0.0,
        "Net Income": 340191000.0,
        "Net Income Including Noncontrolling Interests": 340191000.0,
        "Net Income Continuous Operations": 340191000.0,
        "Tax Provision": 692000.0,
        "Pretax Income": 340883000.0,
        "Other Income Expense": 164093000.0,
        "Other Non Operating Income Expenses": 4619000.0,
        "Special Income Charges": 6835000.0,
        "Other Special Charges": -659000.0,
        "Restructuring And Mergern Acquisition": -6176000.0,
        "Gain On Sale Of Security": 152639000.0,
        "Net Non Operating Interest Income Expense": -30143000.0,
        "Interest Expense Non Operating": 30143000.0,
        "Operating Income": 206933000.0,
        "Operating Expense": 14001000.0,
        "Other Operating Expenses": 1001000.0,
        "Selling General And Administration": 13000000.0,
        "General And Administrative Expense": 13000000.0,
        "Other Gand A": 13000000.0,
        "Gross Profit": 220934000.0,
        "Cost Of Revenue": 207624000.0,
        "Total Revenue": 428558000.0,
        "Operating Revenue": 426234000.0
    },
    "2022-12-31": {
        "Tax Effect Of Unusual Items": -15529710.0,
        "Tax Rate For Calcs": 0.21,
        "Normalized EBITDA": 320117000.0,
        "Total Unusual Items": -73951000.0,
        "Total Unusual Items Excluding Goodwill": -73951000.0,
        "Net Income From Continuing Operation Net Minority Interest": 145068000.0,
        "Reconciled Depreciation": 77316000.0,
        "Reconciled Cost Of Revenue": 187798000.0,
        "EBITDA": 246166000.0,
        "EBIT": 168850000.0,
        "Net Interest Income": -23808000.0,
        "Interest Expense": 23808000.0,
        "Normalized Income": 203489290.0,
        "Net Income From Continuing And Discontinued Operation": 145068000.0,
        "Total Expenses": 202844000.0,
        "Total Operating Income As Reported": 167534000.0,
        "Diluted Average Shares": 81857034.0,
        "Basic Average Shares": 81301477.0,
        "Diluted EPS": 1.63,
        "Basic EPS": 1.64,
        "Diluted NI Availto Com Stockholders": 133291000.0,
        "Net Income Common Stockholders": 133291000.0,
        "Otherunder Preferred Stock Dividend": 10411000.0,
        "Preferred Stock Dividends": 1366000.0,
        "Net Income": 145068000.0,
        "Net Income Including Noncontrolling Interests": 145068000.0,
        "Net Income Continuous Operations": 145069000.0,
        "Tax Provision": -27000.0,
        "Pretax Income": 145042000.0,
        "Other Income Expense": -73952000.0,
        "Other Non Operating Income Expenses": -1000.0,
        "Special Income Charges": 2095000.0,
        "Other Special Charges": -236000.0,
        "Restructuring And Mergern Acquisition": -1859000.0,
        "Gain On Sale Of Security": -76046000.0,
        "Net Non Operating Interest Income Expense": -23808000.0,
        "Interest Expense Non Operating": 23808000.0,
        "Operating Income": 242803000.0,
        "Operating Expense": 15046000.0,
        "Other Operating Expenses": NaN,
        "Selling General And Administration": 15046000.0,
        "General And Administrative Expense": 15046000.0,
        "Other Gand A": 15046000.0,
        "Gross Profit": 257849000.0,
        "Cost Of Revenue": 187798000.0,
        "Total Revenue": 445647000.0,
        "Operating Revenue": 445647000.0
    },
    "2022-09-30": {
        "Tax Effect Of Unusual Items": 587832.672136,
        "Tax Rate For Calcs": 0.002279,
        "Normalized EBITDA": 347046000.0,
        "Total Unusual Items": 257887000.0,
        "Total Unusual Items Excluding Goodwill": 257887000.0,
        "Net Income From Continuing Operation Net Minority Interest": 583465000.0,
        "Reconciled Depreciation": 65976000.0,
        "Reconciled Cost Of Revenue": 176726000.0,
        "EBITDA": 604933000.0,
        "EBIT": 604933000.0,
        "Net Interest Income": -20135000.0,
        "Interest Expense": 20135000.0,
        "Normalized Income": 326165832.672136,
        "Net Income From Continuing And Discontinued Operation": 583465000.0,
        "Total Expenses": 187004000.0,
        "Total Operating Income As Reported": 604637000.0,
        "Diluted Average Shares": 86141293.0,
        "Basic Average Shares": 78589661.0,
        "Diluted EPS": 6.77,
        "Basic EPS": 7.39,
        "Diluted NI Availto Com Stockholders": 583465000.0,
        "Net Income Common Stockholders": 583465000.0,
        "Otherunder Preferred Stock Dividend": 0.0,
        "Preferred Stock Dividends": 2610000.0,
        "Net Income": 583465000.0,
        "Net Income Including Noncontrolling Interests": 583465000.0,
        "Net Income Continuous Operations": 583465000.0,
        "Tax Provision": 1333000.0,
        "Pretax Income": 584798000.0,
        "Other Income Expense": 257886000.0,
        "Other Non Operating Income Expenses": -1000.0,
        "Special Income Charges": 339000.0,
        "Other Special Charges": -339000.0,
        "Restructuring And Mergern Acquisition": 0.0,
        "Gain On Sale Of Security": 257548000.0,
        "Net Non Operating Interest Income Expense": -20135000.0,
        "Interest Expense Non Operating": 20135000.0,
        "Operating Income": 347046000.0,
        "Operating Expense": 10278000.0,
        "Other Operating Expenses": NaN,
        "Selling General And Administration": 10278000.0,
        "General And Administrative Expense": 10278000.0,
        "Other Gand A": 10278000.0,
        "Gross Profit": 357324000.0,
        "Cost Of Revenue": 176726000.0,
        "Total Revenue": 534050000.0,
        "Operating Revenue": 534050000.0
    },
    "2022-06-30": {
        "Tax Effect Of Unusual Items": -428437.98485,
        "Tax Rate For Calcs": 0.003988,
        "Normalized EBITDA": 378116000.0,
        "Total Unusual Items": -107437000.0,
        "Total Unusual Items Excluding Goodwill": -107437000.0,
        "Net Income From Continuing Operation Net Minority Interest": 251264000.0,
        "Reconciled Depreciation": 54795000.0,
        "Reconciled Cost Of Revenue": 163278000.0,
        "EBITDA": 270679000.0,
        "EBIT": 270679000.0,
        "Net Interest Income": -18410000.0,
        "Interest Expense": 18410000.0,
        "Normalized Income": 358272562.01515,
        "Net Income From Continuing And Discontinued Operation": 251264000.0,
        "Total Expenses": 171342000.0,
        "Total Operating Income As Reported": 270104000.0,
        "Diluted Average Shares": 86788465.0,
        "Basic Average Shares": 77366704.0,
        "Diluted EPS": 2.74,
        "Basic EPS": 3.08,
        "Diluted NI Availto Com Stockholders": 238091000.0,
        "Net Income Common Stockholders": 238091000.0,
        "Otherunder Preferred Stock Dividend": 10363000.0,
        "Preferred Stock Dividends": 2810000.0,
        "Net Income": 251264000.0,
        "Net Income Including Noncontrolling Interests": 251264000.0,
        "Net Income Continuous Operations": 251263000.0,
        "Tax Provision": 1006000.0,
        "Pretax Income": 252269000.0,
        "Other Income Expense": -107622000.0,
        "Other Non Operating Income Expenses": -185000.0,
        "Special Income Charges": 236000.0,
        "Other Special Charges": -236000.0,
        "Restructuring And Mergern Acquisition": 0.0,
        "Gain On Sale Of Security": -107673000.0,
        "Net Non Operating Interest Income Expense": -18410000.0,
        "Interest Expense Non Operating": 18410000.0,
        "Operating Income": 378301000.0,
        "Operating Expense": 8064000.0,
        "Other Operating Expenses": NaN,
        "Selling General And Administration": 8064000.0,
        "General And Administrative Expense": 8064000.0,
        "Other Gand A": 8064000.0,
        "Gross Profit": 386365000.0,
        "Cost Of Revenue": 163278000.0,
        "Total Revenue": 549643000.0,
        "Operating Revenue": 549643000.0
    },
    "2023-06-30": {
        "Tax Effect Of Unusual Items": 11661300.0,
        "Tax Rate For Calcs": 0.189,
        "Normalized EBITDA": 283521000.0,
        "Total Unusual Items": 61700000.0,
        "Total Unusual Items Excluding Goodwill": 61700000.0,
        "Net Income From Continuing Operation Net Minority Interest": 167815000.0,
        "Reconciled Depreciation": 106427000.0,
        "Reconciled Cost Of Revenue": 227915000.0,
        "EBITDA": 345221000.0,
        "EBIT": 238794000.0,
        "Net Interest Income": -31968000.0,
        "Interest Expense": 31968000.0,
        "Normalized Income": 117776300.0,
        "Net Income From Continuing And Discontinued Operation": 167815000.0,
        "Total Expenses": 241763000.0,
        "Total Operating Income As Reported": 234791000.0,
        "Diluted Average Shares": 89108519.0,
        "Basic Average Shares": 88800994.0,
        "Diluted EPS": 1.88,
        "Basic EPS": 1.89,
        "Diluted NI Availto Com Stockholders": 167815000.0,
        "Net Income Common Stockholders": 167815000.0,
        "Otherunder Preferred Stock Dividend": 0.0,
        "Net Income": 167815000.0,
        "Net Income Including Noncontrolling Interests": 167815000.0,
        "Net Income Continuous Operations": 167814000.0,
        "Tax Provision": 39012000.0,
        "Pretax Income": 206826000.0,
        "Other Income Expense": 61772000.0,
        "Other Non Operating Income Expenses": 72000.0,
        "Special Income Charges": 3931000.0,
        "Other Special Charges": NaN,
        "Restructuring And Mergern Acquisition": -3931000.0,
        "Gain On Sale Of Security": 57769000.0,
        "Net Non Operating Interest Income Expense": -31968000.0,
        "Interest Expense Non Operating": 31968000.0,
        "Operating Income": 177022000.0,
        "Operating Expense": 13848000.0,
        "Other Operating Expenses": 1446000.0,
        "Selling General And Administration": 12402000.0,
        "General And Administrative Expense": 12402000.0,
        "Other Gand A": 12402000.0,
        "Gross Profit": 190870000.0,
        "Cost Of Revenue": 227915000.0,
        "Total Revenue": 418785000.0,
        "Operating Revenue": 416491000.0
    },
    "2022-03-31": {
        "Diluted EPS": -2.92,
        "Total Revenue": -33,
        "Gross Profit": -122,
        "Operating Income": -189,
        "EBIT": -135,
        "Net Income": -225
    },
    "2021-12-31": {
        "Diluted EPS": 3.02,
        "Total Revenue": 319,
        "Gross Profit": 244,
        "Operating Income": 190,
        "EBIT": 234,
        "Net Income": 171
    },
    "2021-09-30": {
        "Diluted EPS": 0.13,
        "Total Revenue": 132,
        "Gross Profit": 68,
        "Operating Income": 27,
        "EBIT": 64,
        "Net Income": 9
    },
    "2021-06-30": {
        "Diluted EPS": -1.55,
        "Total Revenue": 25,
        "Gross Profit": -36,
        "Operating Income": -75,
        "EBIT": -43,
        "Net Income": -94
    },
    "2021-03-31": {
        "Diluted EPS": -1.73,
        "Total Revenue": 21,
        "Gross Profit": -26,
        "Operating Income": -64,
        "EBIT": -32,
        "Net Income": -94
    },
    "2020-12-31": {
        "Diluted EPS": -1.7,
        "Total Revenue": 50,
        "Gross Profit": 13,
        "Operating Income": -129,
        "EBIT": -95,
        "Net Income": -146
    },
    "2020-09-30": {
        "Diluted EPS": -5.44,
        "Total Revenue": 47,
        "Gross Profit": 16,
        "Operating Income": -219,
        "EBIT": -187,
        "Net Income": -237
    },
    "2020-06-30": {
        "Diluted EPS": -21.74,
        "Total Revenue": -52,
        "Gross Profit": -81,
        "Operating Income": -885,
        "EBIT": -847,
        "Net Income": -903
    },
    "2020-03-31": {
        "Diluted EPS": 7.33,
        "Total Revenue": 507,
        "Gross Profit": 458,
        "Operating Income": 391,
        "EBIT": 454,
        "Net Income": 365
    },
    "2019-12-31": {
        "Diluted EPS": -2.68,
        "Total Revenue": 59,
        "Gross Profit": 7,
        "Operating Income": -63,
        "EBIT": 2,
        "Net Income": -109
    },
    "2019-09-30": {
        "Diluted EPS": 2.38,
        "Total Revenue": 234,
        "Gross Profit": 186,
        "Operating Income": 121,
        "EBIT": 177,
        "Net Income": 94
    },
    "2019-06-30": {
        "Diluted EPS": 1.2,
        "Total Revenue": 186,
        "Gross Profit": 146,
        "Operating Income": 92,
        "EBIT": 139,
        "Net Income": 44
    },
    "2019-03-31": {
        "Diluted EPS": -2.9,
        "Total Revenue": -7,
        "Gross Profit": -44,
        "Operating Income": -95,
        "EBIT": -50,
        "Net Income": -107
    },
    "2018-12-31": {
        "Diluted EPS": 9.87,
        "Total Revenue": 443,
        "Gross Profit": 408,
        "Operating Income": 355,
        "EBIT": 404,
        "Net Income": 218
    },
    "2018-09-30": {
        "Diluted EPS": 0.6,
        "Total Revenue": 102,
        "Gross Profit": 71,
        "Operating Income": 36,
        "EBIT": 67,
        "Net Income": 19
    },
    "2018-06-30": {
        "Diluted EPS": -4.9,
        "Total Revenue": 67,
        "Gross Profit": 42,
        "Operating Income": 16,
        "EBIT": 40,
        "Net Income": -97
    },
    "2018-03-31": {
        "Diluted EPS": 0.5,
        "Total Revenue": 67,
        "Gross Profit": 46,
        "Operating Income": 26,
        "EBIT": 46,
        "Net Income": 3
    },
    "2017-12-31": {
        "Diluted EPS": -3.8,
        "Total Revenue": 37,
        "Gross Profit": 17,
        "Operating Income": -4,
        "EBIT": 15,
        "Net Income": -24
    },
    "2017-09-30": {
        "Diluted EPS": -2.6,
        "Total Revenue": 42,
        "Gross Profit": 24,
        "Operating Income": 1,
        "EBIT": 17,
        "Net Income": -16
    },
    "2017-06-30": {
        "Diluted EPS": 2.2,
        "Total Revenue": 65,
        "Gross Profit": 48,
        "Operating Income": 30,
        "EBIT": 45,
        "Net Income": 14
    },
    "2017-03-31": {
        "Diluted EPS": 2.7,
        "Total Revenue": 66,
        "Gross Profit": 50,
        "Operating Income": 33,
        "EBIT": 47,
        "Net Income": 17
    },
    "2016-12-31": {
        "Diluted EPS": -2.0,
        "Total Revenue": 36,
        "Gross Profit": 20,
        "Operating Income": 2,
        "EBIT": 17,
        "Net Income": -12
    },
    "2016-09-30": {
        "Diluted EPS": -7.4,
        "Total Revenue": 45,
        "Gross Profit": 30,
        "Operating Income": -29,
        "EBIT": -15,
        "Net Income": -46
    },
    "2016-06-30": {
        "Diluted EPS": -17.8,
        "Total Revenue": 32,
        "Gross Profit": 17,
        "Operating Income": -93,
        "EBIT": -76,
        "Net Income": -109
    },
    "2016-03-31": {
        "Diluted EPS": -20.8,
        "Total Revenue": 32,
        "Gross Profit": 17,
        "Operating Income": -109,
        "EBIT": -90,
        "Net Income": -127
    },
    "2015-12-31": {
        "Diluted EPS": -28.4,
        "Total Revenue": 57,
        "Gross Profit": 41,
        "Operating Income": -156,
        "EBIT": -131,
        "Net Income": -172
    },
    "2015-09-30": {
        "Diluted EPS": -53.3,
        "Total Revenue": 101,
        "Gross Profit": 84,
        "Operating Income": -307,
        "EBIT": -274,
        "Net Income": -323
    },
    "2015-06-30": {
        "Diluted EPS": -41.2,
        "Total Revenue": 41,
        "Gross Profit": 20,
        "Operating Income": -303,
        "EBIT": -265,
        "Net Income": -250
    },
    "2015-03-31": {
        "Diluted EPS": -37.9,
        "Total Revenue": 76,
        "Gross Profit": 57,
        "Operating Income": -353,
        "EBIT": -308,
        "Net Income": -230
    },
    "2014-12-31": {
        "Diluted EPS": 17.0,
        "Total Revenue": 258,
        "Gross Profit": 232,
        "Operating Income": 178,
        "EBIT": 227,
        "Net Income": 104
    },
    "2014-09-30": {
        "Diluted EPS": 9.5,
        "Total Revenue": 181,
        "Gross Profit": 154,
        "Operating Income": 104,
        "EBIT": 150,
        "Net Income": 58
    },
    "2014-06-30": {
        "Diluted EPS": -0.7,
        "Total Revenue": 75,
        "Gross Profit": 49,
        "Operating Income": 3,
        "EBIT": 46,
        "Net Income": -4
    },
    "2014-03-31": {
        "Diluted EPS": 1.1,
        "Total Revenue": 82,
        "Gross Profit": 61,
        "Operating Income": 21,
        "EBIT": 57,
        "Net Income": 7
    },
    "2013-12-31": {
        "Diluted EPS": 2.9,
        "Total Revenue": 102,
        "Gross Profit": 81,
        "Operating Income": 37,
        "EBIT": 77,
        "Net Income": 17
    },
    "2013-09-30": {
        "Diluted EPS": 0.3,
        "Total Revenue": 70,
        "Gross Profit": 48,
        "Operating Income": 12,
        "EBIT": 45,
        "Net Income": 2
    },
    "2013-06-30": {
        "Diluted EPS": 3.9,
        "Total Revenue": 96,
        "Gross Profit": 78,
        "Operating Income": 48,
        "EBIT": 75,
        "Net Income": 25
    },
    "2013-03-31": {
        "Diluted EPS": 1.4,
        "Total Revenue": 68,
        "Gross Profit": 51,
        "Operating Income": 21,
        "EBIT": 48,
        "Net Income": 9
    },
    "2012-12-31": {
        "Diluted EPS": 3.05,
        "Total Revenue": 82,
        "Gross Profit": 64,
        "Operating Income": 33,
        "EBIT": 61,
        "Net Income": 20
    },
    "2012-09-30": {
        "Diluted EPS": 0.05,
        "Total Revenue": 60,
        "Gross Profit": 43,
        "Operating Income": 6,
        "EBIT": 34,
        "Net Income": 0
    },
    "2012-06-30": {
        "Diluted EPS": 7.0,
        "Total Revenue": 119,
        "Gross Profit": 105,
        "Operating Income": 75,
        "EBIT": 101,
        "Net Income": 44
    },
    "2012-03-31": {
        "Diluted EPS": 1.4,
        "Total Revenue": 51,
        "Gross Profit": 38,
        "Operating Income": 15,
        "EBIT": 33,
        "Net Income": 9
    },
    "2011-12-31": {
        "Diluted EPS": -0.3,
        "Total Revenue": 27,
        "Gross Profit": 18,
        "Operating Income": 0,
        "EBIT": 15,
        "Net Income": -1
    },
    "2011-09-30": {
        "Diluted EPS": 4.6,
        "Total Revenue": 69,
        "Gross Profit": 61,
        "Operating Income": 46,
        "EBIT": 57,
        "Net Income": 29
    },
    "2011-06-30": {
        "Diluted EPS": 3.3,
        "Total Revenue": 51,
        "Gross Profit": 45,
        "Operating Income": 34,
        "EBIT": 42,
        "Net Income": 20
    },
    "2011-03-31": {
        "Diluted EPS": -1.1,
        "Total Revenue": 3,
        "Gross Profit": -2,
        "Operating Income": -12,
        "EBIT": -5,
        "Net Income": -7
    },
    "2010-12-31": {
        "Diluted EPS": -0.4,
        "Total Revenue": 11,
        "Gross Profit": 8,
        "Operating Income": -3,
        "EBIT": 6,
        "Net Income": -2
    },
    "2010-09-30": {
        "Diluted EPS": 0.2,
        "Total Revenue": 10,
        "Gross Profit": 7,
        "Operating Income": 2,
        "EBIT": 6,
        "Net Income": 1
    },
    "2010-06-30": {
        "Diluted EPS": 1.2,
        "Total Revenue": 16,
        "Gross Profit": 15,
        "Operating Income": 10,
        "EBIT": 13,
        "Net Income": 6
    },
    "2010-03-31": {
        "Diluted EPS": 0.4,
        "Total Revenue": 7,
        "Gross Profit": 6,
        "Operating Income": 3,
        "EBIT": 5,
        "Net Income": 2
    },
    "2009-12-31": {
        "Diluted EPS": 0.4,
        "Total Revenue": 6,
        "Gross Profit": 5,
        "Operating Income": 1,
        "EBIT": 4,
        "Net Income": 1
    },
    "2009-09-30": {
        "Diluted EPS": 0.4,
        "Total Revenue": 5,
        "Gross Profit": 4,
        "Operating Income": 2,
        "EBIT": 3,
        "Net Income": 2
    },
    "2009-06-30": {
        "Diluted EPS": 0.1,
        "Total Revenue": 2,
        "Gross Profit": 2,
        "Operating Income": 1,
        "EBIT": 2,
        "Net Income": 0
    },
    "2009-03-31": {
        "Diluted EPS": -0.1,
        "Total Revenue": 1,
        "Gross Profit": 1,
        "Operating Income": 0,
        "EBIT": 0,
        "Net Income": 0
    },
    "2023-09-30": {
        "Tax Effect Of Unusual Items": -41905080.0,
        "Tax Rate For Calcs": 0.21,
        "Normalized EBITDA": 375798000.0,
        "Total Unusual Items": -199548000.0,
        "Total Unusual Items Excluding Goodwill": -199548000.0,
        "Net Income From Continuing Operation Net Minority Interest": 26111000.0,
        "Reconciled Depreciation": 133791000.0,
        "Reconciled Cost Of Revenue": 258455000.0,
        "EBITDA": 176250000.0,
        "EBIT": 42459000.0,
        "Net Interest Income": -37040000.0,
        "Interest Expense": 37040000.0,
        "Normalized Income": 183753920.0,
        "Net Income From Continuing And Discontinued Operation": 26111000.0,
        "Total Expenses": 271535000.0,
        "Total Operating Income As Reported": 42438000.0,
        "Diluted Average Shares": 93742407.0,
        "Basic Average Shares": 92768035.0,
        "Diluted EPS": 0.28,
        "Basic EPS": 0.28,
        "Diluted NI Availto Com Stockholders": 26111000.0,
        "Net Income Common Stockholders": 26111000.0,
        "Otherunder Preferred Stock Dividend": 0.0,
        "Net Income": 26111000.0,
        "Net Income Including Noncontrolling Interests": 26111000.0,
        "Net Income Continuous Operations": 26110000.0,
        "Tax Provision": -20691000.0,
        "Pretax Income": 5419000.0,
        "Other Income Expense": -199527000.0,
        "Other Non Operating Income Expenses": 21000.0,
        "Special Income Charges": 0.0,
        "Other Special Charges": NaN,
        "Restructuring And Mergern Acquisition": 0.0,
        "Gain On Sale Of Security": -199548000.0,
        "Net Non Operating Interest Income Expense": -37040000.0,
        "Interest Expense Non Operating": 37040000.0,
        "Operating Income": 241986000.0,
        "Operating Expense": 13080000.0,
        "Other Operating Expenses": 1234000.0,
        "Selling General And Administration": 11846000.0,
        "General And Administrative Expense": 11846000.0,
        "Other Gand A": 11846000.0,
        "Gross Profit": 255066000.0,
        "Cost Of Revenue": 258455000.0,
        "Total Revenue": 513521000.0,
        "Operating Revenue": 511651000.0
    },
    "2023-12-31": {
        "Tax Effect Of Unusual Items": 32474020.231718,
        "Tax Rate For Calcs": 0.131276,
        "Normalized EBITDA": 387943000.0,
        "Total Unusual Items": 247372000.0,
        "Total Unusual Items Excluding Goodwill": 247372000.0,
        "Net Income From Continuing Operation Net Minority Interest": 388853000.0,
        "Reconciled Depreciation": 151188000.0,
        "Reconciled Cost Of Revenue": 299153000.0,
        "EBITDA": 635315000.0,
        "EBIT": 484127000.0,
        "Net Interest Income": -36513000.0,
        "Interest Expense": 36513000.0,
        "Normalized Income": 173955020.231718,
        "Net Income From Continuing And Discontinued Operation": 388853000.0,
        "Total Expenses": 309473000.0,
        "Total Operating Income As Reported": 484044000.0,
        "Diluted Average Shares": NaN,
        "Basic Average Shares": NaN,
        "Diluted EPS": NaN,
        "Basic EPS": NaN,
        "Diluted NI Availto Com Stockholders": 388853000.0,
        "Net Income Common Stockholders": 388853000.0,
        "Otherunder Preferred Stock Dividend": 0.0,
        "Net Income": 388853000.0,
        "Net Income Including Noncontrolling Interests": 388853000.0,
        "Net Income Continuous Operations": 388853000.0,
        "Tax Provision": 58761000.0,
        "Pretax Income": 447614000.0,
        "Other Income Expense": 247455000.0,
        "Other Non Operating Income Expenses": 83000.0,
        "Special Income Charges": 0.0,
        "Other Special Charges": 0.0,
        "Restructuring And Mergern Acquisition": 0.0,
        "Gain On Sale Of Security": 247372000.0,
        "Net Non Operating Interest Income Expense": -36513000.0,
        "Interest Expense Non Operating": 36513000.0,
        "Operating Income": 236672000.0,
        "Operating Expense": 10320000.0,
        "Other Operating Expenses": 767000.0,
        "Selling General And Administration": 9553000.0,
        "General And Administrative Expense": 9553000.0,
        "Other Gand A": 9553000.0,
        "Gross Profit": 246992000.0,
        "Cost Of Revenue": 299153000.0,
        "Total Revenue": 546145000.0,
        "Operating Revenue": 543403000.0
    }
}