{
    "2023-03-31": {
        "Tax Effect Of Unusual Items": NaN,
        "Tax Rate For Calcs": NaN,
        "Normalized EBITDA": NaN,
        "Total Unusual Items": NaN,
        "Total Unusual Items Excluding Goodwill": NaN,
        "Net Income From Continuing Operation Net Minority Interest": NaN,
        "Reconciled Depreciation": NaN,
        "Reconciled Cost Of Revenue": NaN,
        "EBITDA": NaN,
        "EBIT": NaN,
        "Net Interest Income": NaN,
        "Interest Expense": NaN,
        "Interest Income": NaN,
        "Normalized Income": NaN,
        "Net Income From Continuing And Discontinued Operation": NaN,
        "Total Expenses": NaN,
        "Total Operating Income As Reported": NaN,
        "Diluted Average Shares": 174500000.0,
        "Basic Average Shares": 174500000.0,
        "Diluted EPS": 0.24,
        "Basic EPS": 0.24,
        "Diluted NI Availto Com Stockholders": NaN,
        "Net Income Common Stockholders": NaN,
        "Net Income": NaN,
        "Net Income Including Noncontrolling Interests": NaN,
        "Net Income Continuous Operations": NaN,
        "Tax Provision": NaN,
        "Pretax Income": NaN,
        "Other Income Expense": NaN,
        "Special Income Charges": NaN,
        "Other Special Charges": NaN,
        "Write Off": NaN,
        "Restructuring And Mergern Acquisition": NaN,
        "Gain On Sale Of Security": NaN,
        "Net Non Operating Interest Income Expense": NaN,
        "Total Other Finance Cost": NaN,
        "Interest Expense Non Operating": NaN,
        "Interest Income Non Operating": NaN,
        "Operating Income": NaN,
        "Operating Expense": NaN,
        "Other Operating Expenses": NaN,
        "Gross Profit": NaN,
        "Cost Of Revenue": NaN,
        "Total Revenue": NaN,
        "Operating Revenue": NaN
    },
    "2022-12-31": {
        "Tax Effect Of Unusual Items": NaN,
        "Tax Rate For Calcs": NaN,
        "Normalized EBITDA": NaN,
        "Total Unusual Items": NaN,
        "Total Unusual Items Excluding Goodwill": NaN,
        "Net Income From Continuing Operation Net Minority Interest": NaN,
        "Reconciled Depreciation": NaN,
        "Reconciled Cost Of Revenue": NaN,
        "EBITDA": NaN,
        "EBIT": NaN,
        "Net Interest Income": NaN,
        "Interest Expense": NaN,
        "Interest Income": NaN,
        "Normalized Income": NaN,
        "Net Income From Continuing And Discontinued Operation": NaN,
        "Total Expenses": NaN,
        "Total Operating Income As Reported": NaN,
        "Diluted Average Shares": 174200000.0,
        "Basic Average Shares": 174200000.0,
        "Diluted EPS": 0.21,
        "Basic EPS": 0.21,
        "Diluted NI Availto Com Stockholders": NaN,
        "Net Income Common Stockholders": NaN,
        "Net Income": NaN,
        "Net Income Including Noncontrolling Interests": NaN,
        "Net Income Continuous Operations": NaN,
        "Tax Provision": NaN,
        "Pretax Income": NaN,
        "Other Income Expense": NaN,
        "Special Income Charges": NaN,
        "Other Special Charges": NaN,
        "Write Off": NaN,
        "Restructuring And Mergern Acquisition": NaN,
        "Gain On Sale Of Security": NaN,
        "Net Non Operating Interest Income Expense": NaN,
        "Total Other Finance Cost": NaN,
        "Interest Expense Non Operating": NaN,
        "Interest Income Non Operating": NaN,
        "Operating Income": NaN,
        "Operating Expense": NaN,
        "Other Operating Expenses": NaN,
        "Gross Profit": NaN,
        "Cost Of Revenue": NaN,
        "Total Revenue": NaN,
        "Operating Revenue": NaN
    },
    "2022-09-30": {
        "Tax Effect Of Unusual Items": NaN,
        "Tax Rate For Calcs": NaN,
        "Normalized EBITDA": NaN,
        "Total Unusual Items": NaN,
        "Total Unusual Items Excluding Goodwill": NaN,
        "Net Income From Continuing Operation Net Minority Interest": NaN,
        "Reconciled Depreciation": NaN,
        "Reconciled Cost Of Revenue": NaN,
        "EBITDA": NaN,
        "EBIT": NaN,
        "Net Interest Income": NaN,
        "Interest Expense": NaN,
        "Interest Income": NaN,
        "Normalized Income": NaN,
        "Net Income From Continuing And Discontinued Operation": NaN,
        "Total Expenses": NaN,
        "Total Operating Income As Reported": NaN,
        "Diluted Average Shares": NaN,
        "Basic Average Shares": NaN,
        "Diluted EPS": NaN,
        "Basic EPS": NaN,
        "Diluted NI Availto Com Stockholders": NaN,
        "Net Income Common Stockholders": NaN,
        "Net Income": NaN,
        "Net Income Including Noncontrolling Interests": NaN,
        "Net Income Continuous Operations": NaN,
        "Tax Provision": NaN,
        "Pretax Income": NaN,
        "Other Income Expense": NaN,
        "Special Income Charges": NaN,
        "Other Special Charges": 14400000.0,
        "Write Off": 0.0,
        "Restructuring And Mergern Acquisition": 4500000.0,
        "Gain On Sale Of Security": 11900000.0,
        "Net Non Operating Interest Income Expense": NaN,
        "Total Other Finance Cost": NaN,
        "Interest Expense Non Operating": NaN,
        "Interest Income Non Operating": NaN,
        "Operating Income": NaN,
        "Operating Expense": NaN,
        "Other Operating Expenses": NaN,
        "Gross Profit": NaN,
        "Cost Of Revenue": NaN,
        "Total Revenue": NaN,
        "Operating Revenue": NaN
    },
    "2022-06-30": {
        "Tax Effect Of Unusual Items": 2846248.715313,
        "Tax Rate For Calcs": 0.233299,
        "Normalized EBITDA": 122200000.0,
        "Total Unusual Items": 12200000.0,
        "Total Unusual Items Excluding Goodwill": 12200000.0,
        "Net Income From Continuing Operation Net Minority Interest": 74600000.0,
        "Reconciled Depreciation": 22000000.0,
        "Reconciled Cost Of Revenue": 500200000.0,
        "EBITDA": 134400000.0,
        "EBIT": 112400000.0,
        "Net Interest Income": -15600000.0,
        "Interest Expense": 15100000.0,
        "Interest Income": NaN,
        "Normalized Income": 65246248.715313,
        "Net Income From Continuing And Discontinued Operation": 74600000.0,
        "Total Expenses": 596300000.0,
        "Total Operating Income As Reported": 113400000.0,
        "Diluted Average Shares": 174100000.0,
        "Basic Average Shares": 174100000.0,
        "Diluted EPS": 0.43,
        "Basic EPS": 0.43,
        "Diluted NI Availto Com Stockholders": 74600000.0,
        "Net Income Common Stockholders": 74600000.0,
        "Net Income": 74600000.0,
        "Net Income Including Noncontrolling Interests": 74600000.0,
        "Net Income Continuous Operations": 74600000.0,
        "Tax Provision": 22700000.0,
        "Pretax Income": 97300000.0,
        "Other Income Expense": 12200000.0,
        "Special Income Charges": 12700000.0,
        "Other Special Charges": -17100000.0,
        "Write Off": 0.0,
        "Restructuring And Mergern Acquisition": 4400000.0,
        "Gain On Sale Of Security": -500000.0,
        "Net Non Operating Interest Income Expense": -15600000.0,
        "Total Other Finance Cost": 500000.0,
        "Interest Expense Non Operating": 15100000.0,
        "Interest Income Non Operating": NaN,
        "Operating Income": 100700000.0,
        "Operating Expense": 96100000.0,
        "Other Operating Expenses": 96100000.0,
        "Gross Profit": 196800000.0,
        "Cost Of Revenue": 500200000.0,
        "Total Revenue": 697000000.0,
        "Operating Revenue": 697000000.0
    },
    "2022-03-31": {
        "Diluted EPS": 0.36,
        "Total Revenue": 822,
        "Gross Profit": 230,
        "Operating Income": 98,
        "EBIT": 122,
        "Net Income": 63
    },
    "2021-12-31": {
        "Diluted EPS": 0.18,
        "Total Revenue": 806,
        "Gross Profit": 205,
        "Operating Income": 64,
        "EBIT": 89,
        "Net Income": 32
    },
    "2021-09-30": {
        "Diluted EPS": 0.34,
        "Total Revenue": 707,
        "Gross Profit": 198,
        "Operating Income": 95,
        "EBIT": 114,
        "Net Income": 61
    },
    "2021-06-30": {
        "Diluted EPS": 0.35,
        "Total Revenue": 718,
        "Gross Profit": 221,
        "Operating Income": 121,
        "EBIT": 141,
        "Net Income": 62
    },
    "2021-03-31": {
        "Diluted EPS": 0.34,
        "Total Revenue": 853,
        "Gross Profit": 257,
        "Operating Income": 125,
        "EBIT": 146,
        "Net Income": 59
    },
    "2020-12-31": {
        "Diluted EPS": 0.36,
        "Total Revenue": 787,
        "Gross Profit": 247,
        "Operating Income": 119,
        "EBIT": 136,
        "Net Income": 70
    },
    "2020-09-30": {
        "Diluted EPS": 0.34,
        "Total Revenue": 674,
        "Gross Profit": 205,
        "Operating Income": 102,
        "EBIT": 124,
        "Net Income": 66
    },
    "2020-06-30": {
        "Diluted EPS": 0.35,
        "Total Revenue": 660,
        "Gross Profit": 200,
        "Operating Income": 105,
        "EBIT": 124,
        "Net Income": 69
    },
    "2020-03-31": {
        "Diluted EPS": 0.25,
        "Total Revenue": 753,
        "Gross Profit": 219,
        "Operating Income": 85,
        "EBIT": 104,
        "Net Income": 52
    },
    "2019-12-31": {
        "Diluted EPS": 0.23,
        "Total Revenue": 696,
        "Gross Profit": 208,
        "Operating Income": 96,
        "EBIT": 117,
        "Net Income": 51
    },
    "2019-09-30": {
        "Diluted EPS": 0.22,
        "Total Revenue": 601,
        "Gross Profit": 177,
        "Operating Income": 76,
        "EBIT": 94,
        "Net Income": 44
    },
    "2019-06-30": {
        "Diluted EPS": 0.27,
        "Total Revenue": 604,
        "Gross Profit": 180,
        "Operating Income": 83,
        "EBIT": 102,
        "Net Income": 52
    },
    "2019-03-31": {
        "Diluted EPS": 0.15,
        "Total Revenue": 702,
        "Gross Profit": 217,
        "Operating Income": 62,
        "EBIT": 81,
        "Net Income": 25
    },
    "2018-12-31": {
        "Diluted EPS": 0.24,
        "Total Revenue": 704,
        "Gross Profit": 210,
        "Operating Income": 88,
        "EBIT": 104,
        "Net Income": 46
    },
    "2018-09-30": {
        "Diluted EPS": 0.24,
        "Total Revenue": 617,
        "Gross Profit": 171,
        "Operating Income": 68,
        "EBIT": 82,
        "Net Income": 43
    },
    "2018-06-30": {
        "Diluted EPS": 0.22,
        "Total Revenue": 582,
        "Gross Profit": 181,
        "Operating Income": 71,
        "EBIT": 84,
        "Net Income": 37
    },
    "2018-03-31": {
        "Diluted EPS": 0.44,
        "Total Revenue": 663,
        "Gross Profit": 211,
        "Operating Income": 107,
        "EBIT": 119,
        "Net Income": 77
    },
    "2017-12-31": {
        "Diluted EPS": 0.16,
        "Total Revenue": 602,
        "Gross Profit": 189,
        "Operating Income": 58,
        "EBIT": 68,
        "Net Income": 33
    },
    "2017-09-30": {
        "Diluted EPS": 0.28,
        "Total Revenue": 539,
        "Gross Profit": 163,
        "Operating Income": 73,
        "EBIT": 87,
        "Net Income": 49
    },
    "2017-06-30": {
        "Diluted EPS": 0.12,
        "Total Revenue": 504,
        "Gross Profit": 159,
        "Operating Income": 63,
        "EBIT": 74,
        "Net Income": 21
    },
    "2017-03-31": {
        "Diluted EPS": 0.28,
        "Total Revenue": 566,
        "Gross Profit": 166,
        "Operating Income": 80,
        "EBIT": 93,
        "Net Income": 51
    },
    "2016-12-31": {
        "Diluted EPS": -0.01,
        "Total Revenue": 524,
        "Gross Profit": 147,
        "Operating Income": 29,
        "EBIT": 43,
        "Net Income": -2
    },
    "2016-09-30": {
        "Diluted EPS": 0.02,
        "Total Revenue": 490,
        "Gross Profit": 143,
        "Operating Income": 42,
        "EBIT": 56,
        "Net Income": 4
    },
    "2016-06-30": {
        "Diluted EPS": -0.05,
        "Total Revenue": 515,
        "Gross Profit": 158,
        "Operating Income": 11,
        "EBIT": 26,
        "Net Income": -8
    },
    "2016-03-31": {
        "Diluted EPS": 0.25,
        "Total Revenue": 604,
        "Gross Profit": 185,
        "Operating Income": 71,
        "EBIT": 84,
        "Net Income": 47
    },
    "2023-06-30": {
        "Tax Effect Of Unusual Items": NaN,
        "Tax Rate For Calcs": NaN,
        "Normalized EBITDA": NaN,
        "Total Unusual Items": NaN,
        "Total Unusual Items Excluding Goodwill": NaN,
        "Net Income From Continuing Operation Net Minority Interest": NaN,
        "Reconciled Depreciation": NaN,
        "Reconciled Cost Of Revenue": NaN,
        "EBITDA": NaN,
        "EBIT": NaN,
        "Net Interest Income": NaN,
        "Interest Expense": NaN,
        "Interest Income": NaN,
        "Normalized Income": NaN,
        "Net Income From Continuing And Discontinued Operation": NaN,
        "Total Expenses": NaN,
        "Total Operating Income As Reported": NaN,
        "Diluted Average Shares": 173700000.0,
        "Basic Average Shares": 173700000.0,
        "Diluted EPS": 0.28,
        "Basic EPS": 0.28,
        "Diluted NI Availto Com Stockholders": NaN,
        "Net Income Common Stockholders": NaN,
        "Net Income": NaN,
        "Net Income Including Noncontrolling Interests": NaN,
        "Net Income Continuous Operations": NaN,
        "Tax Provision": NaN,
        "Pretax Income": NaN,
        "Other Income Expense": NaN,
        "Special Income Charges": NaN,
        "Other Special Charges": NaN,
        "Write Off": NaN,
        "Restructuring And Mergern Acquisition": NaN,
        "Gain On Sale Of Security": NaN,
        "Net Non Operating Interest Income Expense": NaN,
        "Total Other Finance Cost": NaN,
        "Interest Expense Non Operating": NaN,
        "Interest Income Non Operating": NaN,
        "Operating Income": NaN,
        "Operating Expense": NaN,
        "Other Operating Expenses": NaN,
        "Gross Profit": NaN,
        "Cost Of Revenue": NaN,
        "Total Revenue": NaN,
        "Operating Revenue": NaN
    },
    "2023-09-30": {
        "Tax Effect Of Unusual Items": -2632780.082988,
        "Tax Rate For Calcs": 0.195021,
        "Normalized EBITDA": 159500000.0,
        "Total Unusual Items": -13500000.0,
        "Total Unusual Items Excluding Goodwill": -13500000.0,
        "Net Income From Continuing Operation Net Minority Interest": 77600000.0,
        "Reconciled Depreciation": 23200000.0,
        "Reconciled Cost Of Revenue": 546800000.0,
        "EBITDA": 146000000.0,
        "EBIT": 122800000.0,
        "Net Interest Income": -2000000.0,
        "Interest Expense": 26400000.0,
        "Interest Income": 24400000.0,
        "Normalized Income": 88467219.917012,
        "Net Income From Continuing And Discontinued Operation": 77600000.0,
        "Total Expenses": 651600000.0,
        "Total Operating Income As Reported": 98400000.0,
        "Diluted Average Shares": 170300000.0,
        "Basic Average Shares": 170300000.0,
        "Diluted EPS": 0.46,
        "Basic EPS": 0.46,
        "Diluted NI Availto Com Stockholders": 77600000.0,
        "Net Income Common Stockholders": 77600000.0,
        "Net Income": 77600000.0,
        "Net Income Including Noncontrolling Interests": 77600000.0,
        "Net Income Continuous Operations": 77600000.0,
        "Tax Provision": 18800000.0,
        "Pretax Income": 96400000.0,
        "Other Income Expense": -13500000.0,
        "Special Income Charges": -13500000.0,
        "Other Special Charges": 13500000.0,
        "Write Off": 0.0,
        "Restructuring And Mergern Acquisition": 200000.0,
        "Gain On Sale Of Security": 5500000.0,
        "Net Non Operating Interest Income Expense": -2000000.0,
        "Total Other Finance Cost": -17100000.0,
        "Interest Expense Non Operating": 26400000.0,
        "Interest Income Non Operating": 24400000.0,
        "Operating Income": 111900000.0,
        "Operating Expense": 104800000.0,
        "Other Operating Expenses": 104800000.0,
        "Gross Profit": 216700000.0,
        "Cost Of Revenue": 546800000.0,
        "Total Revenue": 763500000.0,
        "Operating Revenue": 763500000.0
    },
    "2023-12-31": {
        "Tax Effect Of Unusual Items": 6821000.0,
        "Tax Rate For Calcs": 0.19,
        "Normalized EBITDA": 89500000.0,
        "Total Unusual Items": 35900000.0,
        "Total Unusual Items Excluding Goodwill": 35900000.0,
        "Net Income From Continuing Operation Net Minority Interest": 24700000.0,
        "Reconciled Depreciation": 26200000.0,
        "Reconciled Cost Of Revenue": 553100000.0,
        "EBITDA": 125400000.0,
        "EBIT": 99200000.0,
        "Net Interest Income": -74800000.0,
        "Interest Expense": 53000000.0,
        "Interest Income": 1700000.0,
        "Normalized Income": -4379000.0,
        "Net Income From Continuing And Discontinued Operation": 24700000.0,
        "Total Expenses": 675700000.0,
        "Total Operating Income As Reported": 66700000.0,
        "Diluted Average Shares": NaN,
        "Basic Average Shares": NaN,
        "Diluted EPS": NaN,
        "Basic EPS": NaN,
        "Diluted NI Availto Com Stockholders": 24700000.0,
        "Net Income Common Stockholders": 24700000.0,
        "Net Income": 24700000.0,
        "Net Income Including Noncontrolling Interests": 24700000.0,
        "Net Income Continuous Operations": 24700000.0,
        "Tax Provision": 21500000.0,
        "Pretax Income": 46200000.0,
        "Other Income Expense": 35900000.0,
        "Special Income Charges": -1700000.0,
        "Other Special Charges": -1100000.0,
        "Write Off": 0.0,
        "Restructuring And Mergern Acquisition": 2800000.0,
        "Gain On Sale Of Security": 37600000.0,
        "Net Non Operating Interest Income Expense": -74800000.0,
        "Total Other Finance Cost": 23500000.0,
        "Interest Expense Non Operating": 53000000.0,
        "Interest Income Non Operating": 1700000.0,
        "Operating Income": 85100000.0,
        "Operating Expense": 122600000.0,
        "Other Operating Expenses": 122600000.0,
        "Gross Profit": 207700000.0,
        "Cost Of Revenue": 553100000.0,
        "Total Revenue": 760800000.0,
        "Operating Revenue": 760800000.0
    },
    "2024-03-31": {
        "Tax Effect Of Unusual Items": -4150357.995227,
        "Tax Rate For Calcs": 0.176611,
        "Normalized EBITDA": 124500000.0,
        "Total Unusual Items": -23500000.0,
        "Total Unusual Items Excluding Goodwill": -23500000.0,
        "Net Income From Continuing Operation Net Minority Interest": 34500000.0,
        "Reconciled Depreciation": 23100000.0,
        "Reconciled Cost Of Revenue": 572800000.0,
        "EBITDA": 101000000.0,
        "EBIT": 77900000.0,
        "Net Interest Income": -30100000.0,
        "Interest Expense": 36000000.0,
        "Interest Income": 5900000.0,
        "Normalized Income": 53849642.004773,
        "Net Income From Continuing And Discontinued Operation": 34500000.0,
        "Total Expenses": 688200000.0,
        "Total Operating Income As Reported": 72000000.0,
        "Diluted Average Shares": 163300000.0,
        "Basic Average Shares": 163200000.0,
        "Diluted EPS": 0.21,
        "Basic EPS": 0.21,
        "Diluted NI Availto Com Stockholders": 34500000.0,
        "Net Income Common Stockholders": 34500000.0,
        "Net Income": 34500000.0,
        "Net Income Including Noncontrolling Interests": 34500000.0,
        "Net Income Continuous Operations": 34500000.0,
        "Tax Provision": 7400000.0,
        "Pretax Income": 41900000.0,
        "Other Income Expense": -23500000.0,
        "Special Income Charges": -23500000.0,
        "Other Special Charges": NaN,
        "Write Off": NaN,
        "Restructuring And Mergern Acquisition": NaN,
        "Gain On Sale Of Security": NaN,
        "Net Non Operating Interest Income Expense": -30100000.0,
        "Total Other Finance Cost": NaN,
        "Interest Expense Non Operating": 36000000.0,
        "Interest Income Non Operating": 5900000.0,
        "Operating Income": 95500000.0,
        "Operating Expense": 115400000.0,
        "Other Operating Expenses": 115400000.0,
        "Gross Profit": 210900000.0,
        "Cost Of Revenue": 572800000.0,
        "Total Revenue": 783700000.0,
        "Operating Revenue": 783700000.0
    },
    "2024-06-30": {
        "Tax Effect Of Unusual Items": -2375370.581528,
        "Tax Rate For Calcs": 0.191562,
        "Normalized EBITDA": 154700000.0,
        "Total Unusual Items": -12400000.0,
        "Total Unusual Items Excluding Goodwill": -12400000.0,
        "Net Income From Continuing Operation Net Minority Interest": 70900000.0,
        "Reconciled Depreciation": 23200000.0,
        "Reconciled Cost Of Revenue": 520300000.0,
        "EBITDA": 142300000.0,
        "EBIT": 119100000.0,
        "Net Interest Income": -13400000.0,
        "Interest Expense": 31400000.0,
        "Interest Income": 18000000.0,
        "Normalized Income": 80924629.418472,
        "Net Income From Continuing And Discontinued Operation": 70900000.0,
        "Total Expenses": 639600000.0,
        "Total Operating Income As Reported": 101100000.0,
        "Diluted Average Shares": 163100000.0,
        "Basic Average Shares": 163000000.0,
        "Diluted EPS": 0.43,
        "Basic EPS": 0.43,
        "Diluted NI Availto Com Stockholders": 70900000.0,
        "Net Income Common Stockholders": 70900000.0,
        "Net Income": 70900000.0,
        "Net Income Including Noncontrolling Interests": 70900000.0,
        "Net Income Continuous Operations": 70900000.0,
        "Tax Provision": 16800000.0,
        "Pretax Income": 87700000.0,
        "Other Income Expense": -12400000.0,
        "Special Income Charges": -12400000.0,
        "Other Special Charges": NaN,
        "Write Off": NaN,
        "Restructuring And Mergern Acquisition": NaN,
        "Gain On Sale Of Security": NaN,
        "Net Non Operating Interest Income Expense": -13400000.0,
        "Total Other Finance Cost": NaN,
        "Interest Expense Non Operating": 31400000.0,
        "Interest Income Non Operating": 18000000.0,
        "Operating Income": 113500000.0,
        "Operating Expense": 119300000.0,
        "Other Operating Expenses": 119300000.0,
        "Gross Profit": 232800000.0,
        "Cost Of Revenue": 520300000.0,
        "Total Revenue": 753100000.0,
        "Operating Revenue": 753100000.0
    },
    "2024-09-30": {
        "Tax Effect Of Unusual Items": -2744942.528736,
        "Tax Rate For Calcs": 0.191954,
        "Normalized EBITDA": 163600000.0,
        "Total Unusual Items": -14300000.0,
        "Total Unusual Items Excluding Goodwill": -14300000.0,
        "Net Income From Continuing Operation Net Minority Interest": 70300000.0,
        "Reconciled Depreciation": 25100000.0,
        "Reconciled Cost Of Revenue": 521400000.0,
        "EBITDA": 149300000.0,
        "EBIT": 124200000.0,
        "Net Interest Income": -35400000.0,
        "Interest Expense": 37200000.0,
        "Interest Income": 1800000.0,
        "Normalized Income": 81855057.471264,
        "Net Income From Continuing And Discontinued Operation": 70300000.0,
        "Total Expenses": 632900000.0,
        "Total Operating Income As Reported": 122400000.0,
        "Diluted Average Shares": 161400000.0,
        "Basic Average Shares": 161400000.0,
        "Diluted EPS": 0.44,
        "Basic EPS": 0.44,
        "Diluted NI Availto Com Stockholders": 70300000.0,
        "Net Income Common Stockholders": 70300000.0,
        "Net Income": 70300000.0,
        "Net Income Including Noncontrolling Interests": 70300000.0,
        "Net Income Continuous Operations": 70300000.0,
        "Tax Provision": 16700000.0,
        "Pretax Income": 87000000.0,
        "Other Income Expense": -14300000.0,
        "Special Income Charges": -14300000.0,
        "Other Special Charges": 14300000.0,
        "Write Off": NaN,
        "Restructuring And Mergern Acquisition": NaN,
        "Gain On Sale Of Security": NaN,
        "Net Non Operating Interest Income Expense": -35400000.0,
        "Total Other Finance Cost": NaN,
        "Interest Expense Non Operating": 37200000.0,
        "Interest Income Non Operating": 1800000.0,
        "Operating Income": 136700000.0,
        "Operating Expense": 111500000.0,
        "Other Operating Expenses": 111500000.0,
        "Gross Profit": 248200000.0,
        "Cost Of Revenue": 521400000.0,
        "Total Revenue": 769600000.0,
        "Operating Revenue": 769600000.0
    }
}