{
    "2023-03-31": {
        "Tax Effect Of Unusual Items": NaN,
        "Tax Rate For Calcs": NaN,
        "Normalized EBITDA": NaN,
        "Net Income From Continuing Operation Net Minority Interest": NaN,
        "Reconciled Depreciation": NaN,
        "Reconciled Cost Of Revenue": NaN,
        "EBITDA": NaN,
        "EBIT": NaN,
        "Net Interest Income": NaN,
        "Interest Expense": NaN,
        "Interest Income": NaN,
        "Normalized Income": NaN,
        "Net Income From Continuing And Discontinued Operation": NaN,
        "Total Expenses": NaN,
        "Total Operating Income As Reported": NaN,
        "Diluted Average Shares": 25097262.0,
        "Basic Average Shares": 25097262.0,
        "Diluted EPS": -0.41,
        "Basic EPS": -0.41,
        "Diluted NI Availto Com Stockholders": NaN,
        "Net Income Common Stockholders": NaN,
        "Net Income": NaN,
        "Net Income Including Noncontrolling Interests": NaN,
        "Net Income Continuous Operations": NaN,
        "Pretax Income": NaN,
        "Other Income Expense": NaN,
        "Other Non Operating Income Expenses": NaN,
        "Net Non Operating Interest Income Expense": NaN,
        "Interest Expense Non Operating": NaN,
        "Interest Income Non Operating": NaN,
        "Operating Income": NaN,
        "Operating Expense": NaN,
        "Research And Development": NaN,
        "Selling General And Administration": NaN,
        "Gross Profit": NaN,
        "Cost Of Revenue": NaN,
        "Total Revenue": NaN,
        "Operating Revenue": NaN
    },
    "2022-12-31": {
        "Tax Effect Of Unusual Items": NaN,
        "Tax Rate For Calcs": NaN,
        "Normalized EBITDA": NaN,
        "Net Income From Continuing Operation Net Minority Interest": NaN,
        "Reconciled Depreciation": NaN,
        "Reconciled Cost Of Revenue": NaN,
        "EBITDA": NaN,
        "EBIT": NaN,
        "Net Interest Income": NaN,
        "Interest Expense": NaN,
        "Interest Income": NaN,
        "Normalized Income": NaN,
        "Net Income From Continuing And Discontinued Operation": NaN,
        "Total Expenses": NaN,
        "Total Operating Income As Reported": NaN,
        "Diluted Average Shares": 24833355.0,
        "Basic Average Shares": 24833355.0,
        "Diluted EPS": -0.45,
        "Basic EPS": -0.45,
        "Diluted NI Availto Com Stockholders": NaN,
        "Net Income Common Stockholders": NaN,
        "Net Income": NaN,
        "Net Income Including Noncontrolling Interests": NaN,
        "Net Income Continuous Operations": NaN,
        "Pretax Income": NaN,
        "Other Income Expense": NaN,
        "Other Non Operating Income Expenses": NaN,
        "Net Non Operating Interest Income Expense": NaN,
        "Interest Expense Non Operating": NaN,
        "Interest Income Non Operating": NaN,
        "Operating Income": NaN,
        "Operating Expense": NaN,
        "Research And Development": NaN,
        "Selling General And Administration": NaN,
        "Gross Profit": NaN,
        "Cost Of Revenue": NaN,
        "Total Revenue": NaN,
        "Operating Revenue": NaN
    },
    "2022-09-30": {
        "Tax Effect Of Unusual Items": 0.0,
        "Tax Rate For Calcs": 0.0,
        "Normalized EBITDA": -9140000.0,
        "Net Income From Continuing Operation Net Minority Interest": -11785000.0,
        "Reconciled Depreciation": 739000.0,
        "Reconciled Cost Of Revenue": 3192000.0,
        "EBITDA": -9140000.0,
        "EBIT": -9879000.0,
        "Net Interest Income": -1483000.0,
        "Interest Expense": 1906000.0,
        "Interest Income": 423000.0,
        "Normalized Income": -11785000.0,
        "Net Income From Continuing And Discontinued Operation": -11785000.0,
        "Total Expenses": 21356000.0,
        "Total Operating Income As Reported": -10199000.0,
        "Diluted Average Shares": 24728701.0,
        "Basic Average Shares": 24728701.0,
        "Diluted EPS": -0.48,
        "Basic EPS": -0.48,
        "Diluted NI Availto Com Stockholders": -11785000.0,
        "Net Income Common Stockholders": -11785000.0,
        "Net Income": -11785000.0,
        "Net Income Including Noncontrolling Interests": -11785000.0,
        "Net Income Continuous Operations": -11785000.0,
        "Pretax Income": -11785000.0,
        "Other Income Expense": -103000.0,
        "Other Non Operating Income Expenses": -103000.0,
        "Net Non Operating Interest Income Expense": -1483000.0,
        "Interest Expense Non Operating": 1906000.0,
        "Interest Income Non Operating": 423000.0,
        "Operating Income": -10199000.0,
        "Operating Expense": 18164000.0,
        "Research And Development": 5611000.0,
        "Selling General And Administration": 12553000.0,
        "Gross Profit": 7965000.0,
        "Cost Of Revenue": 3192000.0,
        "Total Revenue": 11157000.0,
        "Operating Revenue": 11157000.0
    },
    "2022-06-30": {
        "Tax Effect Of Unusual Items": 0.0,
        "Tax Rate For Calcs": 0.0,
        "Normalized EBITDA": -10094000.0,
        "Net Income From Continuing Operation Net Minority Interest": -12690000.0,
        "Reconciled Depreciation": 744000.0,
        "Reconciled Cost Of Revenue": 2734000.0,
        "EBITDA": -10094000.0,
        "EBIT": -10838000.0,
        "Net Interest Income": -1631000.0,
        "Interest Expense": 1852000.0,
        "Interest Income": 221000.0,
        "Normalized Income": -12690000.0,
        "Net Income From Continuing And Discontinued Operation": -12690000.0,
        "Total Expenses": 21174000.0,
        "Total Operating Income As Reported": -10974000.0,
        "Diluted Average Shares": 24503552.0,
        "Basic Average Shares": 24503552.0,
        "Diluted EPS": -0.52,
        "Basic EPS": -0.52,
        "Diluted NI Availto Com Stockholders": -12690000.0,
        "Net Income Common Stockholders": -12690000.0,
        "Net Income": -12690000.0,
        "Net Income Including Noncontrolling Interests": -12690000.0,
        "Net Income Continuous Operations": -12690000.0,
        "Pretax Income": -12690000.0,
        "Other Income Expense": -85000.0,
        "Other Non Operating Income Expenses": -85000.0,
        "Net Non Operating Interest Income Expense": -1631000.0,
        "Interest Expense Non Operating": 1852000.0,
        "Interest Income Non Operating": 221000.0,
        "Operating Income": -10974000.0,
        "Operating Expense": 18440000.0,
        "Research And Development": 5669000.0,
        "Selling General And Administration": 12771000.0,
        "Gross Profit": 7466000.0,
        "Cost Of Revenue": 2734000.0,
        "Total Revenue": 10200000.0,
        "Operating Revenue": 10200000.0
    },
    "2022-03-31": {
        "Diluted EPS": -0.47,
        "Total Revenue": 11,
        "Gross Profit": 8,
        "Operating Income": -10,
        "EBIT": -10,
        "Net Income": -11
    },
    "2021-12-31": {
        "Diluted EPS": 31.38,
        "Total Revenue": 11,
        "Gross Profit": 8,
        "Operating Income": -9,
        "EBIT": -9,
        "Net Income": -11
    },
    "2021-09-30": {
        "Diluted EPS": -0.34,
        "Total Revenue": 10,
        "Gross Profit": 8,
        "Operating Income": -6,
        "EBIT": -6,
        "Net Income": -8
    },
    "2021-06-30": {
        "Diluted EPS": -0.48,
        "Total Revenue": 13,
        "Gross Profit": 9,
        "Operating Income": -5,
        "EBIT": -4,
        "Net Income": -8
    },
    "2021-03-31": {
        "Diluted EPS": -32.73,
        "Total Revenue": 11,
        "Gross Profit": 8,
        "Operating Income": -4,
        "EBIT": -4,
        "Net Income": -9
    },
    "2020-12-31": {
        "Diluted EPS": -21.83,
        "Total Revenue": 11,
        "Gross Profit": 8,
        "Operating Income": -3,
        "EBIT": -5,
        "Net Income": -5
    },
    "2020-09-30": {
        "Diluted EPS": -19.26,
        "Total Revenue": 13,
        "Gross Profit": 10,
        "Operating Income": -1,
        "EBIT": 2,
        "Net Income": -4
    },
    "2020-06-30": {
        "Diluted EPS": -43.44,
        "Total Revenue": 8,
        "Gross Profit": 5,
        "Operating Income": -3,
        "EBIT": -1,
        "Net Income": -9
    },
    "2020-03-31": {
        "Diluted EPS": -33.32,
        "Total Revenue": 10,
        "Gross Profit": 7,
        "Operating Income": -5,
        "EBIT": -5,
        "Net Income": -7
    },
    "2019-12-31": {
        "Diluted EPS": 0.0,
        "Total Revenue": NaN,
        "Gross Profit": NaN,
        "Operating Income": NaN,
        "EBIT": NaN,
        "Net Income": NaN
    },
    "2023-06-30": {
        "Tax Effect Of Unusual Items": NaN,
        "Tax Rate For Calcs": NaN,
        "Normalized EBITDA": NaN,
        "Net Income From Continuing Operation Net Minority Interest": NaN,
        "Reconciled Depreciation": NaN,
        "Reconciled Cost Of Revenue": NaN,
        "EBITDA": NaN,
        "EBIT": NaN,
        "Net Interest Income": NaN,
        "Interest Expense": NaN,
        "Interest Income": NaN,
        "Normalized Income": NaN,
        "Net Income From Continuing And Discontinued Operation": NaN,
        "Total Expenses": NaN,
        "Total Operating Income As Reported": NaN,
        "Diluted Average Shares": 25472526.0,
        "Basic Average Shares": 25472526.0,
        "Diluted EPS": -0.36,
        "Basic EPS": -0.36,
        "Diluted NI Availto Com Stockholders": NaN,
        "Net Income Common Stockholders": NaN,
        "Net Income": NaN,
        "Net Income Including Noncontrolling Interests": NaN,
        "Net Income Continuous Operations": NaN,
        "Pretax Income": NaN,
        "Other Income Expense": NaN,
        "Other Non Operating Income Expenses": NaN,
        "Net Non Operating Interest Income Expense": NaN,
        "Interest Expense Non Operating": NaN,
        "Interest Income Non Operating": NaN,
        "Operating Income": NaN,
        "Operating Expense": NaN,
        "Research And Development": NaN,
        "Selling General And Administration": NaN,
        "Gross Profit": NaN,
        "Cost Of Revenue": NaN,
        "Total Revenue": NaN,
        "Operating Revenue": NaN
    },
    "2023-09-30": {
        "Tax Effect Of Unusual Items": 0.0,
        "Tax Rate For Calcs": 0.0,
        "Normalized EBITDA": -4668000.0,
        "Net Income From Continuing Operation Net Minority Interest": -7257000.0,
        "Reconciled Depreciation": 398000.0,
        "Reconciled Cost Of Revenue": 4194000.0,
        "EBITDA": -4668000.0,
        "EBIT": -5066000.0,
        "Net Interest Income": -1422000.0,
        "Interest Expense": 2191000.0,
        "Interest Income": 769000.0,
        "Normalized Income": -7257000.0,
        "Net Income From Continuing And Discontinued Operation": -7257000.0,
        "Total Expenses": 22377000.0,
        "Total Operating Income As Reported": -5950000.0,
        "Diluted Average Shares": 26017329.0,
        "Basic Average Shares": 26017329.0,
        "Diluted EPS": -0.28,
        "Basic EPS": -0.28,
        "Diluted NI Availto Com Stockholders": -7257000.0,
        "Net Income Common Stockholders": -7257000.0,
        "Net Income": -7257000.0,
        "Net Income Including Noncontrolling Interests": -7257000.0,
        "Net Income Continuous Operations": -7257000.0,
        "Pretax Income": -7257000.0,
        "Other Income Expense": 115000.0,
        "Other Non Operating Income Expenses": 115000.0,
        "Net Non Operating Interest Income Expense": -1422000.0,
        "Interest Expense Non Operating": 2191000.0,
        "Interest Income Non Operating": 769000.0,
        "Operating Income": -5950000.0,
        "Operating Expense": 18183000.0,
        "Research And Development": 4795000.0,
        "Selling General And Administration": 13388000.0,
        "Gross Profit": 12233000.0,
        "Cost Of Revenue": 4194000.0,
        "Total Revenue": 16427000.0,
        "Operating Revenue": 16427000.0
    },
    "2023-12-31": {
        "Tax Effect Of Unusual Items": 0.0,
        "Tax Rate For Calcs": 0.0,
        "Normalized EBITDA": -3555000.0,
        "Net Income From Continuing Operation Net Minority Interest": -6200000.0,
        "Reconciled Depreciation": 409000.0,
        "Reconciled Cost Of Revenue": 4467000.0,
        "EBITDA": -3555000.0,
        "EBIT": -3964000.0,
        "Net Interest Income": -1414000.0,
        "Interest Expense": 2236000.0,
        "Interest Income": 822000.0,
        "Normalized Income": -6200000.0,
        "Net Income From Continuing And Discontinued Operation": -6200000.0,
        "Total Expenses": 23063000.0,
        "Total Operating Income As Reported": -5051000.0,
        "Diluted Average Shares": NaN,
        "Basic Average Shares": NaN,
        "Diluted EPS": NaN,
        "Basic EPS": NaN,
        "Diluted NI Availto Com Stockholders": -6200000.0,
        "Net Income Common Stockholders": -6200000.0,
        "Net Income": -6200000.0,
        "Net Income Including Noncontrolling Interests": -6200000.0,
        "Net Income Continuous Operations": -6200000.0,
        "Pretax Income": -6200000.0,
        "Other Income Expense": 265000.0,
        "Other Non Operating Income Expenses": 265000.0,
        "Net Non Operating Interest Income Expense": -1414000.0,
        "Interest Expense Non Operating": 2236000.0,
        "Interest Income Non Operating": 822000.0,
        "Operating Income": -5051000.0,
        "Operating Expense": 18596000.0,
        "Research And Development": 5377000.0,
        "Selling General And Administration": 13219000.0,
        "Gross Profit": 13545000.0,
        "Cost Of Revenue": 4467000.0,
        "Total Revenue": 18012000.0,
        "Operating Revenue": 18012000.0
    },
    "2024-03-31": {
        "Tax Effect Of Unusual Items": 0.0,
        "Tax Rate For Calcs": 0.0,
        "Normalized EBITDA": -6244000.0,
        "Net Income From Continuing Operation Net Minority Interest": -8925000.0,
        "Reconciled Depreciation": 423000.0,
        "Reconciled Cost Of Revenue": 4781000.0,
        "EBITDA": -6244000.0,
        "EBIT": -6667000.0,
        "Net Interest Income": -1431000.0,
        "Interest Expense": 2258000.0,
        "Interest Income": 827000.0,
        "Normalized Income": -8925000.0,
        "Net Income From Continuing And Discontinued Operation": -8925000.0,
        "Total Expenses": 25669000.0,
        "Total Operating Income As Reported": -7545000.0,
        "Diluted Average Shares": 28285176.0,
        "Basic Average Shares": 28285176.0,
        "Diluted EPS": -0.32,
        "Basic EPS": -0.32,
        "Diluted NI Availto Com Stockholders": -8925000.0,
        "Net Income Common Stockholders": -8925000.0,
        "Net Income": -8925000.0,
        "Net Income Including Noncontrolling Interests": -8925000.0,
        "Net Income Continuous Operations": -8925000.0,
        "Pretax Income": -8925000.0,
        "Other Income Expense": 51000.0,
        "Other Non Operating Income Expenses": 51000.0,
        "Net Non Operating Interest Income Expense": -1431000.0,
        "Interest Expense Non Operating": 2258000.0,
        "Interest Income Non Operating": 827000.0,
        "Operating Income": -7545000.0,
        "Operating Expense": 20888000.0,
        "Research And Development": 5784000.0,
        "Selling General And Administration": 15104000.0,
        "Gross Profit": 13343000.0,
        "Cost Of Revenue": 4781000.0,
        "Total Revenue": 18124000.0,
        "Operating Revenue": 18124000.0
    },
    "2024-06-30": {
        "Tax Effect Of Unusual Items": 0.0,
        "Tax Rate For Calcs": 0.0,
        "Normalized EBITDA": -4904000.0,
        "Net Income From Continuing Operation Net Minority Interest": -7514000.0,
        "Reconciled Depreciation": 444000.0,
        "Reconciled Cost Of Revenue": 5122000.0,
        "EBITDA": -4904000.0,
        "EBIT": -5348000.0,
        "Net Interest Income": -1404000.0,
        "Interest Expense": 2166000.0,
        "Interest Income": 762000.0,
        "Normalized Income": -7514000.0,
        "Net Income From Continuing And Discontinued Operation": -7514000.0,
        "Total Expenses": 25486000.0,
        "Total Operating Income As Reported": -6230000.0,
        "Diluted Average Shares": 28853216.0,
        "Basic Average Shares": 28853216.0,
        "Diluted EPS": -0.26,
        "Basic EPS": -0.26,
        "Diluted NI Availto Com Stockholders": -7514000.0,
        "Net Income Common Stockholders": -7514000.0,
        "Net Income": -7514000.0,
        "Net Income Including Noncontrolling Interests": -7514000.0,
        "Net Income Continuous Operations": -7514000.0,
        "Pretax Income": -7514000.0,
        "Other Income Expense": 120000.0,
        "Other Non Operating Income Expenses": 120000.0,
        "Net Non Operating Interest Income Expense": -1404000.0,
        "Interest Expense Non Operating": 2166000.0,
        "Interest Income Non Operating": 762000.0,
        "Operating Income": -6230000.0,
        "Operating Expense": 20364000.0,
        "Research And Development": 6065000.0,
        "Selling General And Administration": 14299000.0,
        "Gross Profit": 14134000.0,
        "Cost Of Revenue": 5122000.0,
        "Total Revenue": 19256000.0,
        "Operating Revenue": 19256000.0
    },
    "2024-09-30": {
        "Tax Effect Of Unusual Items": 0.0,
        "Tax Rate For Calcs": 0.0,
        "Normalized EBITDA": -2819000.0,
        "Net Income From Continuing Operation Net Minority Interest": -5452000.0,
        "Reconciled Depreciation": 451000.0,
        "Reconciled Cost Of Revenue": 5640000.0,
        "EBITDA": -2819000.0,
        "EBIT": -3270000.0,
        "Net Interest Income": -1428000.0,
        "Interest Expense": 2182000.0,
        "Interest Income": 754000.0,
        "Normalized Income": -5452000.0,
        "Net Income From Continuing And Discontinued Operation": -5452000.0,
        "Total Expenses": 25303000.0,
        "Total Operating Income As Reported": -4243000.0,
        "Diluted Average Shares": 29444625.0,
        "Basic Average Shares": 29444625.0,
        "Diluted EPS": -0.19,
        "Basic EPS": -0.19,
        "Diluted NI Availto Com Stockholders": -5452000.0,
        "Net Income Common Stockholders": -5452000.0,
        "Net Income": -5452000.0,
        "Net Income Including Noncontrolling Interests": -5452000.0,
        "Net Income Continuous Operations": -5452000.0,
        "Pretax Income": -5452000.0,
        "Other Income Expense": 219000.0,
        "Other Non Operating Income Expenses": 219000.0,
        "Net Non Operating Interest Income Expense": -1428000.0,
        "Interest Expense Non Operating": 2182000.0,
        "Interest Income Non Operating": 754000.0,
        "Operating Income": -4243000.0,
        "Operating Expense": 19663000.0,
        "Research And Development": 5754000.0,
        "Selling General And Administration": 13909000.0,
        "Gross Profit": 15420000.0,
        "Cost Of Revenue": 5640000.0,
        "Total Revenue": 21060000.0,
        "Operating Revenue": 21060000.0
    }
}