{
    "2023-03-31": {
        "Tax Effect Of Unusual Items": 0.0,
        "Tax Rate For Calcs": 0.237,
        "Normalized EBITDA": 69400000.0,
        "Total Unusual Items": NaN,
        "Total Unusual Items Excluding Goodwill": NaN,
        "Net Income From Continuing Operation Net Minority Interest": 26000000.0,
        "Reconciled Depreciation": 23600000.0,
        "Reconciled Cost Of Revenue": 166500000.0,
        "EBITDA": 69400000.0,
        "EBIT": 45800000.0,
        "Net Interest Income": -7900000.0,
        "Interest Expense": 11700000.0,
        "Interest Income": 3800000.0,
        "Normalized Income": 26000000.0,
        "Net Income From Continuing And Discontinued Operation": 37400000.0,
        "Total Expenses": 238800000.0,
        "Total Operating Income As Reported": 43800000.0,
        "Diluted Average Shares": 20900000.0,
        "Basic Average Shares": 20800000.0,
        "Diluted EPS": 1.79,
        "Basic EPS": 1.8,
        "Diluted NI Availto Com Stockholders": 37400000.0,
        "Net Income Common Stockholders": 37400000.0,
        "Net Income": 37400000.0,
        "Minority Interests": 0.0,
        "Net Income Including Noncontrolling Interests": 37400000.0,
        "Net Income Discontinuous Operations": 11400000.0,
        "Net Income Continuous Operations": 26000000.0,
        "Tax Provision": 8100000.0,
        "Pretax Income": 34100000.0,
        "Other Income Expense": -1800000.0,
        "Other Non Operating Income Expenses": -1800000.0,
        "Special Income Charges": NaN,
        "Impairment Of Capital Assets": NaN,
        "Net Non Operating Interest Income Expense": -7900000.0,
        "Interest Expense Non Operating": 11700000.0,
        "Interest Income Non Operating": 3800000.0,
        "Operating Income": 43800000.0,
        "Operating Expense": 72300000.0,
        "Other Operating Expenses": 800000.0,
        "Selling General And Administration": 71500000.0,
        "Gross Profit": 116100000.0,
        "Cost Of Revenue": 166500000.0,
        "Total Revenue": 282600000.0,
        "Operating Revenue": 282600000.0
    },
    "2022-12-31": {
        "Tax Effect Of Unusual Items": 0.0,
        "Tax Rate For Calcs": 0.21,
        "Normalized EBITDA": -19900000.0,
        "Total Unusual Items": NaN,
        "Total Unusual Items Excluding Goodwill": NaN,
        "Net Income From Continuing Operation Net Minority Interest": -57500000.0,
        "Reconciled Depreciation": 25200000.0,
        "Reconciled Cost Of Revenue": 166400000.0,
        "EBITDA": -19900000.0,
        "EBIT": -45100000.0,
        "Net Interest Income": -10000000.0,
        "Interest Expense": 11400000.0,
        "Interest Income": 1400000.0,
        "Normalized Income": -57500000.0,
        "Net Income From Continuing And Discontinued Operation": 127000000.0,
        "Total Expenses": 244900000.0,
        "Total Operating Income As Reported": -38200000.0,
        "Diluted Average Shares": 20900000.0,
        "Basic Average Shares": 20800000.0,
        "Diluted EPS": 6.11,
        "Basic EPS": 6.11,
        "Diluted NI Availto Com Stockholders": 127000000.0,
        "Net Income Common Stockholders": 127000000.0,
        "Net Income": 127000000.0,
        "Minority Interests": 3600000.0,
        "Net Income Including Noncontrolling Interests": 123400000.0,
        "Net Income Discontinuous Operations": 184500000.0,
        "Net Income Continuous Operations": -61100000.0,
        "Tax Provision": 4600000.0,
        "Pretax Income": -56500000.0,
        "Other Income Expense": -73500000.0,
        "Other Non Operating Income Expenses": -8300000.0,
        "Special Income Charges": NaN,
        "Impairment Of Capital Assets": NaN,
        "Net Non Operating Interest Income Expense": -10000000.0,
        "Interest Expense Non Operating": 11400000.0,
        "Interest Income Non Operating": 1400000.0,
        "Operating Income": 27000000.0,
        "Operating Expense": 78500000.0,
        "Other Operating Expenses": 800000.0,
        "Selling General And Administration": 77700000.0,
        "Gross Profit": 105500000.0,
        "Cost Of Revenue": 166400000.0,
        "Total Revenue": 271900000.0,
        "Operating Revenue": 271900000.0
    },
    "2022-09-30": {
        "Tax Effect Of Unusual Items": 0.0,
        "Tax Rate For Calcs": 0.27,
        "Normalized EBITDA": 67200000.0,
        "Total Unusual Items": NaN,
        "Total Unusual Items Excluding Goodwill": NaN,
        "Net Income From Continuing Operation Net Minority Interest": 26200000.0,
        "Reconciled Depreciation": 21900000.0,
        "Reconciled Cost Of Revenue": 169300000.0,
        "EBITDA": 67200000.0,
        "EBIT": 45300000.0,
        "Net Interest Income": -9300000.0,
        "Interest Expense": 9400000.0,
        "Interest Income": 100000.0,
        "Normalized Income": 26200000.0,
        "Net Income From Continuing And Discontinued Operation": 26900000.0,
        "Total Expenses": 235200000.0,
        "Total Operating Income As Reported": 44900000.0,
        "Diluted Average Shares": 20900000.0,
        "Basic Average Shares": 20800000.0,
        "Diluted EPS": 1.29,
        "Basic EPS": 1.29,
        "Diluted NI Availto Com Stockholders": 26900000.0,
        "Net Income Common Stockholders": 26900000.0,
        "Net Income": 26900000.0,
        "Minority Interests": -600000.0,
        "Net Income Including Noncontrolling Interests": 27500000.0,
        "Net Income Discontinuous Operations": 700000.0,
        "Net Income Continuous Operations": 26800000.0,
        "Tax Provision": 9100000.0,
        "Pretax Income": 35900000.0,
        "Other Income Expense": 300000.0,
        "Other Non Operating Income Expenses": 300000.0,
        "Special Income Charges": NaN,
        "Impairment Of Capital Assets": NaN,
        "Net Non Operating Interest Income Expense": -9300000.0,
        "Interest Expense Non Operating": 9400000.0,
        "Interest Income Non Operating": 100000.0,
        "Operating Income": 44900000.0,
        "Operating Expense": 65900000.0,
        "Other Operating Expenses": 100000.0,
        "Selling General And Administration": 65800000.0,
        "Gross Profit": 110800000.0,
        "Cost Of Revenue": 169300000.0,
        "Total Revenue": 280100000.0,
        "Operating Revenue": 280100000.0
    },
    "2022-06-30": {
        "Tax Effect Of Unusual Items": 0.0,
        "Tax Rate For Calcs": 0.160305,
        "Normalized EBITDA": 75100000.0,
        "Total Unusual Items": NaN,
        "Total Unusual Items Excluding Goodwill": NaN,
        "Net Income From Continuing Operation Net Minority Interest": 33100000.0,
        "Reconciled Depreciation": 28100000.0,
        "Reconciled Cost Of Revenue": 202800000.0,
        "EBITDA": 75100000.0,
        "EBIT": 47000000.0,
        "Net Interest Income": -7700000.0,
        "Interest Expense": 7700000.0,
        "Interest Income": 0.0,
        "Normalized Income": 33100000.0,
        "Net Income From Continuing And Discontinued Operation": 33100000.0,
        "Total Expenses": 283600000.0,
        "Total Operating Income As Reported": 49700000.0,
        "Diluted Average Shares": 20800000.0,
        "Basic Average Shares": 20800000.0,
        "Diluted EPS": 1.65,
        "Basic EPS": 1.67,
        "Diluted NI Availto Com Stockholders": 33100000.0,
        "Net Income Common Stockholders": 33100000.0,
        "Net Income": 33100000.0,
        "Minority Interests": 100000.0,
        "Net Income Including Noncontrolling Interests": 33000000.0,
        "Net Income Discontinuous Operations": NaN,
        "Net Income Continuous Operations": 33000000.0,
        "Tax Provision": 6300000.0,
        "Pretax Income": 39300000.0,
        "Other Income Expense": -2700000.0,
        "Other Non Operating Income Expenses": -2700000.0,
        "Special Income Charges": NaN,
        "Impairment Of Capital Assets": NaN,
        "Net Non Operating Interest Income Expense": -7700000.0,
        "Interest Expense Non Operating": 7700000.0,
        "Interest Income Non Operating": 0.0,
        "Operating Income": 49700000.0,
        "Operating Expense": 80800000.0,
        "Other Operating Expenses": 900000.0,
        "Selling General And Administration": 79900000.0,
        "Gross Profit": 130500000.0,
        "Cost Of Revenue": 202800000.0,
        "Total Revenue": 333300000.0,
        "Operating Revenue": 333300000.0
    },
    "2022-03-31": {
        "Diluted EPS": 0.81,
        "Total Revenue": 270,
        "Gross Profit": 95,
        "Operating Income": 22,
        "EBIT": 48,
        "Net Income": 17
    },
    "2021-12-31": {
        "Diluted EPS": 4.94,
        "Total Revenue": 53,
        "Gross Profit": 18,
        "Operating Income": -17,
        "EBIT": 0,
        "Net Income": 103
    },
    "2021-09-30": {
        "Diluted EPS": 1.35,
        "Total Revenue": 210,
        "Gross Profit": 84,
        "Operating Income": 24,
        "EBIT": 33,
        "Net Income": 28
    },
    "2021-06-30": {
        "Diluted EPS": 1.41,
        "Total Revenue": 299,
        "Gross Profit": 117,
        "Operating Income": 32,
        "EBIT": 51,
        "Net Income": 29
    },
    "2021-03-31": {
        "Diluted EPS": 0.87,
        "Total Revenue": 279,
        "Gross Profit": 109,
        "Operating Income": 27,
        "EBIT": 46,
        "Net Income": 18
    },
    "2020-12-31": {
        "Diluted EPS": -0.68,
        "Total Revenue": 2,
        "Gross Profit": 13,
        "Operating Income": 14,
        "EBIT": 19,
        "Net Income": -15
    },
    "2020-09-30": {
        "Diluted EPS": -0.96,
        "Total Revenue": 268,
        "Gross Profit": 95,
        "Operating Income": -8,
        "EBIT": 10,
        "Net Income": -20
    },
    "2020-06-30": {
        "Diluted EPS": -0.31,
        "Total Revenue": 247,
        "Gross Profit": 83,
        "Operating Income": 2,
        "EBIT": 19,
        "Net Income": -7
    },
    "2020-03-31": {
        "Diluted EPS": 10.59,
        "Total Revenue": 283,
        "Gross Profit": 95,
        "Operating Income": 21,
        "EBIT": 38,
        "Net Income": 219
    },
    "2019-12-31": {
        "Diluted EPS": 0.15,
        "Total Revenue": 287,
        "Gross Profit": 98,
        "Operating Income": -10,
        "EBIT": 10,
        "Net Income": 3
    },
    "2019-09-30": {
        "Diluted EPS": -0.08,
        "Total Revenue": 299,
        "Gross Profit": 98,
        "Operating Income": 19,
        "EBIT": 35,
        "Net Income": -2
    },
    "2019-06-30": {
        "Diluted EPS": 1.15,
        "Total Revenue": 317,
        "Gross Profit": 109,
        "Operating Income": 31,
        "EBIT": 47,
        "Net Income": 24
    },
    "2019-03-31": {
        "Diluted EPS": 0.63,
        "Total Revenue": 303,
        "Gross Profit": 100,
        "Operating Income": 17,
        "EBIT": 32,
        "Net Income": 13
    },
    "2018-12-31": {
        "Diluted EPS": -1.27,
        "Total Revenue": 124,
        "Gross Profit": 54,
        "Operating Income": -13,
        "EBIT": -1,
        "Net Income": -27
    },
    "2018-09-30": {
        "Diluted EPS": 1.16,
        "Total Revenue": 388,
        "Gross Profit": 124,
        "Operating Income": 44,
        "EBIT": 62,
        "Net Income": 24
    },
    "2018-06-30": {
        "Diluted EPS": 0.47,
        "Total Revenue": 394,
        "Gross Profit": 116,
        "Operating Income": 22,
        "EBIT": 41,
        "Net Income": 10
    },
    "2018-03-31": {
        "Diluted EPS": 0.58,
        "Total Revenue": 369,
        "Gross Profit": 125,
        "Operating Income": 32,
        "EBIT": 50,
        "Net Income": 13
    },
    "2017-12-31": {
        "Diluted EPS": 1.56,
        "Total Revenue": 154,
        "Gross Profit": 64,
        "Operating Income": -3,
        "EBIT": 10,
        "Net Income": 34
    },
    "2017-09-30": {
        "Diluted EPS": 22.49,
        "Total Revenue": 344,
        "Gross Profit": 115,
        "Operating Income": 18,
        "EBIT": 36,
        "Net Income": 490
    },
    "2017-06-30": {
        "Diluted EPS": 0.41,
        "Total Revenue": 308,
        "Gross Profit": 105,
        "Operating Income": 28,
        "EBIT": 42,
        "Net Income": 9
    },
    "2017-03-31": {
        "Diluted EPS": 0.3,
        "Total Revenue": 296,
        "Gross Profit": 102,
        "Operating Income": 28,
        "EBIT": 42,
        "Net Income": 6
    },
    "2016-12-31": {
        "Diluted EPS": -0.16,
        "Total Revenue": 287,
        "Gross Profit": 92,
        "Operating Income": 16,
        "EBIT": 30,
        "Net Income": -3
    },
    "2016-09-30": {
        "Diluted EPS": 0.28,
        "Total Revenue": 293,
        "Gross Profit": 99,
        "Operating Income": 25,
        "EBIT": 40,
        "Net Income": 6
    },
    "2016-06-30": {
        "Diluted EPS": 0.17,
        "Total Revenue": 313,
        "Gross Profit": 108,
        "Operating Income": 29,
        "EBIT": 43,
        "Net Income": 4
    },
    "2016-03-31": {
        "Diluted EPS": -2.15,
        "Total Revenue": 295,
        "Gross Profit": 98,
        "Operating Income": -72,
        "EBIT": -59,
        "Net Income": -47
    },
    "2015-12-31": {
        "Diluted EPS": 0.29,
        "Total Revenue": 322,
        "Gross Profit": 103,
        "Operating Income": 22,
        "EBIT": -11,
        "Net Income": 7
    },
    "2015-09-30": {
        "Diluted EPS": 0.51,
        "Total Revenue": 307,
        "Gross Profit": 101,
        "Operating Income": 25,
        "EBIT": 39,
        "Net Income": 11
    },
    "2015-06-30": {
        "Diluted EPS": -1.66,
        "Total Revenue": 298,
        "Gross Profit": 101,
        "Operating Income": -20,
        "EBIT": 42,
        "Net Income": -37
    },
    "2015-03-31": {
        "Diluted EPS": -0.07,
        "Total Revenue": 278,
        "Gross Profit": 90,
        "Operating Income": 11,
        "EBIT": 26,
        "Net Income": -2
    },
    "2014-12-31": {
        "Diluted EPS": 0.15,
        "Total Revenue": 316,
        "Gross Profit": 106,
        "Operating Income": -6,
        "EBIT": 9,
        "Net Income": 4
    },
    "2014-09-30": {
        "Diluted EPS": 0.33,
        "Total Revenue": 303,
        "Gross Profit": 106,
        "Operating Income": 28,
        "EBIT": 42,
        "Net Income": 9
    },
    "2014-06-30": {
        "Diluted EPS": 0.32,
        "Total Revenue": 313,
        "Gross Profit": 108,
        "Operating Income": 24,
        "EBIT": 37,
        "Net Income": 8
    },
    "2014-03-31": {
        "Diluted EPS": 0.05,
        "Total Revenue": 287,
        "Gross Profit": 97,
        "Operating Income": 17,
        "EBIT": 33,
        "Net Income": 1
    },
    "2013-12-31": {
        "Diluted EPS": 0.2,
        "Total Revenue": 276,
        "Gross Profit": 86,
        "Operating Income": 17,
        "EBIT": 25,
        "Net Income": 5
    },
    "2013-09-30": {
        "Diluted EPS": 0.23,
        "Total Revenue": 276,
        "Gross Profit": 92,
        "Operating Income": 18,
        "EBIT": 35,
        "Net Income": 6
    },
    "2013-06-30": {
        "Diluted EPS": 0.35,
        "Total Revenue": 306,
        "Gross Profit": 109,
        "Operating Income": 31,
        "EBIT": 47,
        "Net Income": 8
    },
    "2013-03-31": {
        "Diluted EPS": 0.39,
        "Total Revenue": 287,
        "Gross Profit": 94,
        "Operating Income": 21,
        "EBIT": 37,
        "Net Income": 9
    },
    "2012-12-31": {
        "Diluted EPS": 0.26,
        "Total Revenue": 279,
        "Gross Profit": 91,
        "Operating Income": 20,
        "EBIT": 37,
        "Net Income": 6
    },
    "2012-09-30": {
        "Diluted EPS": 0.53,
        "Total Revenue": 292,
        "Gross Profit": 99,
        "Operating Income": 29,
        "EBIT": 45,
        "Net Income": 11
    },
    "2012-06-30": {
        "Diluted EPS": 0.47,
        "Total Revenue": 302,
        "Gross Profit": 103,
        "Operating Income": 26,
        "EBIT": 42,
        "Net Income": 10
    },
    "2012-03-31": {
        "Diluted EPS": 0.64,
        "Total Revenue": 312,
        "Gross Profit": 107,
        "Operating Income": 32,
        "EBIT": 46,
        "Net Income": 14
    },
    "2011-12-31": {
        "Diluted EPS": 0.13,
        "Total Revenue": 271,
        "Gross Profit": 89,
        "Operating Income": 13,
        "EBIT": 28,
        "Net Income": 3
    },
    "2011-09-30": {
        "Diluted EPS": 0.66,
        "Total Revenue": 301,
        "Gross Profit": 97,
        "Operating Income": 30,
        "EBIT": 44,
        "Net Income": 14
    },
    "2011-06-30": {
        "Diluted EPS": 0.56,
        "Total Revenue": 264,
        "Gross Profit": 99,
        "Operating Income": 28,
        "EBIT": 41,
        "Net Income": 12
    },
    "2011-03-31": {
        "Diluted EPS": 0.71,
        "Total Revenue": 270,
        "Gross Profit": 94,
        "Operating Income": 31,
        "EBIT": 44,
        "Net Income": 15
    },
    "2010-12-31": {
        "Diluted EPS": 0.24,
        "Total Revenue": 192,
        "Gross Profit": 71,
        "Operating Income": 6,
        "EBIT": 17,
        "Net Income": 6
    },
    "2010-09-30": {
        "Diluted EPS": 0.24,
        "Total Revenue": 195,
        "Gross Profit": 73,
        "Operating Income": 17,
        "EBIT": 27,
        "Net Income": 5
    },
    "2010-06-30": {
        "Diluted EPS": 2.2,
        "Total Revenue": 251,
        "Gross Profit": 92,
        "Operating Income": 21,
        "EBIT": 32,
        "Net Income": 45
    },
    "2010-03-31": {
        "Diluted EPS": 4.83,
        "Total Revenue": 228,
        "Gross Profit": 89,
        "Operating Income": 11,
        "EBIT": 23,
        "Net Income": 99
    },
    "2009-12-31": {
        "Diluted EPS": -1.92,
        "Total Revenue": 223,
        "Gross Profit": 80,
        "Operating Income": -77,
        "EBIT": -65,
        "Net Income": -39
    },
    "2009-09-30": {
        "Diluted EPS": 0.09,
        "Total Revenue": 189,
        "Gross Profit": 67,
        "Operating Income": 0,
        "EBIT": 11,
        "Net Income": 2
    },
    "2009-06-30": {
        "Diluted EPS": -5.3,
        "Total Revenue": 205,
        "Gross Profit": 68,
        "Operating Income": -119,
        "EBIT": 5,
        "Net Income": -106
    },
    "2009-03-31": {
        "Diluted EPS": 0.16,
        "Total Revenue": 185,
        "Gross Profit": 64,
        "Operating Income": -8,
        "EBIT": 3,
        "Net Income": 3
    },
    "2023-06-30": {
        "Tax Effect Of Unusual Items": -12160000.0,
        "Tax Rate For Calcs": 0.2,
        "Normalized EBITDA": 68400000.0,
        "Total Unusual Items": -60800000.0,
        "Total Unusual Items Excluding Goodwill": -60800000.0,
        "Net Income From Continuing Operation Net Minority Interest": -18600000.0,
        "Reconciled Depreciation": 23800000.0,
        "Reconciled Cost Of Revenue": 162100000.0,
        "EBITDA": 7600000.0,
        "EBIT": -16200000.0,
        "Net Interest Income": -8600000.0,
        "Interest Expense": 12400000.0,
        "Interest Income": 3800000.0,
        "Normalized Income": 30040000.0,
        "Net Income From Continuing And Discontinued Operation": -18600000.0,
        "Total Expenses": 235500000.0,
        "Total Operating Income As Reported": -19400000.0,
        "Diluted Average Shares": 20900000.0,
        "Basic Average Shares": 20900000.0,
        "Diluted EPS": -0.89,
        "Basic EPS": -0.89,
        "Diluted NI Availto Com Stockholders": -18600000.0,
        "Net Income Common Stockholders": -18600000.0,
        "Net Income": -18600000.0,
        "Minority Interests": 4200000.0,
        "Net Income Including Noncontrolling Interests": -22800000.0,
        "Net Income Discontinuous Operations": 0.0,
        "Net Income Continuous Operations": -22800000.0,
        "Tax Provision": -5800000.0,
        "Pretax Income": -28600000.0,
        "Other Income Expense": -61400000.0,
        "Other Non Operating Income Expenses": -600000.0,
        "Special Income Charges": -60800000.0,
        "Impairment Of Capital Assets": 60800000.0,
        "Net Non Operating Interest Income Expense": -8600000.0,
        "Interest Expense Non Operating": 12400000.0,
        "Interest Income Non Operating": 3800000.0,
        "Operating Income": 41400000.0,
        "Operating Expense": 73400000.0,
        "Other Operating Expenses": 200000.0,
        "Selling General And Administration": 73200000.0,
        "Gross Profit": 114800000.0,
        "Cost Of Revenue": 162100000.0,
        "Total Revenue": 276900000.0,
        "Operating Revenue": 276900000.0
    },
    "2023-09-30": {
        "Tax Effect Of Unusual Items": 0.0,
        "Tax Rate For Calcs": 0.21,
        "Normalized EBITDA": 57400000.0,
        "Total Unusual Items": 0.0,
        "Total Unusual Items Excluding Goodwill": 0.0,
        "Net Income From Continuing Operation Net Minority Interest": 8300000.0,
        "Reconciled Depreciation": 23700000.0,
        "Reconciled Cost Of Revenue": 151100000.0,
        "EBITDA": 57400000.0,
        "EBIT": 33700000.0,
        "Net Interest Income": -7100000.0,
        "Interest Expense": 10800000.0,
        "Interest Income": 3700000.0,
        "Normalized Income": 8300000.0,
        "Net Income From Continuing And Discontinued Operation": 8300000.0,
        "Total Expenses": 218800000.0,
        "Total Operating Income As Reported": 31900000.0,
        "Diluted Average Shares": 21000000.0,
        "Basic Average Shares": 20900000.0,
        "Diluted EPS": 0.39,
        "Basic EPS": 0.4,
        "Diluted NI Availto Com Stockholders": 8300000.0,
        "Net Income Common Stockholders": 8300000.0,
        "Net Income": 8300000.0,
        "Minority Interests": 100000.0,
        "Net Income Including Noncontrolling Interests": 8200000.0,
        "Net Income Discontinuous Operations": 0.0,
        "Net Income Continuous Operations": 8200000.0,
        "Tax Provision": 14700000.0,
        "Pretax Income": 22900000.0,
        "Other Income Expense": -1900000.0,
        "Other Non Operating Income Expenses": -1900000.0,
        "Special Income Charges": 0.0,
        "Impairment Of Capital Assets": 0.0,
        "Net Non Operating Interest Income Expense": -7100000.0,
        "Interest Expense Non Operating": 10800000.0,
        "Interest Income Non Operating": 3700000.0,
        "Operating Income": 31900000.0,
        "Operating Expense": 67700000.0,
        "Other Operating Expenses": 2100000.0,
        "Selling General And Administration": 65600000.0,
        "Gross Profit": 99600000.0,
        "Cost Of Revenue": 151100000.0,
        "Total Revenue": 250700000.0,
        "Operating Revenue": 250700000.0
    },
    "2023-12-31": {
        "Tax Effect Of Unusual Items": 0.0,
        "Tax Rate For Calcs": 0.21,
        "Normalized EBITDA": 42800000.0,
        "Total Unusual Items": 0.0,
        "Total Unusual Items Excluding Goodwill": 0.0,
        "Net Income From Continuing Operation Net Minority Interest": -4900000.0,
        "Reconciled Depreciation": 23400000.0,
        "Reconciled Cost Of Revenue": 152800000.0,
        "EBITDA": 42800000.0,
        "EBIT": 19400000.0,
        "Net Interest Income": -6500000.0,
        "Interest Expense": 10100000.0,
        "Interest Income": 3600000.0,
        "Normalized Income": -4900000.0,
        "Net Income From Continuing And Discontinued Operation": -4900000.0,
        "Total Expenses": 228600000.0,
        "Total Operating Income As Reported": 20500000.0,
        "Diluted Average Shares": 21000000.0,
        "Basic Average Shares": 21000000.0,
        "Diluted EPS": -0.23,
        "Basic EPS": -0.23,
        "Diluted NI Availto Com Stockholders": -4900000.0,
        "Net Income Common Stockholders": -4900000.0,
        "Net Income": -4900000.0,
        "Minority Interests": -400000.0,
        "Net Income Including Noncontrolling Interests": -4500000.0,
        "Net Income Discontinuous Operations": 0.0,
        "Net Income Continuous Operations": -4500000.0,
        "Tax Provision": 13800000.0,
        "Pretax Income": 9300000.0,
        "Other Income Expense": -4700000.0,
        "Other Non Operating Income Expenses": -4700000.0,
        "Special Income Charges": 0.0,
        "Impairment Of Capital Assets": 0.0,
        "Net Non Operating Interest Income Expense": -6500000.0,
        "Interest Expense Non Operating": 10100000.0,
        "Interest Income Non Operating": 3600000.0,
        "Operating Income": 20500000.0,
        "Operating Expense": 75800000.0,
        "Other Operating Expenses": 1900000.0,
        "Selling General And Administration": 73900000.0,
        "Gross Profit": 96300000.0,
        "Cost Of Revenue": 152800000.0,
        "Total Revenue": 249100000.0,
        "Operating Revenue": 249100000.0
    }
}