{
    "2023-03-31": {
        "Tax Effect Of Unusual Items": 0.0,
        "Tax Rate For Calcs": 0.227,
        "Normalized EBITDA": 10646000.0,
        "Net Income From Continuing Operation Net Minority Interest": 6964000.0,
        "Reconciled Depreciation": 1394000.0,
        "Reconciled Cost Of Revenue": 14280000.0,
        "EBITDA": 10646000.0,
        "EBIT": 9252000.0,
        "Net Interest Income": 9000.0,
        "Interest Expense": 241000.0,
        "Interest Income": 250000.0,
        "Normalized Income": 6964000.0,
        "Net Income From Continuing And Discontinued Operation": 6964000.0,
        "Total Expenses": 27457000.0,
        "Total Operating Income As Reported": 9016000.0,
        "Diluted Average Shares": 24738000.0,
        "Basic Average Shares": 24585000.0,
        "Diluted EPS": 0.28,
        "Basic EPS": 0.28,
        "Diluted NI Availto Com Stockholders": 6964000.0,
        "Net Income Common Stockholders": 6964000.0,
        "Otherunder Preferred Stock Dividend": NaN,
        "Net Income": 6964000.0,
        "Net Income Including Noncontrolling Interests": 6964000.0,
        "Net Income Continuous Operations": 6964000.0,
        "Tax Provision": 2047000.0,
        "Pretax Income": 9011000.0,
        "Other Income Expense": -14000.0,
        "Other Non Operating Income Expenses": -14000.0,
        "Net Non Operating Interest Income Expense": 9000.0,
        "Interest Expense Non Operating": 241000.0,
        "Interest Income Non Operating": 250000.0,
        "Operating Income": 9016000.0,
        "Operating Expense": 13177000.0,
        "Depreciation Amortization Depletion Income Statement": 1394000.0,
        "Depreciation And Amortization In Income Statement": 1394000.0,
        "Selling General And Administration": 11783000.0,
        "Gross Profit": 22193000.0,
        "Cost Of Revenue": 14280000.0,
        "Total Revenue": 36473000.0,
        "Operating Revenue": 36473000.0
    },
    "2022-12-31": {
        "Tax Effect Of Unusual Items": 0.0,
        "Tax Rate For Calcs": 0.298881,
        "Normalized EBITDA": 11133000.0,
        "Net Income From Continuing Operation Net Minority Interest": 6641000.0,
        "Reconciled Depreciation": 1375000.0,
        "Reconciled Cost Of Revenue": 13987000.0,
        "EBITDA": 11133000.0,
        "EBIT": 9758000.0,
        "Net Interest Income": -152000.0,
        "Interest Expense": 286000.0,
        "Interest Income": 134000.0,
        "Normalized Income": 6641000.0,
        "Net Income From Continuing And Discontinued Operation": 6641000.0,
        "Total Expenses": 25902000.0,
        "Total Operating Income As Reported": 12242000.0,
        "Diluted Average Shares": 24775000.0,
        "Basic Average Shares": 24648000.0,
        "Diluted EPS": 0.27,
        "Basic EPS": 0.27,
        "Diluted NI Availto Com Stockholders": 6637000.0,
        "Net Income Common Stockholders": 6637000.0,
        "Otherunder Preferred Stock Dividend": 4000.0,
        "Net Income": 6641000.0,
        "Net Income Including Noncontrolling Interests": 6641000.0,
        "Net Income Continuous Operations": 6641000.0,
        "Tax Provision": 2831000.0,
        "Pretax Income": 9472000.0,
        "Other Income Expense": -2618000.0,
        "Other Non Operating Income Expenses": -49000.0,
        "Net Non Operating Interest Income Expense": -152000.0,
        "Interest Expense Non Operating": 286000.0,
        "Interest Income Non Operating": 134000.0,
        "Operating Income": 12242000.0,
        "Operating Expense": 11915000.0,
        "Depreciation Amortization Depletion Income Statement": 1375000.0,
        "Depreciation And Amortization In Income Statement": 1375000.0,
        "Selling General And Administration": 10540000.0,
        "Gross Profit": 24157000.0,
        "Cost Of Revenue": 13987000.0,
        "Total Revenue": 38144000.0,
        "Operating Revenue": 38144000.0
    },
    "2022-09-30": {
        "Tax Effect Of Unusual Items": 0.0,
        "Tax Rate For Calcs": 0.235,
        "Normalized EBITDA": 12431000.0,
        "Total Unusual Items": NaN,
        "Total Unusual Items Excluding Goodwill": NaN,
        "Net Income From Continuing Operation Net Minority Interest": 8298000.0,
        "Reconciled Depreciation": 1296000.0,
        "Reconciled Cost Of Revenue": 14524000.0,
        "EBITDA": 12431000.0,
        "EBIT": 11135000.0,
        "Net Interest Income": -273000.0,
        "Interest Expense": 288000.0,
        "Interest Income": 15000.0,
        "Normalized Income": 8298000.0,
        "Net Income From Continuing And Discontinued Operation": 8298000.0,
        "Total Expenses": 26582000.0,
        "Total Operating Income As Reported": 11109000.0,
        "Diluted Average Shares": 24847000.0,
        "Basic Average Shares": 24716000.0,
        "Diluted EPS": 0.33,
        "Basic EPS": 0.34,
        "Diluted NI Availto Com Stockholders": 8294000.0,
        "Net Income Common Stockholders": 8294000.0,
        "Otherunder Preferred Stock Dividend": 4000.0,
        "Net Income": 8298000.0,
        "Net Income Including Noncontrolling Interests": 8298000.0,
        "Net Income Continuous Operations": 8298000.0,
        "Tax Provision": 2549000.0,
        "Pretax Income": 10847000.0,
        "Other Income Expense": 11000.0,
        "Other Non Operating Income Expenses": 11000.0,
        "Gain On Sale Of Security": NaN,
        "Net Non Operating Interest Income Expense": -273000.0,
        "Interest Expense Non Operating": 288000.0,
        "Interest Income Non Operating": 15000.0,
        "Operating Income": 11109000.0,
        "Operating Expense": 12058000.0,
        "Depreciation Amortization Depletion Income Statement": 1296000.0,
        "Depreciation And Amortization In Income Statement": 1296000.0,
        "Selling General And Administration": 10762000.0,
        "Gross Profit": 23167000.0,
        "Cost Of Revenue": 14524000.0,
        "Total Revenue": 37691000.0,
        "Operating Revenue": 37691000.0
    },
    "2022-06-30": {
        "Tax Effect Of Unusual Items": 0.0,
        "Tax Rate For Calcs": 0.248,
        "Normalized EBITDA": 12672000.0,
        "Total Unusual Items": NaN,
        "Total Unusual Items Excluding Goodwill": NaN,
        "Net Income From Continuing Operation Net Minority Interest": 8322000.0,
        "Reconciled Depreciation": 1290000.0,
        "Reconciled Cost Of Revenue": 13758000.0,
        "EBITDA": 12672000.0,
        "EBIT": 11382000.0,
        "Net Interest Income": -304000.0,
        "Interest Expense": 318000.0,
        "Interest Income": 14000.0,
        "Normalized Income": 8322000.0,
        "Net Income From Continuing And Discontinued Operation": 8322000.0,
        "Total Expenses": 25796000.0,
        "Total Operating Income As Reported": 11496000.0,
        "Diluted Average Shares": 25211000.0,
        "Basic Average Shares": 25083000.0,
        "Diluted EPS": 0.33,
        "Basic EPS": 0.33,
        "Diluted NI Availto Com Stockholders": 8322000.0,
        "Net Income Common Stockholders": 8322000.0,
        "Otherunder Preferred Stock Dividend": NaN,
        "Net Income": 8322000.0,
        "Net Income Including Noncontrolling Interests": 8322000.0,
        "Net Income Continuous Operations": 8322000.0,
        "Tax Provision": 2742000.0,
        "Pretax Income": 11064000.0,
        "Other Income Expense": -128000.0,
        "Other Non Operating Income Expenses": -128000.0,
        "Gain On Sale Of Security": NaN,
        "Net Non Operating Interest Income Expense": -304000.0,
        "Interest Expense Non Operating": 318000.0,
        "Interest Income Non Operating": 14000.0,
        "Operating Income": 11496000.0,
        "Operating Expense": 12038000.0,
        "Depreciation Amortization Depletion Income Statement": 1290000.0,
        "Depreciation And Amortization In Income Statement": 1290000.0,
        "Selling General And Administration": 10748000.0,
        "Gross Profit": 23534000.0,
        "Cost Of Revenue": 13758000.0,
        "Total Revenue": 37292000.0,
        "Operating Revenue": 37292000.0
    },
    "2022-03-31": {
        "Diluted EPS": 0.34,
        "Total Revenue": 38,
        "Gross Profit": 24,
        "Operating Income": 12,
        "EBIT": 13,
        "Net Income": 9
    },
    "2021-12-31": {
        "Diluted EPS": 0.37,
        "Total Revenue": 38,
        "Gross Profit": 24,
        "Operating Income": 13,
        "EBIT": 14,
        "Net Income": 10
    },
    "2021-09-30": {
        "Diluted EPS": 0.38,
        "Total Revenue": 38,
        "Gross Profit": 24,
        "Operating Income": 13,
        "EBIT": 15,
        "Net Income": 10
    },
    "2021-06-30": {
        "Diluted EPS": 0.35,
        "Total Revenue": 36,
        "Gross Profit": 24,
        "Operating Income": 12,
        "EBIT": 14,
        "Net Income": 9
    },
    "2021-03-31": {
        "Diluted EPS": 0.36,
        "Total Revenue": 35,
        "Gross Profit": 24,
        "Operating Income": 12,
        "EBIT": 14,
        "Net Income": 9
    },
    "2020-12-31": {
        "Diluted EPS": 0.32,
        "Total Revenue": 35,
        "Gross Profit": 22,
        "Operating Income": 10,
        "EBIT": 13,
        "Net Income": 8
    },
    "2020-09-30": {
        "Diluted EPS": 0.37,
        "Total Revenue": 34,
        "Gross Profit": 22,
        "Operating Income": 12,
        "EBIT": 14,
        "Net Income": 10
    },
    "2020-06-30": {
        "Diluted EPS": 0.3,
        "Total Revenue": 31,
        "Gross Profit": 20,
        "Operating Income": 9,
        "EBIT": 11,
        "Net Income": 8
    },
    "2020-03-31": {
        "Diluted EPS": 0.46,
        "Total Revenue": 34,
        "Gross Profit": 21,
        "Operating Income": 11,
        "EBIT": 13,
        "Net Income": 12
    },
    "2019-12-31": {
        "Diluted EPS": 0.34,
        "Total Revenue": 33,
        "Gross Profit": 21,
        "Operating Income": 12,
        "EBIT": 13,
        "Net Income": 9
    },
    "2019-09-30": {
        "Diluted EPS": 0.31,
        "Total Revenue": 32,
        "Gross Profit": 20,
        "Operating Income": 10,
        "EBIT": 12,
        "Net Income": 8
    },
    "2019-06-30": {
        "Diluted EPS": 0.29,
        "Total Revenue": 31,
        "Gross Profit": 20,
        "Operating Income": 10,
        "EBIT": 12,
        "Net Income": 7
    },
    "2019-03-31": {
        "Diluted EPS": 0.32,
        "Total Revenue": 31,
        "Gross Profit": 20,
        "Operating Income": 11,
        "EBIT": 12,
        "Net Income": 8
    },
    "2018-12-31": {
        "Diluted EPS": 0.23,
        "Total Revenue": 31,
        "Gross Profit": 19,
        "Operating Income": 9,
        "EBIT": 11,
        "Net Income": 8
    },
    "2018-09-30": {
        "Diluted EPS": 0.27,
        "Total Revenue": 30,
        "Gross Profit": 18,
        "Operating Income": 9,
        "EBIT": 11,
        "Net Income": 7
    },
    "2018-06-30": {
        "Diluted EPS": 0.28,
        "Total Revenue": 28,
        "Gross Profit": 17,
        "Operating Income": 8,
        "EBIT": 9,
        "Net Income": 8
    },
    "2018-03-31": {
        "Diluted EPS": 0.29,
        "Total Revenue": 31,
        "Gross Profit": 18,
        "Operating Income": 9,
        "EBIT": 10,
        "Net Income": 7
    },
    "2017-12-31": {
        "Diluted EPS": 0.26,
        "Total Revenue": 30,
        "Gross Profit": 18,
        "Operating Income": 9,
        "EBIT": 10,
        "Net Income": 7
    },
    "2017-09-30": {
        "Diluted EPS": 0.16,
        "Total Revenue": 29,
        "Gross Profit": 17,
        "Operating Income": 7,
        "EBIT": 8,
        "Net Income": 4
    },
    "2017-06-30": {
        "Diluted EPS": 0.23,
        "Total Revenue": 28,
        "Gross Profit": 16,
        "Operating Income": 8,
        "EBIT": 10,
        "Net Income": 6
    },
    "2017-03-31": {
        "Diluted EPS": 0.26,
        "Total Revenue": 30,
        "Gross Profit": 18,
        "Operating Income": 10,
        "EBIT": 11,
        "Net Income": 7
    },
    "2016-12-31": {
        "Diluted EPS": 0.23,
        "Total Revenue": 28,
        "Gross Profit": 17,
        "Operating Income": 9,
        "EBIT": 10,
        "Net Income": 6
    },
    "2016-09-30": {
        "Diluted EPS": 0.19,
        "Total Revenue": 27,
        "Gross Profit": 16,
        "Operating Income": 7,
        "EBIT": 8,
        "Net Income": 5
    },
    "2016-06-30": {
        "Diluted EPS": 0.19,
        "Total Revenue": 26,
        "Gross Profit": 15,
        "Operating Income": 7,
        "EBIT": 8,
        "Net Income": 5
    },
    "2016-03-31": {
        "Diluted EPS": 0.22,
        "Total Revenue": 28,
        "Gross Profit": 16,
        "Operating Income": 8,
        "EBIT": 9,
        "Net Income": 6
    },
    "2015-12-31": {
        "Diluted EPS": 0.24,
        "Total Revenue": 26,
        "Gross Profit": 15,
        "Operating Income": 8,
        "EBIT": 9,
        "Net Income": 6
    },
    "2015-09-30": {
        "Diluted EPS": 0.17,
        "Total Revenue": 25,
        "Gross Profit": 14,
        "Operating Income": 7,
        "EBIT": 8,
        "Net Income": 4
    },
    "2015-06-30": {
        "Diluted EPS": 0.17,
        "Total Revenue": 24,
        "Gross Profit": 14,
        "Operating Income": 6,
        "EBIT": 7,
        "Net Income": 4
    },
    "2015-03-31": {
        "Diluted EPS": 0.14,
        "Total Revenue": 26,
        "Gross Profit": 14,
        "Operating Income": 6,
        "EBIT": 7,
        "Net Income": 3
    },
    "2014-12-31": {
        "Diluted EPS": 0.17,
        "Total Revenue": 25,
        "Gross Profit": 14,
        "Operating Income": 6,
        "EBIT": 7,
        "Net Income": 4
    },
    "2014-09-30": {
        "Diluted EPS": 0.19,
        "Total Revenue": 24,
        "Gross Profit": 14,
        "Operating Income": 7,
        "EBIT": 8,
        "Net Income": 5
    },
    "2014-06-30": {
        "Diluted EPS": 0.16,
        "Total Revenue": 24,
        "Gross Profit": 13,
        "Operating Income": 6,
        "EBIT": 7,
        "Net Income": 4
    },
    "2014-03-31": {
        "Diluted EPS": 0.22,
        "Total Revenue": 26,
        "Gross Profit": 16,
        "Operating Income": 8,
        "EBIT": 9,
        "Net Income": 5
    },
    "2013-12-31": {
        "Diluted EPS": 0.16,
        "Total Revenue": 23,
        "Gross Profit": 13,
        "Operating Income": 6,
        "EBIT": 7,
        "Net Income": 4
    },
    "2013-09-30": {
        "Diluted EPS": 0.15,
        "Total Revenue": 22,
        "Gross Profit": 13,
        "Operating Income": 6,
        "EBIT": 7,
        "Net Income": 4
    },
    "2013-06-30": {
        "Diluted EPS": 0.14,
        "Total Revenue": 22,
        "Gross Profit": 13,
        "Operating Income": 6,
        "EBIT": 6,
        "Net Income": 3
    },
    "2013-03-31": {
        "Diluted EPS": 0.18,
        "Total Revenue": 25,
        "Gross Profit": 15,
        "Operating Income": 7,
        "EBIT": 8,
        "Net Income": 4
    },
    "2012-12-31": {
        "Diluted EPS": -0.25,
        "Total Revenue": 22,
        "Gross Profit": 13,
        "Operating Income": 6,
        "EBIT": 7,
        "Net Income": 4
    },
    "2012-09-30": {
        "Diluted EPS": 0.15,
        "Total Revenue": 21,
        "Gross Profit": 13,
        "Operating Income": 6,
        "EBIT": 7,
        "Net Income": 4
    },
    "2012-06-30": {
        "Diluted EPS": 0.16,
        "Total Revenue": 21,
        "Gross Profit": 12,
        "Operating Income": 5,
        "EBIT": 6,
        "Net Income": 4
    },
    "2012-03-31": {
        "Diluted EPS": 0.56,
        "Total Revenue": 22,
        "Gross Profit": 13,
        "Operating Income": 6,
        "EBIT": 7,
        "Net Income": 4
    },
    "2011-12-31": {
        "Diluted EPS": -0.76,
        "Total Revenue": 19,
        "Gross Profit": 12,
        "Operating Income": 5,
        "EBIT": 6,
        "Net Income": 3
    },
    "2011-09-30": {
        "Diluted EPS": 0.39,
        "Total Revenue": 19,
        "Gross Profit": 11,
        "Operating Income": 4,
        "EBIT": 6,
        "Net Income": 3
    },
    "2011-06-30": {
        "Diluted EPS": 0.34,
        "Total Revenue": 18,
        "Gross Profit": 11,
        "Operating Income": 4,
        "EBIT": 5,
        "Net Income": 2
    },
    "2011-03-31": {
        "Diluted EPS": 0.51,
        "Total Revenue": 20,
        "Gross Profit": 13,
        "Operating Income": 6,
        "EBIT": 7,
        "Net Income": 3
    },
    "2010-12-31": {
        "Diluted EPS": 0.22,
        "Total Revenue": 16,
        "Gross Profit": 10,
        "Operating Income": 2,
        "EBIT": 4,
        "Net Income": 2
    },
    "2010-09-30": {
        "Diluted EPS": 0.32,
        "Total Revenue": 16,
        "Gross Profit": 10,
        "Operating Income": 3,
        "EBIT": 5,
        "Net Income": 2
    },
    "2010-06-30": {
        "Diluted EPS": 0.25,
        "Total Revenue": 14,
        "Gross Profit": 8,
        "Operating Income": 3,
        "EBIT": 4,
        "Net Income": 2
    },
    "2010-03-31": {
        "Diluted EPS": 0.47,
        "Total Revenue": 17,
        "Gross Profit": 11,
        "Operating Income": 5,
        "EBIT": 6,
        "Net Income": 3
    },
    "2009-12-31": {
        "Diluted EPS": 0.33,
        "Total Revenue": 14,
        "Gross Profit": 9,
        "Operating Income": 3,
        "EBIT": 4,
        "Net Income": 2
    },
    "2009-09-30": {
        "Diluted EPS": 0.3,
        "Total Revenue": 14,
        "Gross Profit": 8,
        "Operating Income": 3,
        "EBIT": 4,
        "Net Income": 2
    },
    "2009-06-30": {
        "Diluted EPS": 0.24,
        "Total Revenue": 14,
        "Gross Profit": 7,
        "Operating Income": 3,
        "EBIT": 4,
        "Net Income": 2
    },
    "2009-03-31": {
        "Diluted EPS": 0.39,
        "Total Revenue": 17,
        "Gross Profit": 9,
        "Operating Income": 4,
        "EBIT": 5,
        "Net Income": 3
    },
    "2023-06-30": {
        "Tax Effect Of Unusual Items": 0.0,
        "Tax Rate For Calcs": 0.23,
        "Normalized EBITDA": 11157000.0,
        "Net Income From Continuing Operation Net Minority Interest": 7273000.0,
        "Reconciled Depreciation": 1521000.0,
        "Reconciled Cost Of Revenue": 13309000.0,
        "EBITDA": 11157000.0,
        "EBIT": 9636000.0,
        "Net Interest Income": 81000.0,
        "Interest Expense": 192000.0,
        "Interest Income": 273000.0,
        "Normalized Income": 7273000.0,
        "Net Income From Continuing And Discontinued Operation": 7273000.0,
        "Total Expenses": 26796000.0,
        "Total Operating Income As Reported": 9365000.0,
        "Diluted Average Shares": 24716000.0,
        "Basic Average Shares": 24578000.0,
        "Diluted EPS": 0.29,
        "Basic EPS": 0.3,
        "Diluted NI Availto Com Stockholders": 7273000.0,
        "Net Income Common Stockholders": 7273000.0,
        "Otherunder Preferred Stock Dividend": NaN,
        "Net Income": 7273000.0,
        "Net Income Including Noncontrolling Interests": 7273000.0,
        "Net Income Continuous Operations": 7273000.0,
        "Tax Provision": 2171000.0,
        "Pretax Income": 9444000.0,
        "Other Income Expense": -2000.0,
        "Other Non Operating Income Expenses": -2000.0,
        "Net Non Operating Interest Income Expense": 81000.0,
        "Interest Expense Non Operating": 192000.0,
        "Interest Income Non Operating": 273000.0,
        "Operating Income": 9365000.0,
        "Operating Expense": 13487000.0,
        "Depreciation Amortization Depletion Income Statement": 1521000.0,
        "Depreciation And Amortization In Income Statement": 1521000.0,
        "Selling General And Administration": 11966000.0,
        "Gross Profit": 22852000.0,
        "Cost Of Revenue": 13309000.0,
        "Total Revenue": 36161000.0,
        "Operating Revenue": 36161000.0
    },
    "2023-09-30": {
        "Tax Effect Of Unusual Items": 0.0,
        "Tax Rate For Calcs": 0.215,
        "Normalized EBITDA": 11754000.0,
        "Net Income From Continuing Operation Net Minority Interest": 7876000.0,
        "Reconciled Depreciation": 1554000.0,
        "Reconciled Cost Of Revenue": 14634000.0,
        "EBITDA": 11754000.0,
        "EBIT": 10199000.0,
        "Net Interest Income": 96000.0,
        "Interest Expense": 160000.0,
        "Interest Income": 256000.0,
        "Normalized Income": 7876000.0,
        "Net Income From Continuing And Discontinued Operation": 7876000.0,
        "Total Expenses": 27990000.0,
        "Total Operating Income As Reported": 9955000.0,
        "Diluted Average Shares": 24695000.0,
        "Basic Average Shares": 24560000.0,
        "Diluted EPS": 0.32,
        "Basic EPS": 0.32,
        "Diluted NI Availto Com Stockholders": 7874000.0,
        "Net Income Common Stockholders": 7874000.0,
        "Otherunder Preferred Stock Dividend": 2000.0,
        "Net Income": 7876000.0,
        "Net Income Including Noncontrolling Interests": 7876000.0,
        "Net Income Continuous Operations": 7876000.0,
        "Tax Provision": 2163000.0,
        "Pretax Income": 10039000.0,
        "Other Income Expense": -12000.0,
        "Other Non Operating Income Expenses": -12000.0,
        "Net Non Operating Interest Income Expense": 96000.0,
        "Interest Expense Non Operating": 160000.0,
        "Interest Income Non Operating": 256000.0,
        "Operating Income": 9955000.0,
        "Operating Expense": 13357000.0,
        "Depreciation Amortization Depletion Income Statement": 1555000.0,
        "Depreciation And Amortization In Income Statement": 1555000.0,
        "Selling General And Administration": 11802000.0,
        "Gross Profit": 23312000.0,
        "Cost Of Revenue": 14633000.0,
        "Total Revenue": 37945000.0,
        "Operating Revenue": 37945000.0
    },
    "2023-12-31": {
        "Tax Effect Of Unusual Items": 0.0,
        "Tax Rate For Calcs": 0.22759,
        "Normalized EBITDA": 13166000.0,
        "Net Income From Continuing Operation Net Minority Interest": 8858000.0,
        "Reconciled Depreciation": 1430000.0,
        "Reconciled Cost Of Revenue": 13793000.0,
        "EBITDA": 13166000.0,
        "EBIT": 11736000.0,
        "Net Interest Income": -227000.0,
        "Interest Expense": 268000.0,
        "Interest Income": 41000.0,
        "Normalized Income": 8858000.0,
        "Net Income From Continuing And Discontinued Operation": 8858000.0,
        "Total Expenses": 26292000.0,
        "Total Operating Income As Reported": 11709000.0,
        "Diluted Average Shares": 24548000.0,
        "Basic Average Shares": 24437000.0,
        "Diluted EPS": 0.36,
        "Basic EPS": 0.36,
        "Diluted NI Availto Com Stockholders": 8855000.0,
        "Net Income Common Stockholders": 8855000.0,
        "Otherunder Preferred Stock Dividend": 3000.0,
        "Net Income": 8858000.0,
        "Net Income Including Noncontrolling Interests": 8858000.0,
        "Net Income Continuous Operations": 8858000.0,
        "Tax Provision": 2610000.0,
        "Pretax Income": 11468000.0,
        "Other Income Expense": -14000.0,
        "Other Non Operating Income Expenses": -14000.0,
        "Net Non Operating Interest Income Expense": -227000.0,
        "Interest Expense Non Operating": 268000.0,
        "Interest Income Non Operating": 41000.0,
        "Operating Income": 11709000.0,
        "Operating Expense": 12499000.0,
        "Depreciation Amortization Depletion Income Statement": 1430000.0,
        "Depreciation And Amortization In Income Statement": 1430000.0,
        "Selling General And Administration": 11069000.0,
        "Gross Profit": 24208000.0,
        "Cost Of Revenue": 13793000.0,
        "Total Revenue": 38001000.0,
        "Operating Revenue": 38001000.0
    }
}