{
    "2023-03-31": {
        "Tax Effect Of Unusual Items": 0.0,
        "Tax Rate For Calcs": 0.21,
        "Normalized EBITDA": 11800000.0,
        "Total Unusual Items": NaN,
        "Total Unusual Items Excluding Goodwill": NaN,
        "Net Income From Continuing Operation Net Minority Interest": 1700000.0,
        "Reconciled Depreciation": 11700000.0,
        "Reconciled Cost Of Revenue": 13800000.0,
        "EBITDA": 11800000.0,
        "EBIT": 100000.0,
        "Net Interest Income": 800000.0,
        "Interest Expense": 200000.0,
        "Interest Income": 1000000.0,
        "Normalized Income": 1700000.0,
        "Net Income From Continuing And Discontinued Operation": 1700000.0,
        "Total Expenses": 170400000.0,
        "Total Operating Income As Reported": -800000.0,
        "Diluted Average Shares": 79700000.0,
        "Basic Average Shares": 75800000.0,
        "Diluted EPS": 0.02,
        "Basic EPS": 0.02,
        "Diluted NI Availto Com Stockholders": 1700000.0,
        "Net Income Common Stockholders": 1700000.0,
        "Net Income": 1700000.0,
        "Net Income Including Noncontrolling Interests": 1700000.0,
        "Net Income Continuous Operations": 1700000.0,
        "Tax Provision": -1800000.0,
        "Pretax Income": -100000.0,
        "Other Income Expense": -100000.0,
        "Other Non Operating Income Expenses": -100000.0,
        "Special Income Charges": NaN,
        "Restructuring And Mergern Acquisition": NaN,
        "Net Non Operating Interest Income Expense": 800000.0,
        "Interest Expense Non Operating": 200000.0,
        "Interest Income Non Operating": 1000000.0,
        "Operating Income": -800000.0,
        "Operating Expense": 156600000.0,
        "Other Operating Expenses": NaN,
        "Research And Development": 19500000.0,
        "Selling General And Administration": 137100000.0,
        "Selling And Marketing Expense": 121700000.0,
        "General And Administrative Expense": 15400000.0,
        "Other Gand A": 15400000.0,
        "Gross Profit": 155800000.0,
        "Cost Of Revenue": 13800000.0,
        "Total Revenue": 169600000.0,
        "Operating Revenue": 169600000.0
    },
    "2022-12-31": {
        "Tax Effect Of Unusual Items": NaN,
        "Tax Rate For Calcs": NaN,
        "Normalized EBITDA": NaN,
        "Total Unusual Items": NaN,
        "Total Unusual Items Excluding Goodwill": NaN,
        "Net Income From Continuing Operation Net Minority Interest": NaN,
        "Reconciled Depreciation": NaN,
        "Reconciled Cost Of Revenue": NaN,
        "EBITDA": NaN,
        "EBIT": NaN,
        "Net Interest Income": NaN,
        "Interest Expense": NaN,
        "Interest Income": NaN,
        "Normalized Income": NaN,
        "Net Income From Continuing And Discontinued Operation": NaN,
        "Total Expenses": NaN,
        "Total Operating Income As Reported": NaN,
        "Diluted Average Shares": NaN,
        "Basic Average Shares": NaN,
        "Diluted EPS": NaN,
        "Basic EPS": NaN,
        "Diluted NI Availto Com Stockholders": NaN,
        "Net Income Common Stockholders": NaN,
        "Net Income": NaN,
        "Net Income Including Noncontrolling Interests": NaN,
        "Net Income Continuous Operations": NaN,
        "Tax Provision": NaN,
        "Pretax Income": NaN,
        "Other Income Expense": NaN,
        "Other Non Operating Income Expenses": NaN,
        "Special Income Charges": NaN,
        "Restructuring And Mergern Acquisition": NaN,
        "Net Non Operating Interest Income Expense": NaN,
        "Interest Expense Non Operating": NaN,
        "Interest Income Non Operating": NaN,
        "Operating Income": NaN,
        "Operating Expense": NaN,
        "Other Operating Expenses": 600000.0,
        "Research And Development": NaN,
        "Selling General And Administration": NaN,
        "Selling And Marketing Expense": NaN,
        "General And Administrative Expense": NaN,
        "Other Gand A": NaN,
        "Gross Profit": NaN,
        "Cost Of Revenue": NaN,
        "Total Revenue": NaN,
        "Operating Revenue": NaN
    },
    "2022-09-30": {
        "Tax Effect Of Unusual Items": NaN,
        "Tax Rate For Calcs": NaN,
        "Normalized EBITDA": NaN,
        "Total Unusual Items": -400000.0,
        "Total Unusual Items Excluding Goodwill": -400000.0,
        "Net Income From Continuing Operation Net Minority Interest": NaN,
        "Reconciled Depreciation": NaN,
        "Reconciled Cost Of Revenue": NaN,
        "EBITDA": NaN,
        "EBIT": NaN,
        "Net Interest Income": NaN,
        "Interest Expense": NaN,
        "Interest Income": NaN,
        "Normalized Income": NaN,
        "Net Income From Continuing And Discontinued Operation": NaN,
        "Total Expenses": NaN,
        "Total Operating Income As Reported": NaN,
        "Diluted Average Shares": NaN,
        "Basic Average Shares": NaN,
        "Diluted EPS": NaN,
        "Basic EPS": NaN,
        "Diluted NI Availto Com Stockholders": NaN,
        "Net Income Common Stockholders": NaN,
        "Net Income": NaN,
        "Net Income Including Noncontrolling Interests": NaN,
        "Net Income Continuous Operations": NaN,
        "Tax Provision": NaN,
        "Pretax Income": NaN,
        "Other Income Expense": -400000.0,
        "Other Non Operating Income Expenses": NaN,
        "Special Income Charges": -400000.0,
        "Restructuring And Mergern Acquisition": 400000.0,
        "Net Non Operating Interest Income Expense": NaN,
        "Interest Expense Non Operating": NaN,
        "Interest Income Non Operating": NaN,
        "Operating Income": NaN,
        "Operating Expense": NaN,
        "Other Operating Expenses": 400000.0,
        "Research And Development": NaN,
        "Selling General And Administration": NaN,
        "Selling And Marketing Expense": NaN,
        "General And Administrative Expense": NaN,
        "Other Gand A": NaN,
        "Gross Profit": NaN,
        "Cost Of Revenue": NaN,
        "Total Revenue": NaN,
        "Operating Revenue": NaN
    },
    "2022-06-30": {
        "Tax Effect Of Unusual Items": -720000.0,
        "Tax Rate For Calcs": 0.4,
        "Normalized EBITDA": 500000.0,
        "Total Unusual Items": -1800000.0,
        "Total Unusual Items Excluding Goodwill": -1800000.0,
        "Net Income From Continuing Operation Net Minority Interest": -9300000.0,
        "Reconciled Depreciation": 7600000.0,
        "Reconciled Cost Of Revenue": 8200000.0,
        "EBITDA": -1300000.0,
        "EBIT": -8900000.0,
        "Net Interest Income": -100000.0,
        "Interest Expense": 200000.0,
        "Interest Income": 100000.0,
        "Normalized Income": -8220000.0,
        "Net Income From Continuing And Discontinued Operation": -9300000.0,
        "Total Expenses": 132400000.0,
        "Total Operating Income As Reported": -9000000.0,
        "Diluted Average Shares": 67400000.0,
        "Basic Average Shares": 67400000.0,
        "Diluted EPS": -0.14,
        "Basic EPS": -0.14,
        "Diluted NI Availto Com Stockholders": -9300000.0,
        "Net Income Common Stockholders": -9300000.0,
        "Net Income": -9300000.0,
        "Net Income Including Noncontrolling Interests": -9300000.0,
        "Net Income Continuous Operations": -9300000.0,
        "Tax Provision": 200000.0,
        "Pretax Income": -9100000.0,
        "Other Income Expense": -1800000.0,
        "Other Non Operating Income Expenses": NaN,
        "Special Income Charges": -1800000.0,
        "Restructuring And Mergern Acquisition": 1800000.0,
        "Net Non Operating Interest Income Expense": -100000.0,
        "Interest Expense Non Operating": 200000.0,
        "Interest Income Non Operating": 100000.0,
        "Operating Income": -7200000.0,
        "Operating Expense": 124200000.0,
        "Other Operating Expenses": 1800000.0,
        "Research And Development": 20100000.0,
        "Selling General And Administration": 104100000.0,
        "Selling And Marketing Expense": 88800000.0,
        "General And Administrative Expense": 15300000.0,
        "Other Gand A": 15300000.0,
        "Gross Profit": 117000000.0,
        "Cost Of Revenue": 8200000.0,
        "Total Revenue": 125200000.0,
        "Operating Revenue": 125200000.0
    },
    "2023-06-30": {
        "Tax Effect Of Unusual Items": 0.0,
        "Tax Rate For Calcs": 0.21,
        "Normalized EBITDA": 8800000.0,
        "Total Unusual Items": NaN,
        "Total Unusual Items Excluding Goodwill": NaN,
        "Net Income From Continuing Operation Net Minority Interest": -10700000.0,
        "Reconciled Depreciation": 12200000.0,
        "Reconciled Cost Of Revenue": 13100000.0,
        "EBITDA": 8800000.0,
        "EBIT": -3400000.0,
        "Net Interest Income": 600000.0,
        "Interest Expense": 200000.0,
        "Interest Income": 800000.0,
        "Normalized Income": -10700000.0,
        "Net Income From Continuing And Discontinued Operation": -10700000.0,
        "Total Expenses": 147500000.0,
        "Total Operating Income As Reported": -4200000.0,
        "Diluted Average Shares": 76800000.0,
        "Basic Average Shares": 76800000.0,
        "Diluted EPS": -0.14,
        "Basic EPS": -0.14,
        "Diluted NI Availto Com Stockholders": -10700000.0,
        "Net Income Common Stockholders": -10700000.0,
        "Net Income": -10700000.0,
        "Net Income Including Noncontrolling Interests": -10700000.0,
        "Net Income Continuous Operations": -10700000.0,
        "Tax Provision": 7100000.0,
        "Pretax Income": -3600000.0,
        "Other Income Expense": NaN,
        "Other Non Operating Income Expenses": NaN,
        "Special Income Charges": NaN,
        "Restructuring And Mergern Acquisition": NaN,
        "Net Non Operating Interest Income Expense": 600000.0,
        "Interest Expense Non Operating": 200000.0,
        "Interest Income Non Operating": 800000.0,
        "Operating Income": -4200000.0,
        "Operating Expense": 134400000.0,
        "Other Operating Expenses": NaN,
        "Research And Development": 20000000.0,
        "Selling General And Administration": 114400000.0,
        "Selling And Marketing Expense": 98800000.0,
        "General And Administrative Expense": 15600000.0,
        "Other Gand A": 15600000.0,
        "Gross Profit": 130200000.0,
        "Cost Of Revenue": 13100000.0,
        "Total Revenue": 143300000.0,
        "Operating Revenue": 74300000.0
    },
    "2022-03-31": {
        "Diluted EPS": -0.16,
        "Total Revenue": 129,
        "Gross Profit": 121,
        "Operating Income": -9,
        "EBIT": -2,
        "Net Income": -11
    },
    "2021-12-31": {
        "Diluted EPS": -0.13,
        "Total Revenue": 100,
        "Gross Profit": 92,
        "Operating Income": -9,
        "EBIT": -2,
        "Net Income": -8
    },
    "2021-09-30": {
        "Diluted EPS": -0.16,
        "Total Revenue": 99,
        "Gross Profit": 91,
        "Operating Income": 6,
        "EBIT": 13,
        "Net Income": -8
    },
    "2021-06-30": {
        "Diluted EPS": -0.28,
        "Total Revenue": 92,
        "Gross Profit": 84,
        "Operating Income": -23,
        "EBIT": -16,
        "Net Income": -14
    },
    "2021-03-31": {
        "Diluted EPS": -0.27,
        "Total Revenue": 90,
        "Gross Profit": 84,
        "Operating Income": -13,
        "EBIT": -7,
        "Net Income": -13
    },
    "2020-12-31": {
        "Diluted EPS": 0.0,
        "Total Revenue": NaN,
        "Gross Profit": NaN,
        "Operating Income": NaN,
        "EBIT": NaN,
        "Net Income": NaN
    },
    "2019-12-31": {
        "Diluted EPS": 0.0,
        "Total Revenue": NaN,
        "Gross Profit": NaN,
        "Operating Income": NaN,
        "EBIT": NaN,
        "Net Income": NaN
    },
    "2023-09-30": {
        "Tax Effect Of Unusual Items": 0.0,
        "Tax Rate For Calcs": 0.21,
        "Normalized EBITDA": 17000000.0,
        "Total Unusual Items": NaN,
        "Total Unusual Items Excluding Goodwill": NaN,
        "Net Income From Continuing Operation Net Minority Interest": -500000.0,
        "Reconciled Depreciation": 12100000.0,
        "Reconciled Cost Of Revenue": 13300000.0,
        "EBITDA": 17000000.0,
        "EBIT": 4900000.0,
        "Net Interest Income": 700000.0,
        "Interest Expense": 200000.0,
        "Interest Income": 900000.0,
        "Normalized Income": -500000.0,
        "Net Income From Continuing And Discontinued Operation": -500000.0,
        "Total Expenses": 148800000.0,
        "Total Operating Income As Reported": 4000000.0,
        "Diluted Average Shares": 77500000.0,
        "Basic Average Shares": 77500000.0,
        "Diluted EPS": -0.01,
        "Basic EPS": -0.01,
        "Diluted NI Availto Com Stockholders": -500000.0,
        "Net Income Common Stockholders": -500000.0,
        "Net Income": -500000.0,
        "Net Income Including Noncontrolling Interests": -500000.0,
        "Net Income Continuous Operations": -500000.0,
        "Tax Provision": 5200000.0,
        "Pretax Income": 4700000.0,
        "Other Income Expense": NaN,
        "Other Non Operating Income Expenses": NaN,
        "Special Income Charges": NaN,
        "Restructuring And Mergern Acquisition": NaN,
        "Net Non Operating Interest Income Expense": 700000.0,
        "Interest Expense Non Operating": 200000.0,
        "Interest Income Non Operating": 900000.0,
        "Operating Income": 4000000.0,
        "Operating Expense": 135500000.0,
        "Other Operating Expenses": NaN,
        "Research And Development": 20700000.0,
        "Selling General And Administration": 114800000.0,
        "Selling And Marketing Expense": 100600000.0,
        "General And Administrative Expense": 14200000.0,
        "Other Gand A": 14200000.0,
        "Gross Profit": 139500000.0,
        "Cost Of Revenue": 13300000.0,
        "Total Revenue": 152800000.0,
        "Operating Revenue": 86900000.0
    },
    "2023-12-31": {
        "Tax Effect Of Unusual Items": 0.0,
        "Tax Rate For Calcs": 0.21,
        "Normalized EBITDA": 17700000.0,
        "Total Unusual Items": NaN,
        "Total Unusual Items Excluding Goodwill": NaN,
        "Net Income From Continuing Operation Net Minority Interest": -2300000.0,
        "Reconciled Depreciation": 12200000.0,
        "Reconciled Cost Of Revenue": 13800000.0,
        "EBITDA": 17700000.0,
        "EBIT": 5500000.0,
        "Net Interest Income": 700000.0,
        "Interest Expense": 200000.0,
        "Interest Income": 900000.0,
        "Normalized Income": -2300000.0,
        "Net Income From Continuing And Discontinued Operation": -2300000.0,
        "Total Expenses": 129100000.0,
        "Total Operating Income As Reported": 4600000.0,
        "Diluted Average Shares": 76500000.0,
        "Basic Average Shares": 76500000.0,
        "Diluted EPS": -0.03,
        "Basic EPS": -0.03,
        "Diluted NI Availto Com Stockholders": -2300000.0,
        "Net Income Common Stockholders": -2300000.0,
        "Net Income": -2300000.0,
        "Net Income Including Noncontrolling Interests": -2300000.0,
        "Net Income Continuous Operations": -2300000.0,
        "Tax Provision": 7600000.0,
        "Pretax Income": 5300000.0,
        "Other Income Expense": 0.0,
        "Other Non Operating Income Expenses": 0.0,
        "Special Income Charges": NaN,
        "Restructuring And Mergern Acquisition": NaN,
        "Net Non Operating Interest Income Expense": 700000.0,
        "Interest Expense Non Operating": 200000.0,
        "Interest Income Non Operating": 900000.0,
        "Operating Income": 4600000.0,
        "Operating Expense": 115300000.0,
        "Other Operating Expenses": NaN,
        "Research And Development": 20300000.0,
        "Selling General And Administration": 95000000.0,
        "Selling And Marketing Expense": 80400000.0,
        "General And Administrative Expense": 14600000.0,
        "Other Gand A": 14600000.0,
        "Gross Profit": 119900000.0,
        "Cost Of Revenue": 13800000.0,
        "Total Revenue": 133700000.0,
        "Operating Revenue": 354900000.0
    },
    "2024-03-31": {
        "Tax Effect Of Unusual Items": 0.0,
        "Tax Rate For Calcs": 0.4,
        "Normalized EBITDA": 16900000.0,
        "Total Unusual Items": NaN,
        "Total Unusual Items Excluding Goodwill": NaN,
        "Net Income From Continuing Operation Net Minority Interest": 1100000.0,
        "Reconciled Depreciation": 11900000.0,
        "Reconciled Cost Of Revenue": 14200000.0,
        "EBITDA": 16900000.0,
        "EBIT": 5000000.0,
        "Net Interest Income": 1200000.0,
        "Interest Expense": 200000.0,
        "Interest Income": 1400000.0,
        "Normalized Income": 1100000.0,
        "Net Income From Continuing And Discontinued Operation": 1100000.0,
        "Total Expenses": 158200000.0,
        "Total Operating Income As Reported": 3700000.0,
        "Diluted Average Shares": 80500000.0,
        "Basic Average Shares": 77200000.0,
        "Diluted EPS": 0.01,
        "Basic EPS": 0.01,
        "Diluted NI Availto Com Stockholders": 1100000.0,
        "Net Income Common Stockholders": 1100000.0,
        "Net Income": 1100000.0,
        "Net Income Including Noncontrolling Interests": 1100000.0,
        "Net Income Continuous Operations": 1100000.0,
        "Tax Provision": 3700000.0,
        "Pretax Income": 4800000.0,
        "Other Income Expense": -100000.0,
        "Other Non Operating Income Expenses": -100000.0,
        "Special Income Charges": NaN,
        "Restructuring And Mergern Acquisition": NaN,
        "Net Non Operating Interest Income Expense": 1200000.0,
        "Interest Expense Non Operating": 200000.0,
        "Interest Income Non Operating": 1400000.0,
        "Operating Income": 3700000.0,
        "Operating Expense": 144000000.0,
        "Other Operating Expenses": NaN,
        "Research And Development": 20700000.0,
        "Selling General And Administration": 123300000.0,
        "Selling And Marketing Expense": 107900000.0,
        "General And Administrative Expense": 15400000.0,
        "Other Gand A": 15400000.0,
        "Gross Profit": 147700000.0,
        "Cost Of Revenue": 14200000.0,
        "Total Revenue": 161900000.0,
        "Operating Revenue": 161900000.0
    }
}