{
    "2023-06-30": {
        "Tax Effect Of Unusual Items": 0.0,
        "Tax Rate For Calcs": 0.1956,
        "Net Income From Continuing Operation Net Minority Interest": 5577000.0,
        "Reconciled Depreciation": 1079000.0,
        "Net Interest Income": 24932000.0,
        "Interest Expense": 6678000.0,
        "Interest Income": 31610000.0,
        "Normalized Income": 5577000.0,
        "Net Income From Continuing And Discontinued Operation": 5577000.0,
        "Diluted NI Availto Com Stockholders": 5577000.0,
        "Net Income Common Stockholders": 5577000.0,
        "Net Income": 5577000.0,
        "Net Income Including Noncontrolling Interests": 5577000.0,
        "Net Income Continuous Operations": 5577000.0,
        "Tax Provision": 1356000.0,
        "Pretax Income": 6933000.0,
        "Gain On Sale Of Security": -234000.0,
        "Depreciation Amortization Depletion Income Statement": 3000.0,
        "Depreciation And Amortization In Income Statement": 3000.0,
        "Amortization": 3000.0,
        "Amortization Of Intangibles Income Statement": 3000.0,
        "Selling General And Administration": 16763000.0,
        "Selling And Marketing Expense": 933000.0,
        "General And Administrative Expense": 15830000.0,
        "Insurance And Claims": 647000.0,
        "Salaries And Wages": 15183000.0,
        "Total Revenue": 32122000.0,
        "Operating Revenue": 32122000.0
    },
    "2023-03-31": {
        "Tax Effect Of Unusual Items": 0.0,
        "Tax Rate For Calcs": 0.2044,
        "Net Income From Continuing Operation Net Minority Interest": 4830000.0,
        "Reconciled Depreciation": 1080000.0,
        "Net Interest Income": 24828000.0,
        "Interest Expense": 4763000.0,
        "Interest Income": 29591000.0,
        "Normalized Income": 4830000.0,
        "Net Income From Continuing And Discontinued Operation": 4830000.0,
        "Diluted NI Availto Com Stockholders": 4830000.0,
        "Net Income Common Stockholders": 4830000.0,
        "Net Income": 4830000.0,
        "Net Income Including Noncontrolling Interests": 4830000.0,
        "Net Income Continuous Operations": 4830000.0,
        "Tax Provision": 1241000.0,
        "Pretax Income": 6071000.0,
        "Gain On Sale Of Security": -223000.0,
        "Depreciation Amortization Depletion Income Statement": 4000.0,
        "Depreciation And Amortization In Income Statement": 4000.0,
        "Amortization": 4000.0,
        "Amortization Of Intangibles Income Statement": 4000.0,
        "Selling General And Administration": 16605000.0,
        "Selling And Marketing Expense": 564000.0,
        "General And Administrative Expense": 16041000.0,
        "Insurance And Claims": 557000.0,
        "Salaries And Wages": 15484000.0,
        "Total Revenue": 29940000.0,
        "Operating Revenue": 29940000.0
    },
    "2022-12-31": {
        "Tax Effect Of Unusual Items": 0.0,
        "Tax Rate For Calcs": 0.136181,
        "Net Income From Continuing Operation Net Minority Interest": 8595000.0,
        "Reconciled Depreciation": 1067000.0,
        "Net Interest Income": 27076000.0,
        "Interest Expense": 2431000.0,
        "Interest Income": 29507000.0,
        "Normalized Income": 8595000.0,
        "Net Income From Continuing And Discontinued Operation": 8595000.0,
        "Diluted NI Availto Com Stockholders": 8595000.0,
        "Net Income Common Stockholders": 8595000.0,
        "Net Income": 8595000.0,
        "Net Income Including Noncontrolling Interests": 8595000.0,
        "Net Income Continuous Operations": 8595000.0,
        "Tax Provision": 1355000.0,
        "Pretax Income": 9950000.0,
        "Gain On Sale Of Security": 237000.0,
        "Depreciation Amortization Depletion Income Statement": 6000.0,
        "Depreciation And Amortization In Income Statement": 6000.0,
        "Amortization": 6000.0,
        "Amortization Of Intangibles Income Statement": 6000.0,
        "Selling General And Administration": 8948000.0,
        "Selling And Marketing Expense": 984000.0,
        "General And Administrative Expense": 7964000.0,
        "Insurance And Claims": 427000.0,
        "Salaries And Wages": 14155000.0,
        "Total Revenue": 34063000.0,
        "Operating Revenue": 34063000.0
    },
    "2022-09-30": {
        "Tax Effect Of Unusual Items": 0.0,
        "Tax Rate For Calcs": 0.224,
        "Net Income From Continuing Operation Net Minority Interest": 10125000.0,
        "Reconciled Depreciation": 7000.0,
        "Net Interest Income": 26311000.0,
        "Interest Expense": 1248000.0,
        "Interest Income": 27559000.0,
        "Normalized Income": 10125000.0,
        "Net Income From Continuing And Discontinued Operation": 10125000.0,
        "Diluted Average Shares": 5740494.0,
        "Basic Average Shares": 5681089.0,
        "Diluted EPS": 1.76,
        "Basic EPS": 1.77,
        "Diluted NI Availto Com Stockholders": 10125000.0,
        "Net Income Common Stockholders": 10125000.0,
        "Net Income": 10125000.0,
        "Net Income Including Noncontrolling Interests": 10125000.0,
        "Net Income Continuous Operations": 10125000.0,
        "Tax Provision": 2925000.0,
        "Pretax Income": 13050000.0,
        "Gain On Sale Of Security": 33000.0,
        "Depreciation Amortization Depletion Income Statement": 7000.0,
        "Depreciation And Amortization In Income Statement": 7000.0,
        "Amortization": 7000.0,
        "Amortization Of Intangibles Income Statement": 7000.0,
        "Selling General And Administration": 17894000.0,
        "Selling And Marketing Expense": 524000.0,
        "General And Administrative Expense": 17370000.0,
        "Other Gand A": 2315000.0,
        "Insurance And Claims": 545000.0,
        "Salaries And Wages": 14510000.0,
        "Total Revenue": 34983000.0,
        "Operating Revenue": 34983000.0
    },
    "2022-06-30": {
        "Tax Effect Of Unusual Items": 0.0,
        "Tax Rate For Calcs": 0.241,
        "Net Income From Continuing Operation Net Minority Interest": 4795000.0,
        "Reconciled Depreciation": 6000.0,
        "Net Interest Income": 22212000.0,
        "Interest Expense": 780000.0,
        "Interest Income": 22992000.0,
        "Normalized Income": 4795000.0,
        "Net Income From Continuing And Discontinued Operation": 4795000.0,
        "Diluted Average Shares": 5805870.0,
        "Basic Average Shares": 5750873.0,
        "Diluted EPS": 0.83,
        "Basic EPS": 0.83,
        "Diluted NI Availto Com Stockholders": 4795000.0,
        "Net Income Common Stockholders": 4795000.0,
        "Net Income": 4795000.0,
        "Net Income Including Noncontrolling Interests": 4795000.0,
        "Net Income Continuous Operations": 4795000.0,
        "Tax Provision": 1523000.0,
        "Pretax Income": 6318000.0,
        "Gain On Sale Of Security": -810000.0,
        "Depreciation Amortization Depletion Income Statement": 6000.0,
        "Depreciation And Amortization In Income Statement": 6000.0,
        "Amortization": 6000.0,
        "Amortization Of Intangibles Income Statement": 6000.0,
        "Selling General And Administration": 19042000.0,
        "Selling And Marketing Expense": 814000.0,
        "General And Administrative Expense": 18228000.0,
        "Other Gand A": 2311000.0,
        "Insurance And Claims": 516000.0,
        "Salaries And Wages": 15401000.0,
        "Total Revenue": 30019000.0,
        "Operating Revenue": 30019000.0
    },
    "2022-03-31": {
        "Diluted EPS": 1.2,
        "Total Revenue": 31,
        "Gross Profit": 30,
        "Operating Income": 9,
        "EBIT": NaN,
        "Net Income": 7
    },
    "2021-12-31": {
        "Diluted EPS": 1.31,
        "Total Revenue": 32,
        "Gross Profit": 31,
        "Operating Income": 9,
        "EBIT": NaN,
        "Net Income": 8
    },
    "2021-09-30": {
        "Diluted EPS": 1.42,
        "Total Revenue": 34,
        "Gross Profit": 33,
        "Operating Income": 12,
        "EBIT": NaN,
        "Net Income": 9
    },
    "2021-06-30": {
        "Diluted EPS": 1.33,
        "Total Revenue": 34,
        "Gross Profit": 33,
        "Operating Income": 11,
        "EBIT": NaN,
        "Net Income": 8
    },
    "2021-03-31": {
        "Diluted EPS": 1.94,
        "Total Revenue": 36,
        "Gross Profit": 35,
        "Operating Income": 16,
        "EBIT": NaN,
        "Net Income": 12
    },
    "2020-12-31": {
        "Diluted EPS": 1.59,
        "Total Revenue": 38,
        "Gross Profit": 37,
        "Operating Income": 13,
        "EBIT": NaN,
        "Net Income": 10
    },
    "2020-09-30": {
        "Diluted EPS": 1.84,
        "Total Revenue": 41,
        "Gross Profit": 40,
        "Operating Income": 16,
        "EBIT": NaN,
        "Net Income": 12
    },
    "2020-06-30": {
        "Diluted EPS": 1.52,
        "Total Revenue": 37,
        "Gross Profit": 35,
        "Operating Income": 12,
        "EBIT": NaN,
        "Net Income": 10
    },
    "2020-03-31": {
        "Diluted EPS": 0.16,
        "Total Revenue": 24,
        "Gross Profit": 22,
        "Operating Income": 1,
        "EBIT": NaN,
        "Net Income": 1
    },
    "2019-12-31": {
        "Diluted EPS": 0.69,
        "Total Revenue": 28,
        "Gross Profit": 26,
        "Operating Income": 6,
        "EBIT": NaN,
        "Net Income": 5
    },
    "2019-09-30": {
        "Diluted EPS": 1.11,
        "Total Revenue": 28,
        "Gross Profit": 27,
        "Operating Income": 10,
        "EBIT": NaN,
        "Net Income": 8
    },
    "2019-06-30": {
        "Diluted EPS": 0.62,
        "Total Revenue": 27,
        "Gross Profit": 26,
        "Operating Income": 5,
        "EBIT": NaN,
        "Net Income": 4
    },
    "2019-03-31": {
        "Diluted EPS": 0.62,
        "Total Revenue": 24,
        "Gross Profit": 23,
        "Operating Income": 5,
        "EBIT": NaN,
        "Net Income": 4
    },
    "2018-12-31": {
        "Diluted EPS": 0.69,
        "Total Revenue": 25,
        "Gross Profit": 24,
        "Operating Income": 6,
        "EBIT": NaN,
        "Net Income": 5
    },
    "2018-09-30": {
        "Diluted EPS": 0.75,
        "Total Revenue": 25,
        "Gross Profit": 24,
        "Operating Income": 7,
        "EBIT": NaN,
        "Net Income": 5
    },
    "2018-06-30": {
        "Diluted EPS": 0.84,
        "Total Revenue": 24,
        "Gross Profit": 23,
        "Operating Income": 7,
        "EBIT": NaN,
        "Net Income": 6
    },
    "2018-03-31": {
        "Diluted EPS": 0.58,
        "Total Revenue": 22,
        "Gross Profit": 22,
        "Operating Income": 5,
        "EBIT": NaN,
        "Net Income": 4
    },
    "2017-12-31": {
        "Diluted EPS": 0.03,
        "Total Revenue": 23,
        "Gross Profit": 23,
        "Operating Income": 5,
        "EBIT": NaN,
        "Net Income": 0
    },
    "2017-09-30": {
        "Diluted EPS": 0.79,
        "Total Revenue": 29,
        "Gross Profit": 29,
        "Operating Income": 9,
        "EBIT": NaN,
        "Net Income": 6
    },
    "2017-06-30": {
        "Diluted EPS": 0.51,
        "Total Revenue": 25,
        "Gross Profit": 24,
        "Operating Income": 5,
        "EBIT": NaN,
        "Net Income": 4
    },
    "2017-03-31": {
        "Diluted EPS": 0.55,
        "Total Revenue": 23,
        "Gross Profit": 23,
        "Operating Income": 6,
        "EBIT": NaN,
        "Net Income": 4
    },
    "2016-12-31": {
        "Diluted EPS": 0.51,
        "Total Revenue": 25,
        "Gross Profit": 24,
        "Operating Income": 5,
        "EBIT": NaN,
        "Net Income": 4
    },
    "2016-09-30": {
        "Diluted EPS": 0.44,
        "Total Revenue": 27,
        "Gross Profit": 26,
        "Operating Income": 4,
        "EBIT": NaN,
        "Net Income": 3
    },
    "2016-06-30": {
        "Diluted EPS": 0.63,
        "Total Revenue": 27,
        "Gross Profit": 26,
        "Operating Income": 6,
        "EBIT": NaN,
        "Net Income": 4
    },
    "2016-03-31": {
        "Diluted EPS": 0.48,
        "Total Revenue": 24,
        "Gross Profit": 23,
        "Operating Income": 5,
        "EBIT": NaN,
        "Net Income": 3
    },
    "2015-12-31": {
        "Diluted EPS": 0.59,
        "Total Revenue": 25,
        "Gross Profit": 25,
        "Operating Income": 6,
        "EBIT": NaN,
        "Net Income": 4
    },
    "2015-09-30": {
        "Diluted EPS": 0.77,
        "Total Revenue": 28,
        "Gross Profit": 27,
        "Operating Income": 8,
        "EBIT": NaN,
        "Net Income": 5
    },
    "2015-06-30": {
        "Diluted EPS": 0.69,
        "Total Revenue": 27,
        "Gross Profit": 26,
        "Operating Income": 8,
        "EBIT": NaN,
        "Net Income": 5
    },
    "2015-03-31": {
        "Diluted EPS": 0.51,
        "Total Revenue": 25,
        "Gross Profit": 24,
        "Operating Income": 5,
        "EBIT": NaN,
        "Net Income": 4
    },
    "2014-12-31": {
        "Diluted EPS": 0.98,
        "Total Revenue": 23,
        "Gross Profit": 22,
        "Operating Income": 9,
        "EBIT": NaN,
        "Net Income": 7
    },
    "2014-09-30": {
        "Diluted EPS": 0.53,
        "Total Revenue": 19,
        "Gross Profit": 19,
        "Operating Income": 7,
        "EBIT": NaN,
        "Net Income": 4
    },
    "2014-06-30": {
        "Diluted EPS": 0.63,
        "Total Revenue": 18,
        "Gross Profit": 18,
        "Operating Income": 7,
        "EBIT": NaN,
        "Net Income": 4
    },
    "2014-03-31": {
        "Diluted EPS": 0.4,
        "Total Revenue": 14,
        "Gross Profit": 14,
        "Operating Income": 4,
        "EBIT": NaN,
        "Net Income": 3
    },
    "2013-12-31": {
        "Diluted EPS": 0.4,
        "Total Revenue": 15,
        "Gross Profit": 14,
        "Operating Income": 5,
        "EBIT": NaN,
        "Net Income": 3
    },
    "2013-09-30": {
        "Diluted EPS": 0.53,
        "Total Revenue": 15,
        "Gross Profit": 14,
        "Operating Income": 5,
        "EBIT": NaN,
        "Net Income": 3
    },
    "2013-06-30": {
        "Diluted EPS": 0.53,
        "Total Revenue": 15,
        "Gross Profit": 15,
        "Operating Income": 5,
        "EBIT": NaN,
        "Net Income": 3
    },
    "2013-03-31": {
        "Diluted EPS": 0.41,
        "Total Revenue": 14,
        "Gross Profit": 14,
        "Operating Income": 4,
        "EBIT": NaN,
        "Net Income": 3
    },
    "2012-12-31": {
        "Diluted EPS": 0.48,
        "Total Revenue": 16,
        "Gross Profit": 15,
        "Operating Income": 5,
        "EBIT": NaN,
        "Net Income": 3
    },
    "2012-09-30": {
        "Diluted EPS": 0.62,
        "Total Revenue": 15,
        "Gross Profit": 15,
        "Operating Income": 6,
        "EBIT": NaN,
        "Net Income": 4
    },
    "2012-06-30": {
        "Diluted EPS": 0.48,
        "Total Revenue": 15,
        "Gross Profit": 14,
        "Operating Income": 5,
        "EBIT": NaN,
        "Net Income": 3
    },
    "2012-03-31": {
        "Diluted EPS": 0.39,
        "Total Revenue": 14,
        "Gross Profit": 14,
        "Operating Income": 4,
        "EBIT": NaN,
        "Net Income": 3
    },
    "2011-12-31": {
        "Diluted EPS": 0.5,
        "Total Revenue": 15,
        "Gross Profit": 15,
        "Operating Income": 5,
        "EBIT": NaN,
        "Net Income": 3
    },
    "2011-09-30": {
        "Diluted EPS": 0.38,
        "Total Revenue": 15,
        "Gross Profit": 14,
        "Operating Income": 4,
        "EBIT": NaN,
        "Net Income": 3
    },
    "2011-06-30": {
        "Diluted EPS": 0.49,
        "Total Revenue": 15,
        "Gross Profit": 14,
        "Operating Income": 5,
        "EBIT": NaN,
        "Net Income": 3
    },
    "2011-03-31": {
        "Diluted EPS": 0.37,
        "Total Revenue": 14,
        "Gross Profit": 13,
        "Operating Income": 4,
        "EBIT": NaN,
        "Net Income": 2
    },
    "2010-12-31": {
        "Diluted EPS": 0.29,
        "Total Revenue": 15,
        "Gross Profit": 14,
        "Operating Income": 2,
        "EBIT": NaN,
        "Net Income": 2
    },
    "2010-09-30": {
        "Diluted EPS": 0.49,
        "Total Revenue": 15,
        "Gross Profit": 14,
        "Operating Income": 5,
        "EBIT": NaN,
        "Net Income": 3
    },
    "2010-06-30": {
        "Diluted EPS": 0.33,
        "Total Revenue": 16,
        "Gross Profit": 14,
        "Operating Income": 4,
        "EBIT": NaN,
        "Net Income": 2
    },
    "2010-03-31": {
        "Diluted EPS": 0.29,
        "Total Revenue": 15,
        "Gross Profit": 14,
        "Operating Income": 3,
        "EBIT": NaN,
        "Net Income": 2
    },
    "2009-12-31": {
        "Diluted EPS": 0.3,
        "Total Revenue": 16,
        "Gross Profit": 14,
        "Operating Income": 3,
        "EBIT": NaN,
        "Net Income": 2
    },
    "2009-09-30": {
        "Diluted EPS": 0.3,
        "Total Revenue": 17,
        "Gross Profit": 15,
        "Operating Income": 3,
        "EBIT": NaN,
        "Net Income": 2
    },
    "2009-06-30": {
        "Diluted EPS": 0.29,
        "Total Revenue": 17,
        "Gross Profit": 15,
        "Operating Income": 3,
        "EBIT": NaN,
        "Net Income": 2
    },
    "2009-03-31": {
        "Diluted EPS": 0.31,
        "Total Revenue": 17,
        "Gross Profit": 15,
        "Operating Income": 3,
        "EBIT": NaN,
        "Net Income": 2
    },
    "2023-09-30": {
        "Tax Effect Of Unusual Items": 0.0,
        "Tax Rate For Calcs": 0.1843,
        "Net Income From Continuing Operation Net Minority Interest": 8374000.0,
        "Reconciled Depreciation": 1147000.0,
        "Net Interest Income": 26108000.0,
        "Interest Expense": 8058000.0,
        "Interest Income": 34166000.0,
        "Normalized Income": 8374000.0,
        "Net Income From Continuing And Discontinued Operation": 8374000.0,
        "Diluted NI Availto Com Stockholders": 8374000.0,
        "Net Income Common Stockholders": 8374000.0,
        "Net Income": 8374000.0,
        "Net Income Including Noncontrolling Interests": 8374000.0,
        "Net Income Continuous Operations": 8374000.0,
        "Tax Provision": 1892000.0,
        "Pretax Income": 10266000.0,
        "Gain On Sale Of Security": 12000.0,
        "Depreciation Amortization Depletion Income Statement": 4000.0,
        "Depreciation And Amortization In Income Statement": 4000.0,
        "Amortization": 4000.0,
        "Amortization Of Intangibles Income Statement": 4000.0,
        "Selling General And Administration": 16796000.0,
        "Selling And Marketing Expense": 499000.0,
        "General And Administrative Expense": 16297000.0,
        "Insurance And Claims": 640000.0,
        "Salaries And Wages": 15657000.0,
        "Total Revenue": 34352000.0,
        "Operating Revenue": 34352000.0
    }
}