{
    "2023-03-31": {
        "Tax Effect Of Unusual Items": NaN,
        "Tax Rate For Calcs": NaN,
        "Normalized EBITDA": NaN,
        "Net Income From Continuing Operation Net Minority Interest": NaN,
        "EBITDA": NaN,
        "EBIT": NaN,
        "Net Interest Income": NaN,
        "Interest Expense": NaN,
        "Interest Income": 67000.0,
        "Normalized Income": NaN,
        "Net Income From Continuing And Discontinued Operation": NaN,
        "Total Expenses": NaN,
        "Total Operating Income As Reported": NaN,
        "Diluted Average Shares": 11785603.0,
        "Basic Average Shares": 11785603.0,
        "Diluted EPS": -0.25,
        "Basic EPS": -0.25,
        "Diluted NI Availto Com Stockholders": NaN,
        "Net Income Common Stockholders": NaN,
        "Net Income": NaN,
        "Net Income Including Noncontrolling Interests": NaN,
        "Net Income Continuous Operations": NaN,
        "Pretax Income": NaN,
        "Net Non Operating Interest Income Expense": NaN,
        "Interest Expense Non Operating": NaN,
        "Interest Income Non Operating": 67000.0,
        "Operating Income": NaN,
        "Operating Expense": NaN,
        "Research And Development": NaN,
        "Selling General And Administration": NaN,
        "General And Administrative Expense": NaN,
        "Other Gand A": NaN,
        "Total Revenue": NaN,
        "Operating Revenue": NaN
    },
    "2022-12-31": {
        "Tax Effect Of Unusual Items": NaN,
        "Tax Rate For Calcs": NaN,
        "Normalized EBITDA": NaN,
        "Net Income From Continuing Operation Net Minority Interest": NaN,
        "EBITDA": NaN,
        "EBIT": NaN,
        "Net Interest Income": NaN,
        "Interest Expense": NaN,
        "Interest Income": -960000.0,
        "Normalized Income": NaN,
        "Net Income From Continuing And Discontinued Operation": NaN,
        "Total Expenses": NaN,
        "Total Operating Income As Reported": NaN,
        "Diluted Average Shares": NaN,
        "Basic Average Shares": NaN,
        "Diluted EPS": NaN,
        "Basic EPS": NaN,
        "Diluted NI Availto Com Stockholders": NaN,
        "Net Income Common Stockholders": NaN,
        "Net Income": NaN,
        "Net Income Including Noncontrolling Interests": NaN,
        "Net Income Continuous Operations": NaN,
        "Pretax Income": NaN,
        "Net Non Operating Interest Income Expense": NaN,
        "Interest Expense Non Operating": NaN,
        "Interest Income Non Operating": -960000.0,
        "Operating Income": NaN,
        "Operating Expense": NaN,
        "Research And Development": NaN,
        "Selling General And Administration": NaN,
        "General And Administrative Expense": NaN,
        "Other Gand A": NaN,
        "Total Revenue": NaN,
        "Operating Revenue": NaN
    },
    "2022-09-30": {
        "Tax Effect Of Unusual Items": NaN,
        "Tax Rate For Calcs": NaN,
        "Normalized EBITDA": NaN,
        "Net Income From Continuing Operation Net Minority Interest": NaN,
        "EBITDA": NaN,
        "EBIT": NaN,
        "Net Interest Income": NaN,
        "Interest Expense": NaN,
        "Interest Income": 335000.0,
        "Normalized Income": NaN,
        "Net Income From Continuing And Discontinued Operation": NaN,
        "Total Expenses": NaN,
        "Total Operating Income As Reported": NaN,
        "Diluted Average Shares": NaN,
        "Basic Average Shares": NaN,
        "Diluted EPS": NaN,
        "Basic EPS": NaN,
        "Diluted NI Availto Com Stockholders": NaN,
        "Net Income Common Stockholders": NaN,
        "Net Income": NaN,
        "Net Income Including Noncontrolling Interests": NaN,
        "Net Income Continuous Operations": NaN,
        "Pretax Income": NaN,
        "Net Non Operating Interest Income Expense": NaN,
        "Interest Expense Non Operating": NaN,
        "Interest Income Non Operating": 335000.0,
        "Operating Income": NaN,
        "Operating Expense": NaN,
        "Research And Development": NaN,
        "Selling General And Administration": NaN,
        "General And Administrative Expense": NaN,
        "Other Gand A": NaN,
        "Total Revenue": NaN,
        "Operating Revenue": NaN
    },
    "2022-06-30": {
        "Tax Effect Of Unusual Items": 0.0,
        "Tax Rate For Calcs": 0.0,
        "Normalized EBITDA": -3446000.0,
        "Net Income From Continuing Operation Net Minority Interest": -3481000.0,
        "EBITDA": -3446000.0,
        "EBIT": -3446000.0,
        "Net Interest Income": 109000.0,
        "Interest Expense": 35000.0,
        "Interest Income": 144000.0,
        "Normalized Income": -3481000.0,
        "Net Income From Continuing And Discontinued Operation": -3481000.0,
        "Total Expenses": 3590000.0,
        "Total Operating Income As Reported": -3590000.0,
        "Diluted Average Shares": 11276902.0,
        "Basic Average Shares": 11276902.0,
        "Diluted EPS": -0.31,
        "Basic EPS": -0.31,
        "Diluted NI Availto Com Stockholders": -3481000.0,
        "Net Income Common Stockholders": -3481000.0,
        "Net Income": -3481000.0,
        "Net Income Including Noncontrolling Interests": -3481000.0,
        "Net Income Continuous Operations": -3481000.0,
        "Pretax Income": -3481000.0,
        "Net Non Operating Interest Income Expense": 109000.0,
        "Interest Expense Non Operating": 35000.0,
        "Interest Income Non Operating": 144000.0,
        "Operating Income": -3590000.0,
        "Operating Expense": 3590000.0,
        "Research And Development": 1870000.0,
        "Selling General And Administration": 1720000.0,
        "General And Administrative Expense": 1720000.0,
        "Other Gand A": -1284000.0,
        "Total Revenue": 0.0,
        "Operating Revenue": 0.0
    },
    "2022-03-31": {
        "Diluted EPS": -0.24,
        "Total Revenue": NaN,
        "Gross Profit": NaN,
        "Operating Income": -3,
        "EBIT": -3,
        "Net Income": -3
    },
    "2021-12-31": {
        "Diluted EPS": 0.0,
        "Total Revenue": NaN,
        "Gross Profit": NaN,
        "Operating Income": NaN,
        "EBIT": NaN,
        "Net Income": NaN
    },
    "2021-03-31": {
        "Diluted EPS": -0.38,
        "Total Revenue": NaN,
        "Gross Profit": NaN,
        "Operating Income": -2,
        "EBIT": -2,
        "Net Income": -2
    },
    "2020-12-31": {
        "Diluted EPS": 0.0,
        "Total Revenue": NaN,
        "Gross Profit": NaN,
        "Operating Income": NaN,
        "EBIT": NaN,
        "Net Income": NaN
    },
    "2019-12-31": {
        "Diluted EPS": 0.0,
        "Total Revenue": NaN,
        "Gross Profit": NaN,
        "Operating Income": NaN,
        "EBIT": NaN,
        "Net Income": NaN
    },
    "2023-06-30": {
        "Tax Effect Of Unusual Items": NaN,
        "Tax Rate For Calcs": NaN,
        "Normalized EBITDA": NaN,
        "Net Income From Continuing Operation Net Minority Interest": NaN,
        "EBITDA": NaN,
        "EBIT": NaN,
        "Net Interest Income": NaN,
        "Interest Expense": -304000.0,
        "Interest Income": NaN,
        "Normalized Income": NaN,
        "Net Income From Continuing And Discontinued Operation": NaN,
        "Total Expenses": NaN,
        "Total Operating Income As Reported": NaN,
        "Diluted Average Shares": NaN,
        "Basic Average Shares": NaN,
        "Diluted EPS": NaN,
        "Basic EPS": NaN,
        "Diluted NI Availto Com Stockholders": NaN,
        "Net Income Common Stockholders": NaN,
        "Net Income": NaN,
        "Net Income Including Noncontrolling Interests": NaN,
        "Net Income Continuous Operations": NaN,
        "Pretax Income": NaN,
        "Net Non Operating Interest Income Expense": NaN,
        "Interest Expense Non Operating": -304000.0,
        "Interest Income Non Operating": NaN,
        "Operating Income": NaN,
        "Operating Expense": NaN,
        "Research And Development": NaN,
        "Selling General And Administration": NaN,
        "General And Administrative Expense": NaN,
        "Other Gand A": NaN,
        "Total Revenue": NaN,
        "Operating Revenue": NaN
    },
    "2023-09-30": {
        "Tax Effect Of Unusual Items": 0.0,
        "Tax Rate For Calcs": 0.23,
        "Normalized EBITDA": 2986000.0,
        "Net Income From Continuing Operation Net Minority Interest": 784000.0,
        "EBITDA": 2986000.0,
        "EBIT": 2986000.0,
        "Net Interest Income": 3790000.0,
        "Interest Expense": 2202000.0,
        "Interest Income": NaN,
        "Normalized Income": 784000.0,
        "Net Income From Continuing And Discontinued Operation": 784000.0,
        "Total Expenses": 2897000.0,
        "Total Operating Income As Reported": -2897000.0,
        "Diluted Average Shares": NaN,
        "Basic Average Shares": NaN,
        "Diluted EPS": NaN,
        "Basic EPS": NaN,
        "Diluted NI Availto Com Stockholders": 784000.0,
        "Net Income Common Stockholders": 784000.0,
        "Net Income": 784000.0,
        "Net Income Including Noncontrolling Interests": 784000.0,
        "Net Income Continuous Operations": 784000.0,
        "Pretax Income": 784000.0,
        "Net Non Operating Interest Income Expense": 3790000.0,
        "Interest Expense Non Operating": 2202000.0,
        "Interest Income Non Operating": NaN,
        "Operating Income": -2897000.0,
        "Operating Expense": 2897000.0,
        "Research And Development": 1625000.0,
        "Selling General And Administration": 1272000.0,
        "General And Administrative Expense": 1272000.0,
        "Other Gand A": 3509000.0,
        "Total Revenue": 0.0,
        "Operating Revenue": 0.0
    },
    "2023-12-31": {
        "Tax Effect Of Unusual Items": 0.0,
        "Tax Rate For Calcs": 0.0,
        "Normalized EBITDA": -5147000.0,
        "Net Income From Continuing Operation Net Minority Interest": -2950000.0,
        "EBITDA": -5147000.0,
        "EBIT": -5147000.0,
        "Net Interest Income": -2057000.0,
        "Interest Expense": -2197000.0,
        "Interest Income": -3715000.0,
        "Normalized Income": -2950000.0,
        "Net Income From Continuing And Discontinued Operation": -2950000.0,
        "Total Expenses": 3287000.0,
        "Total Operating Income As Reported": -3287000.0,
        "Diluted Average Shares": NaN,
        "Basic Average Shares": NaN,
        "Diluted EPS": NaN,
        "Basic EPS": NaN,
        "Diluted NI Availto Com Stockholders": -2950000.0,
        "Net Income Common Stockholders": -2950000.0,
        "Net Income": -2950000.0,
        "Net Income Including Noncontrolling Interests": -2950000.0,
        "Net Income Continuous Operations": -2950000.0,
        "Pretax Income": -2950000.0,
        "Net Non Operating Interest Income Expense": -2057000.0,
        "Interest Expense Non Operating": -2197000.0,
        "Interest Income Non Operating": -3715000.0,
        "Operating Income": -3287000.0,
        "Operating Expense": 3287000.0,
        "Research And Development": 1958000.0,
        "Selling General And Administration": 1329000.0,
        "General And Administrative Expense": 1329000.0,
        "Other Gand A": -2102000.0,
        "Total Revenue": 0.0,
        "Operating Revenue": 0.0
    },
    "2024-03-31": {
        "Tax Effect Of Unusual Items": 0.0,
        "Tax Rate For Calcs": 0.0,
        "Normalized EBITDA": -2994000.0,
        "Net Income From Continuing Operation Net Minority Interest": -5404000.0,
        "EBITDA": -2994000.0,
        "EBIT": -2994000.0,
        "Net Interest Income": -2410000.0,
        "Interest Expense": 2410000.0,
        "Interest Income": NaN,
        "Normalized Income": -5404000.0,
        "Net Income From Continuing And Discontinued Operation": -5404000.0,
        "Total Expenses": 2994000.0,
        "Total Operating Income As Reported": -2994000.0,
        "Diluted Average Shares": 15405253.0,
        "Basic Average Shares": 15405253.0,
        "Diluted EPS": -0.35,
        "Basic EPS": -0.35,
        "Diluted NI Availto Com Stockholders": -5404000.0,
        "Net Income Common Stockholders": -5404000.0,
        "Net Income": -5404000.0,
        "Net Income Including Noncontrolling Interests": -5404000.0,
        "Net Income Continuous Operations": -5404000.0,
        "Pretax Income": -5404000.0,
        "Net Non Operating Interest Income Expense": -2410000.0,
        "Interest Expense Non Operating": 2410000.0,
        "Interest Income Non Operating": NaN,
        "Operating Income": -2994000.0,
        "Operating Expense": 2994000.0,
        "Research And Development": 1882000.0,
        "Selling General And Administration": 1112000.0,
        "General And Administrative Expense": 1112000.0,
        "Other Gand A": 1112000.0,
        "Total Revenue": 0.0,
        "Operating Revenue": 0.0
    },
    "2024-06-30": {
        "Tax Effect Of Unusual Items": 0.0,
        "Tax Rate For Calcs": 0.0,
        "Normalized EBITDA": -3030000.0,
        "Net Income From Continuing Operation Net Minority Interest": -857000.0,
        "EBITDA": -3030000.0,
        "EBIT": -3030000.0,
        "Net Interest Income": 2173000.0,
        "Interest Expense": -2173000.0,
        "Interest Income": NaN,
        "Normalized Income": -857000.0,
        "Net Income From Continuing And Discontinued Operation": -857000.0,
        "Total Expenses": 3030000.0,
        "Total Operating Income As Reported": -3030000.0,
        "Diluted Average Shares": NaN,
        "Basic Average Shares": NaN,
        "Diluted EPS": NaN,
        "Basic EPS": NaN,
        "Diluted NI Availto Com Stockholders": -857000.0,
        "Net Income Common Stockholders": -857000.0,
        "Net Income": -857000.0,
        "Net Income Including Noncontrolling Interests": -857000.0,
        "Net Income Continuous Operations": -857000.0,
        "Pretax Income": -857000.0,
        "Net Non Operating Interest Income Expense": 2173000.0,
        "Interest Expense Non Operating": -2173000.0,
        "Interest Income Non Operating": NaN,
        "Operating Income": -3030000.0,
        "Operating Expense": 3030000.0,
        "Research And Development": 1569000.0,
        "Selling General And Administration": 1461000.0,
        "General And Administrative Expense": 1461000.0,
        "Other Gand A": 1461000.0,
        "Total Revenue": 0.0,
        "Operating Revenue": 0.0
    },
    "2024-09-30": {
        "Tax Effect Of Unusual Items": 0.0,
        "Tax Rate For Calcs": 0.0,
        "Normalized EBITDA": -2107000.0,
        "Net Income From Continuing Operation Net Minority Interest": -2148000.0,
        "EBITDA": -2107000.0,
        "EBIT": -2107000.0,
        "Net Interest Income": -41000.0,
        "Interest Expense": NaN,
        "Interest Income": NaN,
        "Normalized Income": -2148000.0,
        "Net Income From Continuing And Discontinued Operation": -2148000.0,
        "Total Expenses": 2107000.0,
        "Total Operating Income As Reported": -2107000.0,
        "Diluted Average Shares": NaN,
        "Basic Average Shares": NaN,
        "Diluted EPS": NaN,
        "Basic EPS": NaN,
        "Diluted NI Availto Com Stockholders": -2148000.0,
        "Net Income Common Stockholders": -2148000.0,
        "Net Income": -2148000.0,
        "Net Income Including Noncontrolling Interests": -2148000.0,
        "Net Income Continuous Operations": -2148000.0,
        "Pretax Income": -2148000.0,
        "Net Non Operating Interest Income Expense": -41000.0,
        "Interest Expense Non Operating": NaN,
        "Interest Income Non Operating": NaN,
        "Operating Income": -2107000.0,
        "Operating Expense": 2107000.0,
        "Research And Development": 1161000.0,
        "Selling General And Administration": 946000.0,
        "General And Administrative Expense": 946000.0,
        "Other Gand A": 946000.0,
        "Total Revenue": 0.0,
        "Operating Revenue": 0.0
    }
}