{
    "2023-03-31": {
        "Tax Effect Of Unusual Items": 0.0,
        "Tax Rate For Calcs": 0.4,
        "Normalized EBITDA": -39272000.0,
        "Net Income From Continuing Operation Net Minority Interest": -41238000.0,
        "Reconciled Depreciation": 3536000.0,
        "Reconciled Cost Of Revenue": 22871000.0,
        "EBITDA": -39272000.0,
        "EBIT": -39272000.0,
        "Net Interest Income": -606000.0,
        "Interest Expense": 1891000.0,
        "Interest Income": 1285000.0,
        "Normalized Income": -41238000.0,
        "Net Income From Continuing And Discontinued Operation": -41238000.0,
        "Total Expenses": 76355000.0,
        "Total Operating Income As Reported": -40550000.0,
        "Diluted Average Shares": 46936000.0,
        "Basic Average Shares": 46936000.0,
        "Diluted EPS": -0.88,
        "Basic EPS": -0.88,
        "Diluted NI Availto Com Stockholders": -41238000.0,
        "Net Income Common Stockholders": -41238000.0,
        "Net Income": -41238000.0,
        "Net Income Including Noncontrolling Interests": -41238000.0,
        "Net Income Continuous Operations": -41238000.0,
        "Tax Provision": 75000.0,
        "Pretax Income": -41163000.0,
        "Other Income Expense": -7000.0,
        "Other Non Operating Income Expenses": -7000.0,
        "Net Non Operating Interest Income Expense": -606000.0,
        "Interest Expense Non Operating": 1891000.0,
        "Interest Income Non Operating": 1285000.0,
        "Operating Income": -40550000.0,
        "Operating Expense": 53484000.0,
        "Research And Development": 16118000.0,
        "Selling General And Administration": 37366000.0,
        "Gross Profit": 12934000.0,
        "Cost Of Revenue": 22871000.0,
        "Total Revenue": 35805000.0,
        "Operating Revenue": 35805000.0
    },
    "2022-12-31": {
        "Tax Effect Of Unusual Items": 0.0,
        "Tax Rate For Calcs": 0.000113,
        "Normalized EBITDA": -42234000.0,
        "Net Income From Continuing Operation Net Minority Interest": -44114000.0,
        "Reconciled Depreciation": 2965000.0,
        "Reconciled Cost Of Revenue": 21122000.0,
        "EBITDA": -42234000.0,
        "EBIT": -42234000.0,
        "Net Interest Income": -807000.0,
        "Interest Expense": 1885000.0,
        "Interest Income": 1078000.0,
        "Normalized Income": -44114000.0,
        "Net Income From Continuing And Discontinued Operation": -44114000.0,
        "Total Expenses": 77103000.0,
        "Total Operating Income As Reported": -42681000.0,
        "Diluted Average Shares": 46663000.0,
        "Basic Average Shares": 46663000.0,
        "Diluted EPS": -0.95,
        "Basic EPS": -0.95,
        "Diluted NI Availto Com Stockholders": -44114000.0,
        "Net Income Common Stockholders": -44114000.0,
        "Net Income": -44114000.0,
        "Net Income Including Noncontrolling Interests": -44114000.0,
        "Net Income Continuous Operations": -44114000.0,
        "Tax Provision": -5000.0,
        "Pretax Income": -44119000.0,
        "Other Income Expense": -631000.0,
        "Other Non Operating Income Expenses": -631000.0,
        "Net Non Operating Interest Income Expense": -807000.0,
        "Interest Expense Non Operating": 1885000.0,
        "Interest Income Non Operating": 1078000.0,
        "Operating Income": -42681000.0,
        "Operating Expense": 55981000.0,
        "Research And Development": 19086000.0,
        "Selling General And Administration": 36895000.0,
        "Gross Profit": 13300000.0,
        "Cost Of Revenue": 21122000.0,
        "Total Revenue": 34422000.0,
        "Operating Revenue": 34422000.0
    },
    "2022-09-30": {
        "Tax Effect Of Unusual Items": 0.0,
        "Tax Rate For Calcs": 0.4,
        "Normalized EBITDA": -33099000.0,
        "Net Income From Continuing Operation Net Minority Interest": -36690000.0,
        "Reconciled Depreciation": 1647000.0,
        "Reconciled Cost Of Revenue": 13723000.0,
        "EBITDA": -33099000.0,
        "EBIT": -34746000.0,
        "Net Interest Income": -1113000.0,
        "Interest Expense": 1887000.0,
        "Interest Income": 774000.0,
        "Normalized Income": -36690000.0,
        "Net Income From Continuing And Discontinued Operation": -36690000.0,
        "Total Expenses": 64482000.0,
        "Total Operating Income As Reported": -34941000.0,
        "Diluted Average Shares": 46529000.0,
        "Basic Average Shares": 46529000.0,
        "Diluted EPS": -0.79,
        "Basic EPS": -0.79,
        "Diluted NI Availto Com Stockholders": -36690000.0,
        "Net Income Common Stockholders": -36690000.0,
        "Net Income": -36690000.0,
        "Net Income Including Noncontrolling Interests": -36690000.0,
        "Net Income Continuous Operations": -36690000.0,
        "Tax Provision": 57000.0,
        "Pretax Income": -36633000.0,
        "Other Income Expense": -579000.0,
        "Other Non Operating Income Expenses": -579000.0,
        "Net Non Operating Interest Income Expense": -1113000.0,
        "Interest Expense Non Operating": 1887000.0,
        "Interest Income Non Operating": 774000.0,
        "Operating Income": -34941000.0,
        "Operating Expense": 50759000.0,
        "Research And Development": 16992000.0,
        "Selling General And Administration": 33767000.0,
        "Gross Profit": 15818000.0,
        "Cost Of Revenue": 13723000.0,
        "Total Revenue": 29541000.0,
        "Operating Revenue": 29541000.0
    },
    "2022-06-30": {
        "Tax Effect Of Unusual Items": 0.0,
        "Tax Rate For Calcs": 0.4,
        "Normalized EBITDA": -35214000.0,
        "Net Income From Continuing Operation Net Minority Interest": -39239000.0,
        "Reconciled Depreciation": 1961000.0,
        "Reconciled Cost Of Revenue": 15852000.0,
        "EBITDA": -35214000.0,
        "EBIT": -37175000.0,
        "Net Interest Income": -1474000.0,
        "Interest Expense": 1880000.0,
        "Interest Income": 406000.0,
        "Normalized Income": -39239000.0,
        "Net Income From Continuing And Discontinued Operation": -39239000.0,
        "Total Expenses": 69310000.0,
        "Total Operating Income As Reported": -37091000.0,
        "Diluted Average Shares": 46427000.0,
        "Basic Average Shares": 46427000.0,
        "Diluted EPS": -0.85,
        "Basic EPS": -0.85,
        "Diluted NI Availto Com Stockholders": -39239000.0,
        "Net Income Common Stockholders": -39239000.0,
        "Net Income": -39239000.0,
        "Net Income Including Noncontrolling Interests": -39239000.0,
        "Net Income Continuous Operations": -39239000.0,
        "Tax Provision": 184000.0,
        "Pretax Income": -39055000.0,
        "Other Income Expense": -490000.0,
        "Other Non Operating Income Expenses": -490000.0,
        "Net Non Operating Interest Income Expense": -1474000.0,
        "Interest Expense Non Operating": 1880000.0,
        "Interest Income Non Operating": 406000.0,
        "Operating Income": -37091000.0,
        "Operating Expense": 53458000.0,
        "Research And Development": 17346000.0,
        "Selling General And Administration": 36112000.0,
        "Gross Profit": 16367000.0,
        "Cost Of Revenue": 15852000.0,
        "Total Revenue": 32219000.0,
        "Operating Revenue": 32219000.0
    },
    "2023-06-30": {
        "Tax Effect Of Unusual Items": 0.0,
        "Tax Rate For Calcs": 0.4,
        "Normalized EBITDA": -41574000.0,
        "Net Income From Continuing Operation Net Minority Interest": -43668000.0,
        "Reconciled Depreciation": 3906000.0,
        "Reconciled Cost Of Revenue": 29757000.0,
        "EBITDA": -41574000.0,
        "EBIT": -41574000.0,
        "Net Interest Income": -362000.0,
        "Interest Expense": 1889000.0,
        "Interest Income": 1527000.0,
        "Normalized Income": -43668000.0,
        "Net Income From Continuing And Discontinued Operation": -43668000.0,
        "Total Expenses": 87047000.0,
        "Total Operating Income As Reported": -42890000.0,
        "Diluted Average Shares": 47365000.0,
        "Basic Average Shares": 47365000.0,
        "Diluted EPS": -0.92,
        "Basic EPS": -0.92,
        "Diluted NI Availto Com Stockholders": -43668000.0,
        "Net Income Common Stockholders": -43668000.0,
        "Net Income": -43668000.0,
        "Net Income Including Noncontrolling Interests": -43668000.0,
        "Net Income Continuous Operations": -43668000.0,
        "Tax Provision": 205000.0,
        "Pretax Income": -43463000.0,
        "Other Income Expense": -211000.0,
        "Other Non Operating Income Expenses": -211000.0,
        "Net Non Operating Interest Income Expense": -362000.0,
        "Interest Expense Non Operating": 1889000.0,
        "Interest Income Non Operating": 1527000.0,
        "Operating Income": -42890000.0,
        "Operating Expense": 57290000.0,
        "Research And Development": 18214000.0,
        "Selling General And Administration": 39076000.0,
        "Gross Profit": 14400000.0,
        "Cost Of Revenue": 29757000.0,
        "Total Revenue": 44157000.0,
        "Operating Revenue": 44157000.0
    },
    "2022-03-31": {
        "Diluted EPS": -0.86,
        "Total Revenue": 31,
        "Gross Profit": 16,
        "Operating Income": -37,
        "EBIT": -35,
        "Net Income": -40
    },
    "2021-12-31": {
        "Diluted EPS": -0.63,
        "Total Revenue": 42,
        "Gross Profit": 22,
        "Operating Income": -27,
        "EBIT": -25,
        "Net Income": -29
    },
    "2021-09-30": {
        "Diluted EPS": -0.69,
        "Total Revenue": 37,
        "Gross Profit": 20,
        "Operating Income": -29,
        "EBIT": -28,
        "Net Income": -31
    },
    "2021-06-30": {
        "Diluted EPS": -0.6,
        "Total Revenue": 34,
        "Gross Profit": 18,
        "Operating Income": -26,
        "EBIT": -26,
        "Net Income": -27
    },
    "2021-03-31": {
        "Diluted EPS": -0.62,
        "Total Revenue": 32,
        "Gross Profit": 16,
        "Operating Income": -26,
        "EBIT": -24,
        "Net Income": -28
    },
    "2020-12-31": {
        "Diluted EPS": -0.5,
        "Total Revenue": 36,
        "Gross Profit": 20,
        "Operating Income": -19,
        "EBIT": -15,
        "Net Income": -23
    },
    "2020-09-30": {
        "Diluted EPS": -0.56,
        "Total Revenue": 32,
        "Gross Profit": 18,
        "Operating Income": -18,
        "EBIT": -13,
        "Net Income": -21
    },
    "2020-06-30": {
        "Diluted EPS": -0.72,
        "Total Revenue": 23,
        "Gross Profit": 12,
        "Operating Income": -24,
        "EBIT": -20,
        "Net Income": -27
    },
    "2020-03-31": {
        "Diluted EPS": -1.04,
        "Total Revenue": 27,
        "Gross Profit": 16,
        "Operating Income": -28,
        "EBIT": -26,
        "Net Income": -39
    },
    "2019-12-31": {
        "Diluted EPS": 0.72,
        "Total Revenue": 37,
        "Gross Profit": 22,
        "Operating Income": -23,
        "EBIT": -21,
        "Net Income": 24
    },
    "2019-09-30": {
        "Diluted EPS": -0.64,
        "Total Revenue": 31,
        "Gross Profit": 20,
        "Operating Income": -21,
        "EBIT": -19,
        "Net Income": -23
    },
    "2019-06-30": {
        "Diluted EPS": -0.57,
        "Total Revenue": 30,
        "Gross Profit": 21,
        "Operating Income": -19,
        "EBIT": -17,
        "Net Income": -20
    },
    "2019-03-31": {
        "Diluted EPS": -0.69,
        "Total Revenue": 28,
        "Gross Profit": 19,
        "Operating Income": -20,
        "EBIT": -19,
        "Net Income": -22
    },
    "2018-12-31": {
        "Diluted EPS": -0.67,
        "Total Revenue": 30,
        "Gross Profit": 19,
        "Operating Income": -18,
        "EBIT": -16,
        "Net Income": -21
    },
    "2018-09-30": {
        "Diluted EPS": -0.56,
        "Total Revenue": 29,
        "Gross Profit": 19,
        "Operating Income": -15,
        "EBIT": -14,
        "Net Income": -16
    },
    "2018-06-30": {
        "Diluted EPS": -0.8,
        "Total Revenue": 25,
        "Gross Profit": 16,
        "Operating Income": -19,
        "EBIT": -18,
        "Net Income": -21
    },
    "2018-03-31": {
        "Diluted EPS": -0.75,
        "Total Revenue": 23,
        "Gross Profit": 15,
        "Operating Income": -18,
        "EBIT": -17,
        "Net Income": -19
    },
    "2017-12-31": {
        "Diluted EPS": -0.32,
        "Total Revenue": 35,
        "Gross Profit": 26,
        "Operating Income": -7,
        "EBIT": -6,
        "Net Income": -9
    },
    "2017-09-30": {
        "Diluted EPS": -0.45,
        "Total Revenue": 27,
        "Gross Profit": 20,
        "Operating Income": -10,
        "EBIT": -9,
        "Net Income": -11
    },
    "2017-06-30": {
        "Diluted EPS": -0.2,
        "Total Revenue": 35,
        "Gross Profit": 26,
        "Operating Income": -3,
        "EBIT": -2,
        "Net Income": -5
    },
    "2017-03-31": {
        "Diluted EPS": -0.87,
        "Total Revenue": 18,
        "Gross Profit": 11,
        "Operating Income": -17,
        "EBIT": -17,
        "Net Income": -19
    },
    "2016-12-31": {
        "Diluted EPS": -0.54,
        "Total Revenue": 25,
        "Gross Profit": 17,
        "Operating Income": -10,
        "EBIT": -9,
        "Net Income": -12
    },
    "2016-09-30": {
        "Diluted EPS": -0.51,
        "Total Revenue": 24,
        "Gross Profit": 16,
        "Operating Income": -8,
        "EBIT": -8,
        "Net Income": -10
    },
    "2016-06-30": {
        "Diluted EPS": -0.55,
        "Total Revenue": 23,
        "Gross Profit": 15,
        "Operating Income": -10,
        "EBIT": -9,
        "Net Income": -11
    },
    "2016-03-31": {
        "Diluted EPS": -0.74,
        "Total Revenue": 15,
        "Gross Profit": 9,
        "Operating Income": -13,
        "EBIT": -13,
        "Net Income": -15
    },
    "2015-12-31": {
        "Diluted EPS": -0.44,
        "Total Revenue": 22,
        "Gross Profit": 14,
        "Operating Income": -8,
        "EBIT": -7,
        "Net Income": -9
    },
    "2015-09-30": {
        "Diluted EPS": -0.49,
        "Total Revenue": 16,
        "Gross Profit": 9,
        "Operating Income": -8,
        "EBIT": -8,
        "Net Income": -9
    },
    "2015-06-30": {
        "Diluted EPS": -0.66,
        "Total Revenue": 13,
        "Gross Profit": 7,
        "Operating Income": -11,
        "EBIT": -11,
        "Net Income": -12
    },
    "2015-03-31": {
        "Diluted EPS": -0.81,
        "Total Revenue": 12,
        "Gross Profit": 6,
        "Operating Income": -14,
        "EBIT": -13,
        "Net Income": -15
    },
    "2014-12-31": {
        "Diluted EPS": -0.67,
        "Total Revenue": 16,
        "Gross Profit": 9,
        "Operating Income": -12,
        "EBIT": -11,
        "Net Income": -12
    },
    "2014-09-30": {
        "Diluted EPS": -0.67,
        "Total Revenue": 12,
        "Gross Profit": 7,
        "Operating Income": -11,
        "EBIT": -11,
        "Net Income": -12
    },
    "2014-06-30": {
        "Diluted EPS": -0.78,
        "Total Revenue": 11,
        "Gross Profit": 6,
        "Operating Income": -12,
        "EBIT": -12,
        "Net Income": -14
    },
    "2014-03-31": {
        "Diluted EPS": -0.68,
        "Total Revenue": 9,
        "Gross Profit": 4,
        "Operating Income": -11,
        "EBIT": -11,
        "Net Income": -11
    },
    "2013-12-31": {
        "Diluted EPS": 27.66,
        "Total Revenue": 10,
        "Gross Profit": 5,
        "Operating Income": -8,
        "EBIT": -8,
        "Net Income": -9
    },
    "2013-09-30": {
        "Diluted EPS": -0.53,
        "Total Revenue": 8,
        "Gross Profit": 5,
        "Operating Income": -7,
        "EBIT": -7,
        "Net Income": -8
    },
    "2013-06-30": {
        "Diluted EPS": -13.69,
        "Total Revenue": 7,
        "Gross Profit": 4,
        "Operating Income": -7,
        "EBIT": -6,
        "Net Income": -8
    },
    "2013-03-31": {
        "Diluted EPS": -17.88,
        "Total Revenue": 6,
        "Gross Profit": 3,
        "Operating Income": -6,
        "EBIT": -6,
        "Net Income": -10
    },
    "2012-12-31": {
        "Diluted EPS": -19.85,
        "Total Revenue": 6,
        "Gross Profit": 3,
        "Operating Income": -5,
        "EBIT": -5,
        "Net Income": -6
    },
    "2012-09-30": {
        "Diluted EPS": -18.28,
        "Total Revenue": 6,
        "Gross Profit": 3,
        "Operating Income": -4,
        "EBIT": -4,
        "Net Income": -7
    },
    "2012-06-30": {
        "Diluted EPS": -16.02,
        "Total Revenue": 6,
        "Gross Profit": 3,
        "Operating Income": -4,
        "EBIT": -3,
        "Net Income": -5
    },
    "2012-03-31": {
        "Diluted EPS": -0.52,
        "Total Revenue": 5,
        "Gross Profit": 2,
        "Operating Income": -4,
        "EBIT": -3,
        "Net Income": -5
    },
    "2011-12-31": {
        "Diluted EPS": 0.0,
        "Total Revenue": NaN,
        "Gross Profit": NaN,
        "Operating Income": NaN,
        "EBIT": NaN,
        "Net Income": NaN
    },
    "2010-12-31": {
        "Diluted EPS": 0.0,
        "Total Revenue": NaN,
        "Gross Profit": NaN,
        "Operating Income": NaN,
        "EBIT": NaN,
        "Net Income": NaN
    }
}