{
    "2023-03-31": {
        "Tax Effect Of Unusual Items": NaN,
        "Tax Rate For Calcs": NaN,
        "Normalized EBITDA": NaN,
        "Total Unusual Items": NaN,
        "Total Unusual Items Excluding Goodwill": NaN,
        "Net Income From Continuing Operation Net Minority Interest": NaN,
        "Reconciled Depreciation": NaN,
        "Reconciled Cost Of Revenue": NaN,
        "EBITDA": NaN,
        "EBIT": NaN,
        "Net Interest Income": NaN,
        "Interest Expense": NaN,
        "Normalized Income": NaN,
        "Net Income From Continuing And Discontinued Operation": NaN,
        "Total Expenses": NaN,
        "Total Operating Income As Reported": NaN,
        "Diluted Average Shares": NaN,
        "Basic Average Shares": NaN,
        "Diluted EPS": NaN,
        "Basic EPS": NaN,
        "Diluted NI Availto Com Stockholders": NaN,
        "Net Income Common Stockholders": NaN,
        "Net Income": NaN,
        "Net Income Including Noncontrolling Interests": NaN,
        "Net Income Continuous Operations": NaN,
        "Tax Provision": NaN,
        "Pretax Income": NaN,
        "Other Income Expense": NaN,
        "Special Income Charges": NaN,
        "Gain On Sale Of Ppe": 0.0,
        "Restructuring And Mergern Acquisition": NaN,
        "Net Non Operating Interest Income Expense": NaN,
        "Interest Expense Non Operating": NaN,
        "Operating Income": NaN,
        "Operating Expense": NaN,
        "Research And Development": NaN,
        "Selling General And Administration": NaN,
        "Selling And Marketing Expense": NaN,
        "General And Administrative Expense": NaN,
        "Other Gand A": NaN,
        "Gross Profit": NaN,
        "Cost Of Revenue": NaN,
        "Total Revenue": NaN,
        "Operating Revenue": NaN
    },
    "2022-12-31": {
        "Tax Effect Of Unusual Items": NaN,
        "Tax Rate For Calcs": NaN,
        "Normalized EBITDA": NaN,
        "Total Unusual Items": NaN,
        "Total Unusual Items Excluding Goodwill": NaN,
        "Net Income From Continuing Operation Net Minority Interest": NaN,
        "Reconciled Depreciation": NaN,
        "Reconciled Cost Of Revenue": NaN,
        "EBITDA": NaN,
        "EBIT": NaN,
        "Net Interest Income": NaN,
        "Interest Expense": NaN,
        "Normalized Income": NaN,
        "Net Income From Continuing And Discontinued Operation": NaN,
        "Total Expenses": NaN,
        "Total Operating Income As Reported": NaN,
        "Diluted Average Shares": NaN,
        "Basic Average Shares": NaN,
        "Diluted EPS": NaN,
        "Basic EPS": NaN,
        "Diluted NI Availto Com Stockholders": NaN,
        "Net Income Common Stockholders": NaN,
        "Net Income": NaN,
        "Net Income Including Noncontrolling Interests": NaN,
        "Net Income Continuous Operations": NaN,
        "Tax Provision": NaN,
        "Pretax Income": NaN,
        "Other Income Expense": 0.0,
        "Special Income Charges": NaN,
        "Gain On Sale Of Ppe": 0.0,
        "Restructuring And Mergern Acquisition": 0.0,
        "Net Non Operating Interest Income Expense": NaN,
        "Interest Expense Non Operating": NaN,
        "Operating Income": NaN,
        "Operating Expense": NaN,
        "Research And Development": NaN,
        "Selling General And Administration": NaN,
        "Selling And Marketing Expense": NaN,
        "General And Administrative Expense": NaN,
        "Other Gand A": NaN,
        "Gross Profit": NaN,
        "Cost Of Revenue": NaN,
        "Total Revenue": NaN,
        "Operating Revenue": NaN
    },
    "2022-09-30": {
        "Tax Effect Of Unusual Items": NaN,
        "Tax Rate For Calcs": NaN,
        "Normalized EBITDA": NaN,
        "Total Unusual Items": NaN,
        "Total Unusual Items Excluding Goodwill": NaN,
        "Net Income From Continuing Operation Net Minority Interest": NaN,
        "Reconciled Depreciation": NaN,
        "Reconciled Cost Of Revenue": NaN,
        "EBITDA": NaN,
        "EBIT": NaN,
        "Net Interest Income": NaN,
        "Interest Expense": NaN,
        "Normalized Income": NaN,
        "Net Income From Continuing And Discontinued Operation": NaN,
        "Total Expenses": NaN,
        "Total Operating Income As Reported": NaN,
        "Diluted Average Shares": NaN,
        "Basic Average Shares": NaN,
        "Diluted EPS": NaN,
        "Basic EPS": NaN,
        "Diluted NI Availto Com Stockholders": NaN,
        "Net Income Common Stockholders": NaN,
        "Net Income": NaN,
        "Net Income Including Noncontrolling Interests": NaN,
        "Net Income Continuous Operations": NaN,
        "Tax Provision": NaN,
        "Pretax Income": NaN,
        "Other Income Expense": NaN,
        "Special Income Charges": NaN,
        "Gain On Sale Of Ppe": NaN,
        "Restructuring And Mergern Acquisition": 0.0,
        "Net Non Operating Interest Income Expense": NaN,
        "Interest Expense Non Operating": NaN,
        "Operating Income": NaN,
        "Operating Expense": NaN,
        "Research And Development": NaN,
        "Selling General And Administration": NaN,
        "Selling And Marketing Expense": NaN,
        "General And Administrative Expense": NaN,
        "Other Gand A": NaN,
        "Gross Profit": NaN,
        "Cost Of Revenue": NaN,
        "Total Revenue": NaN,
        "Operating Revenue": NaN
    },
    "2022-06-30": {
        "Tax Effect Of Unusual Items": 0.0,
        "Tax Rate For Calcs": 0.21,
        "Normalized EBITDA": 1506000.0,
        "Total Unusual Items": 0.0,
        "Total Unusual Items Excluding Goodwill": 0.0,
        "Net Income From Continuing Operation Net Minority Interest": 719000.0,
        "Reconciled Depreciation": 481000.0,
        "Reconciled Cost Of Revenue": 27514000.0,
        "EBITDA": 1506000.0,
        "EBIT": 1025000.0,
        "Net Interest Income": -117000.0,
        "Interest Expense": 117000.0,
        "Normalized Income": 719000.0,
        "Net Income From Continuing And Discontinued Operation": 719000.0,
        "Total Expenses": 31493000.0,
        "Total Operating Income As Reported": 1025000.0,
        "Diluted Average Shares": 2886755.0,
        "Basic Average Shares": 2683131.0,
        "Diluted EPS": 0.25,
        "Basic EPS": 0.27,
        "Diluted NI Availto Com Stockholders": 719000.0,
        "Net Income Common Stockholders": 719000.0,
        "Net Income": 719000.0,
        "Net Income Including Noncontrolling Interests": 719000.0,
        "Net Income Continuous Operations": 719000.0,
        "Tax Provision": 189000.0,
        "Pretax Income": 908000.0,
        "Other Income Expense": NaN,
        "Special Income Charges": 0.0,
        "Gain On Sale Of Ppe": 0.0,
        "Restructuring And Mergern Acquisition": 0.0,
        "Net Non Operating Interest Income Expense": -117000.0,
        "Interest Expense Non Operating": 117000.0,
        "Operating Income": 1025000.0,
        "Operating Expense": 3979000.0,
        "Research And Development": 351000.0,
        "Selling General And Administration": 3628000.0,
        "Selling And Marketing Expense": 960000.0,
        "General And Administrative Expense": 2668000.0,
        "Other Gand A": 2668000.0,
        "Gross Profit": 5004000.0,
        "Cost Of Revenue": 27514000.0,
        "Total Revenue": 32518000.0,
        "Operating Revenue": 32518000.0
    },
    "2022-03-31": {
        "Diluted EPS": 0.05,
        "Total Revenue": 31,
        "Gross Profit": 4,
        "Operating Income": 0,
        "EBIT": 1,
        "Net Income": 0
    },
    "2021-12-31": {
        "Diluted EPS": 1.82,
        "Total Revenue": 33,
        "Gross Profit": 3,
        "Operating Income": -1,
        "EBIT": 0,
        "Net Income": 5
    },
    "2021-09-30": {
        "Diluted EPS": 1.24,
        "Total Revenue": 29,
        "Gross Profit": 8,
        "Operating Income": 5,
        "EBIT": 5,
        "Net Income": 4
    },
    "2021-06-30": {
        "Diluted EPS": 0.06,
        "Total Revenue": 30,
        "Gross Profit": 4,
        "Operating Income": 0,
        "EBIT": 1,
        "Net Income": 0
    },
    "2021-03-31": {
        "Diluted EPS": -0.58,
        "Total Revenue": 22,
        "Gross Profit": 2,
        "Operating Income": -2,
        "EBIT": -2,
        "Net Income": -2
    },
    "2020-12-31": {
        "Diluted EPS": -1.32,
        "Total Revenue": 24,
        "Gross Profit": 2,
        "Operating Income": -4,
        "EBIT": -1,
        "Net Income": -4
    },
    "2020-09-30": {
        "Diluted EPS": 0.73,
        "Total Revenue": 26,
        "Gross Profit": 2,
        "Operating Income": 3,
        "EBIT": 3,
        "Net Income": 2
    },
    "2020-06-30": {
        "Diluted EPS": -0.05,
        "Total Revenue": 26,
        "Gross Profit": 3,
        "Operating Income": 0,
        "EBIT": 1,
        "Net Income": 0
    },
    "2020-03-31": {
        "Diluted EPS": 0.06,
        "Total Revenue": 27,
        "Gross Profit": 3,
        "Operating Income": 0,
        "EBIT": 1,
        "Net Income": 0
    },
    "2019-12-31": {
        "Diluted EPS": 0.1,
        "Total Revenue": 31,
        "Gross Profit": 4,
        "Operating Income": 1,
        "EBIT": 1,
        "Net Income": 0
    },
    "2019-09-30": {
        "Diluted EPS": 0.16,
        "Total Revenue": 30,
        "Gross Profit": 4,
        "Operating Income": 1,
        "EBIT": 1,
        "Net Income": 0
    },
    "2019-06-30": {
        "Diluted EPS": -0.58,
        "Total Revenue": 27,
        "Gross Profit": 2,
        "Operating Income": -1,
        "EBIT": -1,
        "Net Income": -2
    },
    "2019-03-31": {
        "Diluted EPS": -0.14,
        "Total Revenue": 28,
        "Gross Profit": 3,
        "Operating Income": 0,
        "EBIT": 0,
        "Net Income": 0
    },
    "2018-12-31": {
        "Diluted EPS": -0.08,
        "Total Revenue": 29,
        "Gross Profit": 3,
        "Operating Income": 0,
        "EBIT": 1,
        "Net Income": 0
    },
    "2018-09-30": {
        "Diluted EPS": 0.14,
        "Total Revenue": 30,
        "Gross Profit": 3,
        "Operating Income": 1,
        "EBIT": 1,
        "Net Income": 0
    },
    "2018-06-30": {
        "Diluted EPS": 0.14,
        "Total Revenue": 29,
        "Gross Profit": 4,
        "Operating Income": 1,
        "EBIT": 1,
        "Net Income": 0
    },
    "2018-03-31": {
        "Diluted EPS": -0.14,
        "Total Revenue": 26,
        "Gross Profit": 3,
        "Operating Income": 0,
        "EBIT": 0,
        "Net Income": 0
    },
    "2017-12-31": {
        "Diluted EPS": -0.89,
        "Total Revenue": 26,
        "Gross Profit": 2,
        "Operating Income": -2,
        "EBIT": 0,
        "Net Income": -2
    },
    "2017-09-30": {
        "Diluted EPS": 0.02,
        "Total Revenue": 28,
        "Gross Profit": 4,
        "Operating Income": 0,
        "EBIT": 1,
        "Net Income": 0
    },
    "2017-06-30": {
        "Diluted EPS": -0.01,
        "Total Revenue": 30,
        "Gross Profit": 3,
        "Operating Income": 0,
        "EBIT": 1,
        "Net Income": 0
    },
    "2017-03-31": {
        "Diluted EPS": -0.01,
        "Total Revenue": 28,
        "Gross Profit": 3,
        "Operating Income": 0,
        "EBIT": 1,
        "Net Income": 0
    },
    "2016-12-31": {
        "Diluted EPS": 0.05,
        "Total Revenue": 29,
        "Gross Profit": 4,
        "Operating Income": 0,
        "EBIT": 1,
        "Net Income": 0
    },
    "2016-09-30": {
        "Diluted EPS": 0.02,
        "Total Revenue": 30,
        "Gross Profit": 4,
        "Operating Income": 0,
        "EBIT": 1,
        "Net Income": 0
    },
    "2016-06-30": {
        "Diluted EPS": -0.07,
        "Total Revenue": 29,
        "Gross Profit": 3,
        "Operating Income": 0,
        "EBIT": 0,
        "Net Income": 0
    },
    "2016-03-31": {
        "Diluted EPS": 0.02,
        "Total Revenue": 29,
        "Gross Profit": 3,
        "Operating Income": 0,
        "EBIT": 1,
        "Net Income": 0
    },
    "2015-12-31": {
        "Diluted EPS": 0.05,
        "Total Revenue": 31,
        "Gross Profit": 4,
        "Operating Income": 0,
        "EBIT": 1,
        "Net Income": 0
    },
    "2015-09-30": {
        "Diluted EPS": -0.05,
        "Total Revenue": 30,
        "Gross Profit": 3,
        "Operating Income": 0,
        "EBIT": 1,
        "Net Income": 0
    },
    "2015-06-30": {
        "Diluted EPS": -0.14,
        "Total Revenue": 27,
        "Gross Profit": 2,
        "Operating Income": 0,
        "EBIT": 0,
        "Net Income": 0
    },
    "2015-03-31": {
        "Diluted EPS": -0.07,
        "Total Revenue": 27,
        "Gross Profit": 3,
        "Operating Income": 0,
        "EBIT": 0,
        "Net Income": 0
    },
    "2014-12-31": {
        "Diluted EPS": 0.08,
        "Total Revenue": 30,
        "Gross Profit": 3,
        "Operating Income": 0,
        "EBIT": 1,
        "Net Income": 0
    },
    "2014-09-30": {
        "Diluted EPS": 0.12,
        "Total Revenue": 28,
        "Gross Profit": 4,
        "Operating Income": 0,
        "EBIT": 1,
        "Net Income": 0
    },
    "2014-06-30": {
        "Diluted EPS": 0.09,
        "Total Revenue": 27,
        "Gross Profit": 3,
        "Operating Income": 0,
        "EBIT": 1,
        "Net Income": 0
    },
    "2014-03-31": {
        "Diluted EPS": 0.03,
        "Total Revenue": 26,
        "Gross Profit": 3,
        "Operating Income": 0,
        "EBIT": 1,
        "Net Income": 0
    },
    "2013-12-31": {
        "Diluted EPS": 0.1,
        "Total Revenue": 29,
        "Gross Profit": 4,
        "Operating Income": 0,
        "EBIT": 1,
        "Net Income": 0
    },
    "2013-09-30": {
        "Diluted EPS": 0.07,
        "Total Revenue": 27,
        "Gross Profit": 3,
        "Operating Income": 0,
        "EBIT": 1,
        "Net Income": 0
    },
    "2013-06-30": {
        "Diluted EPS": 0.07,
        "Total Revenue": 28,
        "Gross Profit": 3,
        "Operating Income": 0,
        "EBIT": 1,
        "Net Income": 0
    },
    "2013-03-31": {
        "Diluted EPS": 0.05,
        "Total Revenue": 26,
        "Gross Profit": 3,
        "Operating Income": 0,
        "EBIT": 1,
        "Net Income": 0
    },
    "2012-12-31": {
        "Diluted EPS": 0.1,
        "Total Revenue": 25,
        "Gross Profit": 4,
        "Operating Income": 0,
        "EBIT": 1,
        "Net Income": 0
    },
    "2012-09-30": {
        "Diluted EPS": 0.04,
        "Total Revenue": 26,
        "Gross Profit": 3,
        "Operating Income": 0,
        "EBIT": 1,
        "Net Income": 0
    },
    "2012-06-30": {
        "Diluted EPS": 0.05,
        "Total Revenue": 28,
        "Gross Profit": 3,
        "Operating Income": 0,
        "EBIT": 1,
        "Net Income": 0
    },
    "2012-03-31": {
        "Diluted EPS": 0.04,
        "Total Revenue": 28,
        "Gross Profit": 3,
        "Operating Income": 0,
        "EBIT": 1,
        "Net Income": 0
    },
    "2011-12-31": {
        "Diluted EPS": 0.09,
        "Total Revenue": 29,
        "Gross Profit": 4,
        "Operating Income": 0,
        "EBIT": 1,
        "Net Income": 0
    },
    "2011-09-30": {
        "Diluted EPS": 0.07,
        "Total Revenue": 28,
        "Gross Profit": 3,
        "Operating Income": 0,
        "EBIT": 1,
        "Net Income": 0
    },
    "2011-06-30": {
        "Diluted EPS": 0.05,
        "Total Revenue": 28,
        "Gross Profit": 3,
        "Operating Income": 0,
        "EBIT": 1,
        "Net Income": 0
    },
    "2011-03-31": {
        "Diluted EPS": 0.23,
        "Total Revenue": 29,
        "Gross Profit": 3,
        "Operating Income": 0,
        "EBIT": 1,
        "Net Income": 1
    },
    "2010-12-31": {
        "Diluted EPS": 0.05,
        "Total Revenue": 27,
        "Gross Profit": 3,
        "Operating Income": 0,
        "EBIT": 1,
        "Net Income": 0
    },
    "2010-09-30": {
        "Diluted EPS": 0.05,
        "Total Revenue": 26,
        "Gross Profit": 3,
        "Operating Income": 0,
        "EBIT": 1,
        "Net Income": 0
    },
    "2010-06-30": {
        "Diluted EPS": 0.05,
        "Total Revenue": 25,
        "Gross Profit": 3,
        "Operating Income": 0,
        "EBIT": 1,
        "Net Income": 0
    },
    "2010-03-31": {
        "Diluted EPS": 0.03,
        "Total Revenue": 22,
        "Gross Profit": 3,
        "Operating Income": 0,
        "EBIT": 1,
        "Net Income": 0
    },
    "2009-12-31": {
        "Diluted EPS": -0.05,
        "Total Revenue": 20,
        "Gross Profit": 2,
        "Operating Income": -1,
        "EBIT": -1,
        "Net Income": 0
    },
    "2009-09-30": {
        "Diluted EPS": -0.31,
        "Total Revenue": 19,
        "Gross Profit": 2,
        "Operating Income": -1,
        "EBIT": 0,
        "Net Income": -1
    },
    "2009-06-30": {
        "Diluted EPS": -0.56,
        "Total Revenue": 20,
        "Gross Profit": 1,
        "Operating Income": -2,
        "EBIT": -1,
        "Net Income": -2
    },
    "2009-03-31": {
        "Diluted EPS": -0.47,
        "Total Revenue": 22,
        "Gross Profit": 1,
        "Operating Income": -2,
        "EBIT": -2,
        "Net Income": -1
    },
    "2023-06-30": {
        "Tax Effect Of Unusual Items": NaN,
        "Tax Rate For Calcs": NaN,
        "Normalized EBITDA": NaN,
        "Total Unusual Items": 0.0,
        "Total Unusual Items Excluding Goodwill": 0.0,
        "Net Income From Continuing Operation Net Minority Interest": NaN,
        "Reconciled Depreciation": NaN,
        "Reconciled Cost Of Revenue": NaN,
        "EBITDA": NaN,
        "EBIT": NaN,
        "Net Interest Income": NaN,
        "Interest Expense": NaN,
        "Normalized Income": NaN,
        "Net Income From Continuing And Discontinued Operation": NaN,
        "Total Expenses": NaN,
        "Total Operating Income As Reported": NaN,
        "Diluted Average Shares": 2870848.0,
        "Basic Average Shares": 2718066.0,
        "Diluted EPS": 0.22,
        "Basic EPS": 0.23,
        "Diluted NI Availto Com Stockholders": NaN,
        "Net Income Common Stockholders": NaN,
        "Net Income": NaN,
        "Net Income Including Noncontrolling Interests": NaN,
        "Net Income Continuous Operations": NaN,
        "Tax Provision": NaN,
        "Pretax Income": NaN,
        "Other Income Expense": NaN,
        "Special Income Charges": 0.0,
        "Gain On Sale Of Ppe": 0.0,
        "Restructuring And Mergern Acquisition": 0.0,
        "Net Non Operating Interest Income Expense": NaN,
        "Interest Expense Non Operating": NaN,
        "Operating Income": NaN,
        "Operating Expense": NaN,
        "Research And Development": NaN,
        "Selling General And Administration": NaN,
        "Selling And Marketing Expense": NaN,
        "General And Administrative Expense": NaN,
        "Other Gand A": NaN,
        "Gross Profit": NaN,
        "Cost Of Revenue": NaN,
        "Total Revenue": NaN,
        "Operating Revenue": NaN
    },
    "2023-09-30": {
        "Tax Effect Of Unusual Items": 0.0,
        "Tax Rate For Calcs": 0.21,
        "Normalized EBITDA": 1636000.0,
        "Total Unusual Items": 0.0,
        "Total Unusual Items Excluding Goodwill": 0.0,
        "Net Income From Continuing Operation Net Minority Interest": 1207000.0,
        "Reconciled Depreciation": 512000.0,
        "Reconciled Cost Of Revenue": 28050000.0,
        "EBITDA": 1636000.0,
        "EBIT": 1124000.0,
        "Net Interest Income": -130000.0,
        "Interest Expense": 130000.0,
        "Normalized Income": 1207000.0,
        "Net Income From Continuing And Discontinued Operation": 1207000.0,
        "Total Expenses": 32245000.0,
        "Total Operating Income As Reported": 1124000.0,
        "Diluted Average Shares": 2888679.0,
        "Basic Average Shares": 2737895.0,
        "Diluted EPS": 0.42,
        "Basic EPS": 0.44,
        "Diluted NI Availto Com Stockholders": 1207000.0,
        "Net Income Common Stockholders": 1207000.0,
        "Net Income": 1207000.0,
        "Net Income Including Noncontrolling Interests": 1207000.0,
        "Net Income Continuous Operations": 1207000.0,
        "Tax Provision": -213000.0,
        "Pretax Income": 994000.0,
        "Other Income Expense": NaN,
        "Special Income Charges": 0.0,
        "Gain On Sale Of Ppe": 0.0,
        "Restructuring And Mergern Acquisition": 0.0,
        "Net Non Operating Interest Income Expense": -130000.0,
        "Interest Expense Non Operating": 130000.0,
        "Operating Income": 1124000.0,
        "Operating Expense": 4195000.0,
        "Research And Development": 314000.0,
        "Selling General And Administration": 3881000.0,
        "Selling And Marketing Expense": 923000.0,
        "General And Administrative Expense": 2958000.0,
        "Other Gand A": 2958000.0,
        "Gross Profit": 5319000.0,
        "Cost Of Revenue": 28050000.0,
        "Total Revenue": 33369000.0,
        "Operating Revenue": 33369000.0
    },
    "2023-12-31": {
        "Tax Effect Of Unusual Items": 0.0,
        "Tax Rate For Calcs": 0.21,
        "Normalized EBITDA": 3188000.0,
        "Total Unusual Items": 0.0,
        "Total Unusual Items Excluding Goodwill": 0.0,
        "Net Income From Continuing Operation Net Minority Interest": 4352000.0,
        "Reconciled Depreciation": 511000.0,
        "Reconciled Cost Of Revenue": 29227000.0,
        "EBITDA": 3188000.0,
        "EBIT": 2677000.0,
        "Net Interest Income": -122000.0,
        "Interest Expense": 122000.0,
        "Normalized Income": 4352000.0,
        "Net Income From Continuing And Discontinued Operation": 4352000.0,
        "Total Expenses": 33377000.0,
        "Total Operating Income As Reported": 2677000.0,
        "Diluted Average Shares": NaN,
        "Basic Average Shares": NaN,
        "Diluted EPS": NaN,
        "Basic EPS": NaN,
        "Diluted NI Availto Com Stockholders": 4352000.0,
        "Net Income Common Stockholders": 4352000.0,
        "Net Income": 4352000.0,
        "Net Income Including Noncontrolling Interests": 4352000.0,
        "Net Income Continuous Operations": 4352000.0,
        "Tax Provision": -1797000.0,
        "Pretax Income": 2555000.0,
        "Other Income Expense": NaN,
        "Special Income Charges": 0.0,
        "Gain On Sale Of Ppe": 0.0,
        "Restructuring And Mergern Acquisition": NaN,
        "Net Non Operating Interest Income Expense": -122000.0,
        "Interest Expense Non Operating": 122000.0,
        "Operating Income": 2677000.0,
        "Operating Expense": 4150000.0,
        "Research And Development": 292000.0,
        "Selling General And Administration": 3858000.0,
        "Selling And Marketing Expense": 832000.0,
        "General And Administrative Expense": 3026000.0,
        "Other Gand A": 3026000.0,
        "Gross Profit": 6827000.0,
        "Cost Of Revenue": 29227000.0,
        "Total Revenue": 36054000.0,
        "Operating Revenue": 36054000.0
    },
    "2024-03-31": {
        "Tax Effect Of Unusual Items": 0.0,
        "Tax Rate For Calcs": 0.226,
        "Normalized EBITDA": 1637000.0,
        "Total Unusual Items": NaN,
        "Total Unusual Items Excluding Goodwill": NaN,
        "Net Income From Continuing Operation Net Minority Interest": 765000.0,
        "Reconciled Depreciation": 482000.0,
        "Reconciled Cost Of Revenue": 28767000.0,
        "EBITDA": 1637000.0,
        "EBIT": 1155000.0,
        "Net Interest Income": -167000.0,
        "Interest Expense": 167000.0,
        "Normalized Income": 765000.0,
        "Net Income From Continuing And Discontinued Operation": 765000.0,
        "Total Expenses": 33060000.0,
        "Total Operating Income As Reported": 1155000.0,
        "Diluted Average Shares": 2908457.0,
        "Basic Average Shares": 2742511.0,
        "Diluted EPS": 0.26,
        "Basic EPS": 0.28,
        "Diluted NI Availto Com Stockholders": 765000.0,
        "Net Income Common Stockholders": 765000.0,
        "Net Income": 765000.0,
        "Net Income Including Noncontrolling Interests": 765000.0,
        "Net Income Continuous Operations": 765000.0,
        "Tax Provision": 223000.0,
        "Pretax Income": 988000.0,
        "Other Income Expense": NaN,
        "Special Income Charges": NaN,
        "Gain On Sale Of Ppe": NaN,
        "Restructuring And Mergern Acquisition": NaN,
        "Net Non Operating Interest Income Expense": -167000.0,
        "Interest Expense Non Operating": 167000.0,
        "Operating Income": 1155000.0,
        "Operating Expense": 4293000.0,
        "Research And Development": 318000.0,
        "Selling General And Administration": 3975000.0,
        "Selling And Marketing Expense": 805000.0,
        "General And Administrative Expense": 3170000.0,
        "Other Gand A": 3170000.0,
        "Gross Profit": 5448000.0,
        "Cost Of Revenue": 28767000.0,
        "Total Revenue": 34215000.0,
        "Operating Revenue": 34215000.0
    },
    "2024-06-30": {
        "Tax Effect Of Unusual Items": -10920.0,
        "Tax Rate For Calcs": 0.12,
        "Normalized EBITDA": 919000.0,
        "Total Unusual Items": -91000.0,
        "Total Unusual Items Excluding Goodwill": -91000.0,
        "Net Income From Continuing Operation Net Minority Interest": 157000.0,
        "Reconciled Depreciation": 484000.0,
        "Reconciled Cost Of Revenue": 29274000.0,
        "EBITDA": 828000.0,
        "EBIT": 344000.0,
        "Net Interest Income": -165000.0,
        "Interest Expense": 165000.0,
        "Normalized Income": 237080.0,
        "Net Income From Continuing And Discontinued Operation": 157000.0,
        "Total Expenses": 33456000.0,
        "Total Operating Income As Reported": 344000.0,
        "Diluted Average Shares": 2935671.0,
        "Basic Average Shares": 2760052.0,
        "Diluted EPS": 0.05,
        "Basic EPS": 0.06,
        "Diluted NI Availto Com Stockholders": 157000.0,
        "Net Income Common Stockholders": 157000.0,
        "Net Income": 157000.0,
        "Net Income Including Noncontrolling Interests": 157000.0,
        "Net Income Continuous Operations": 157000.0,
        "Tax Provision": 22000.0,
        "Pretax Income": 179000.0,
        "Other Income Expense": -91000.0,
        "Special Income Charges": -91000.0,
        "Gain On Sale Of Ppe": NaN,
        "Restructuring And Mergern Acquisition": 91000.0,
        "Net Non Operating Interest Income Expense": -165000.0,
        "Interest Expense Non Operating": 165000.0,
        "Operating Income": 435000.0,
        "Operating Expense": 4182000.0,
        "Research And Development": 291000.0,
        "Selling General And Administration": 3891000.0,
        "Selling And Marketing Expense": 909000.0,
        "General And Administrative Expense": 2982000.0,
        "Other Gand A": 2982000.0,
        "Gross Profit": 4617000.0,
        "Cost Of Revenue": 29274000.0,
        "Total Revenue": 33891000.0,
        "Operating Revenue": 33891000.0
    },
    "2024-09-30": {
        "Tax Effect Of Unusual Items": -36960.0,
        "Tax Rate For Calcs": 0.21,
        "Normalized EBITDA": 143000.0,
        "Total Unusual Items": -176000.0,
        "Total Unusual Items Excluding Goodwill": -176000.0,
        "Net Income From Continuing Operation Net Minority Interest": -739000.0,
        "Reconciled Depreciation": 434000.0,
        "Reconciled Cost Of Revenue": 27572000.0,
        "EBITDA": -33000.0,
        "EBIT": -467000.0,
        "Net Interest Income": -216000.0,
        "Interest Expense": 216000.0,
        "Normalized Income": -599960.0,
        "Net Income From Continuing And Discontinued Operation": -739000.0,
        "Total Expenses": 31698000.0,
        "Total Operating Income As Reported": -467000.0,
        "Diluted Average Shares": 2760438.0,
        "Basic Average Shares": 2760438.0,
        "Diluted EPS": -0.27,
        "Basic EPS": -0.27,
        "Diluted NI Availto Com Stockholders": -739000.0,
        "Net Income Common Stockholders": -739000.0,
        "Net Income": -739000.0,
        "Net Income Including Noncontrolling Interests": -739000.0,
        "Net Income Continuous Operations": -739000.0,
        "Tax Provision": 56000.0,
        "Pretax Income": -683000.0,
        "Other Income Expense": -176000.0,
        "Special Income Charges": -176000.0,
        "Gain On Sale Of Ppe": NaN,
        "Restructuring And Mergern Acquisition": 176000.0,
        "Net Non Operating Interest Income Expense": -216000.0,
        "Interest Expense Non Operating": 216000.0,
        "Operating Income": -291000.0,
        "Operating Expense": 4126000.0,
        "Research And Development": 284000.0,
        "Selling General And Administration": 3842000.0,
        "Selling And Marketing Expense": 891000.0,
        "General And Administrative Expense": 2951000.0,
        "Other Gand A": 2951000.0,
        "Gross Profit": 3835000.0,
        "Cost Of Revenue": 27572000.0,
        "Total Revenue": 31407000.0,
        "Operating Revenue": 31407000.0
    }
}