{
    "2023-06-30": {
        "Tax Effect Of Unusual Items": -251.641849,
        "Tax Rate For Calcs": 0.008388,
        "Total Unusual Items": -30000.0,
        "Total Unusual Items Excluding Goodwill": -30000.0,
        "Net Income From Continuing Operation Net Minority Interest": 61000000.0,
        "Reconciled Depreciation": 9483000.0,
        "Net Interest Income": 92475000.0,
        "Interest Expense": 41443000.0,
        "Interest Income": 133918000.0,
        "Normalized Income": 61029748.358151,
        "Net Income From Continuing And Discontinued Operation": 61000000.0,
        "Diluted Average Shares": 49890000.0,
        "Basic Average Shares": 49520000.0,
        "Diluted EPS": 1.22,
        "Basic EPS": 1.23,
        "Diluted NI Availto Com Stockholders": 61000000.0,
        "Net Income Common Stockholders": 61000000.0,
        "Net Income": 61000000.0,
        "Net Income Including Noncontrolling Interests": 61000000.0,
        "Net Income Continuous Operations": 61000000.0,
        "Tax Provision": 516000.0,
        "Pretax Income": 61516000.0,
        "Gain On Sale Of Security": -10000.0,
        "Depreciation Amortization Depletion Income Statement": 1436000.0,
        "Depreciation And Amortization In Income Statement": 1436000.0,
        "Amortization": 1436000.0,
        "Amortization Of Intangibles Income Statement": 1436000.0,
        "Selling General And Administration": 57782000.0,
        "Selling And Marketing Expense": 1695000.0,
        "General And Administrative Expense": 56087000.0,
        "Other Gand A": 14895000.0,
        "Salaries And Wages": 41192000.0,
        "Total Revenue": 146591000.0,
        "Operating Revenue": 146591000.0
    },
    "2023-03-31": {
        "Tax Effect Of Unusual Items": 627.789353,
        "Tax Rate For Calcs": 0.01064,
        "Total Unusual Items": 59000.0,
        "Total Unusual Items Excluding Goodwill": 59000.0,
        "Net Income From Continuing Operation Net Minority Interest": 62204000.0,
        "Reconciled Depreciation": 8279000.0,
        "Net Interest Income": 97355000.0,
        "Interest Expense": 37100000.0,
        "Interest Income": 134455000.0,
        "Normalized Income": 62145627.789353,
        "Net Income From Continuing And Discontinued Operation": 62204000.0,
        "Diluted Average Shares": 50131000.0,
        "Basic Average Shares": 49771000.0,
        "Diluted EPS": 1.24,
        "Basic EPS": 1.25,
        "Diluted NI Availto Com Stockholders": 62204000.0,
        "Net Income Common Stockholders": 62204000.0,
        "Net Income": 62204000.0,
        "Net Income Including Noncontrolling Interests": 62204000.0,
        "Net Income Continuous Operations": 62204000.0,
        "Tax Provision": 669000.0,
        "Pretax Income": 62873000.0,
        "Gain On Sale Of Security": 42000.0,
        "Depreciation Amortization Depletion Income Statement": 1418000.0,
        "Depreciation And Amortization In Income Statement": 1418000.0,
        "Amortization": 1418000.0,
        "Amortization Of Intangibles Income Statement": 1418000.0,
        "Selling General And Administration": 43834000.0,
        "Selling And Marketing Expense": 1503000.0,
        "General And Administrative Expense": 42331000.0,
        "Other Gand A": NaN,
        "Salaries And Wages": 42331000.0,
        "Total Revenue": 147650000.0,
        "Operating Revenue": 147650000.0
    },
    "2022-12-31": {
        "Tax Effect Of Unusual Items": 4915.747587,
        "Tax Rate For Calcs": 0.011327,
        "Total Unusual Items": 434000.0,
        "Total Unusual Items Excluding Goodwill": 434000.0,
        "Net Income From Continuing Operation Net Minority Interest": 63109000.0,
        "Reconciled Depreciation": 8917000.0,
        "Net Interest Income": 94595000.0,
        "Interest Expense": 26878000.0,
        "Interest Income": 121473000.0,
        "Normalized Income": 62679915.747587,
        "Net Income From Continuing And Discontinued Operation": 63109000.0,
        "Diluted Average Shares": 49963000.0,
        "Basic Average Shares": 49685039.0,
        "Diluted EPS": 1.26,
        "Basic EPS": 1.27,
        "Diluted NI Availto Com Stockholders": 63109000.0,
        "Net Income Common Stockholders": 63109000.0,
        "Net Income": 63109000.0,
        "Net Income Including Noncontrolling Interests": 63109000.0,
        "Net Income Continuous Operations": 63109000.0,
        "Tax Provision": 723000.0,
        "Pretax Income": 63832000.0,
        "Gain On Sale Of Security": -33000.0,
        "Depreciation Amortization Depletion Income Statement": 1394000.0,
        "Depreciation And Amortization In Income Statement": 1394000.0,
        "Amortization": 1394000.0,
        "Amortization Of Intangibles Income Statement": 1394000.0,
        "Selling General And Administration": 7364000.0,
        "Selling And Marketing Expense": 1810000.0,
        "General And Administrative Expense": 5554000.0,
        "Other Gand A": -38011000.0,
        "Salaries And Wages": 43765000.0,
        "Total Revenue": 150030000.0,
        "Operating Revenue": 150030000.0
    },
    "2022-09-30": {
        "Tax Effect Of Unusual Items": -397.960932,
        "Tax Rate For Calcs": 0.015918,
        "Total Unusual Items": -25000.0,
        "Total Unusual Items Excluding Goodwill": -25000.0,
        "Net Income From Continuing Operation Net Minority Interest": 57431000.0,
        "Reconciled Depreciation": 9874000.0,
        "Net Interest Income": 91153000.0,
        "Interest Expense": 13495000.0,
        "Interest Income": 104648000.0,
        "Normalized Income": 57455602.039068,
        "Net Income From Continuing And Discontinued Operation": 57431000.0,
        "Diluted Average Shares": 49847000.0,
        "Basic Average Shares": 49633000.0,
        "Diluted EPS": 1.15,
        "Basic EPS": 1.16,
        "Diluted NI Availto Com Stockholders": 57431000.0,
        "Net Income Common Stockholders": 57431000.0,
        "Net Income": 57431000.0,
        "Net Income Including Noncontrolling Interests": 57431000.0,
        "Net Income Continuous Operations": 57431000.0,
        "Tax Provision": 929000.0,
        "Pretax Income": 58360000.0,
        "Gain On Sale Of Security": 42000.0,
        "Depreciation Amortization Depletion Income Statement": 1402000.0,
        "Depreciation And Amortization In Income Statement": 1402000.0,
        "Amortization": 1402000.0,
        "Amortization Of Intangibles Income Statement": 1402000.0,
        "Selling General And Administration": 56756000.0,
        "Selling And Marketing Expense": 1456000.0,
        "General And Administrative Expense": 55300000.0,
        "Other Gand A": 14295000.0,
        "Salaries And Wages": 41005000.0,
        "Total Revenue": 141144000.0,
        "Operating Revenue": 141144000.0
    },
    "2022-06-30": {
        "Tax Effect Of Unusual Items": 1366.471385,
        "Tax Rate For Calcs": 0.021023,
        "Total Unusual Items": 65000.0,
        "Total Unusual Items Excluding Goodwill": 65000.0,
        "Net Income From Continuing Operation Net Minority Interest": 49129000.0,
        "Reconciled Depreciation": 1405000.0,
        "Net Interest Income": 81969000.0,
        "Interest Expense": 7769000.0,
        "Interest Income": 89738000.0,
        "Normalized Income": 49065366.471385,
        "Net Income From Continuing And Discontinued Operation": 49129000.0,
        "Diluted Average Shares": 49772000.0,
        "Basic Average Shares": 49604000.0,
        "Diluted EPS": 0.99,
        "Basic EPS": 0.99,
        "Diluted NI Availto Com Stockholders": 49129000.0,
        "Net Income Common Stockholders": 49129000.0,
        "Net Income": 49129000.0,
        "Net Income Including Noncontrolling Interests": 49129000.0,
        "Net Income Continuous Operations": 49129000.0,
        "Tax Provision": 1055000.0,
        "Pretax Income": 50184000.0,
        "Gain On Sale Of Security": 42000.0,
        "Depreciation Amortization Depletion Income Statement": 1405000.0,
        "Depreciation And Amortization In Income Statement": 1405000.0,
        "Amortization": 1405000.0,
        "Amortization Of Intangibles Income Statement": 1405000.0,
        "Selling General And Administration": 56958000.0,
        "Selling And Marketing Expense": 1610000.0,
        "General And Administrative Expense": 55348000.0,
        "Other Gand A": 14012000.0,
        "Salaries And Wages": 41336000.0,
        "Total Revenue": 133858000.0,
        "Operating Revenue": 133858000.0
    },
    "2022-03-31": {
        "Diluted EPS": 0.89,
        "Total Revenue": 133,
        "Gross Profit": 127,
        "Operating Income": 45,
        "EBIT": NaN,
        "Net Income": 44
    },
    "2021-12-31": {
        "Diluted EPS": 0.84,
        "Total Revenue": 134,
        "Gross Profit": 127,
        "Operating Income": 42,
        "EBIT": NaN,
        "Net Income": 42
    },
    "2021-09-30": {
        "Diluted EPS": 0.8,
        "Total Revenue": 131,
        "Gross Profit": 124,
        "Operating Income": 41,
        "EBIT": NaN,
        "Net Income": 40
    },
    "2021-06-30": {
        "Diluted EPS": 0.79,
        "Total Revenue": 130,
        "Gross Profit": 124,
        "Operating Income": 40,
        "EBIT": NaN,
        "Net Income": 40
    },
    "2021-03-31": {
        "Diluted EPS": 0.83,
        "Total Revenue": 129,
        "Gross Profit": 122,
        "Operating Income": 42,
        "EBIT": NaN,
        "Net Income": 42
    },
    "2020-12-31": {
        "Diluted EPS": 0.85,
        "Total Revenue": 130,
        "Gross Profit": 124,
        "Operating Income": 42,
        "EBIT": NaN,
        "Net Income": 42
    },
    "2020-09-30": {
        "Diluted EPS": 0.61,
        "Total Revenue": 131,
        "Gross Profit": 124,
        "Operating Income": 31,
        "EBIT": NaN,
        "Net Income": 31
    },
    "2020-06-30": {
        "Diluted EPS": 0.67,
        "Total Revenue": 128,
        "Gross Profit": 121,
        "Operating Income": 35,
        "EBIT": NaN,
        "Net Income": 34
    },
    "2020-03-31": {
        "Diluted EPS": 0.77,
        "Total Revenue": 149,
        "Gross Profit": 135,
        "Operating Income": 41,
        "EBIT": NaN,
        "Net Income": 40
    },
    "2019-12-31": {
        "Diluted EPS": 0.83,
        "Total Revenue": 154,
        "Gross Profit": 136,
        "Operating Income": 42,
        "EBIT": NaN,
        "Net Income": 44
    },
    "2019-09-30": {
        "Diluted EPS": 0.79,
        "Total Revenue": 152,
        "Gross Profit": 134,
        "Operating Income": 43,
        "EBIT": NaN,
        "Net Income": 42
    },
    "2019-06-30": {
        "Diluted EPS": 0.72,
        "Total Revenue": 142,
        "Gross Profit": 130,
        "Operating Income": 39,
        "EBIT": NaN,
        "Net Income": 39
    },
    "2019-03-31": {
        "Diluted EPS": 0.96,
        "Total Revenue": 144,
        "Gross Profit": 133,
        "Operating Income": 52,
        "EBIT": NaN,
        "Net Income": 52
    },
    "2018-12-31": {
        "Diluted EPS": 0.92,
        "Total Revenue": 141,
        "Gross Profit": 132,
        "Operating Income": 51,
        "EBIT": NaN,
        "Net Income": 51
    },
    "2018-09-30": {
        "Diluted EPS": 0.9,
        "Total Revenue": 137,
        "Gross Profit": 130,
        "Operating Income": 51,
        "EBIT": NaN,
        "Net Income": 50
    },
    "2018-06-30": {
        "Diluted EPS": 0.89,
        "Total Revenue": 135,
        "Gross Profit": 129,
        "Operating Income": 50,
        "EBIT": NaN,
        "Net Income": 50
    },
    "2018-03-31": {
        "Diluted EPS": 0.79,
        "Total Revenue": 125,
        "Gross Profit": 120,
        "Operating Income": 45,
        "EBIT": NaN,
        "Net Income": 44
    },
    "2017-12-31": {
        "Diluted EPS": 0.72,
        "Total Revenue": 123,
        "Gross Profit": 119,
        "Operating Income": 41,
        "EBIT": NaN,
        "Net Income": 40
    },
    "2017-09-30": {
        "Diluted EPS": 0.74,
        "Total Revenue": 119,
        "Gross Profit": 115,
        "Operating Income": 42,
        "EBIT": NaN,
        "Net Income": 41
    },
    "2017-06-30": {
        "Diluted EPS": 0.65,
        "Total Revenue": 116,
        "Gross Profit": 112,
        "Operating Income": 37,
        "EBIT": NaN,
        "Net Income": 36
    },
    "2017-03-31": {
        "Diluted EPS": 0.65,
        "Total Revenue": 111,
        "Gross Profit": 107,
        "Operating Income": 36,
        "EBIT": NaN,
        "Net Income": 36
    },
    "2016-12-31": {
        "Diluted EPS": -0.25,
        "Total Revenue": 111,
        "Gross Profit": 107,
        "Operating Income": 37,
        "EBIT": NaN,
        "Net Income": -10
    },
    "2016-09-30": {
        "Diluted EPS": 0.41,
        "Total Revenue": 105,
        "Gross Profit": 101,
        "Operating Income": 24,
        "EBIT": NaN,
        "Net Income": 20
    },
    "2016-06-30": {
        "Diluted EPS": 0.54,
        "Total Revenue": 106,
        "Gross Profit": 102,
        "Operating Income": 31,
        "EBIT": NaN,
        "Net Income": 26
    },
    "2016-03-31": {
        "Diluted EPS": 0.48,
        "Total Revenue": 102,
        "Gross Profit": 98,
        "Operating Income": 31,
        "EBIT": NaN,
        "Net Income": 23
    },
    "2015-12-31": {
        "Diluted EPS": 0.0,
        "Total Revenue": NaN,
        "Gross Profit": NaN,
        "Operating Income": NaN,
        "EBIT": NaN,
        "Net Income": NaN
    },
    "2015-09-30": {
        "Diluted EPS": 0.52,
        "Total Revenue": 102,
        "Gross Profit": 97,
        "Operating Income": 29,
        "EBIT": NaN,
        "Net Income": 25
    },
    "2014-12-31": {
        "Diluted EPS": 0.0,
        "Total Revenue": NaN,
        "Gross Profit": NaN,
        "Operating Income": NaN,
        "EBIT": NaN,
        "Net Income": NaN
    },
    "2023-09-30": {
        "Tax Effect Of Unusual Items": 69.798685,
        "Tax Rate For Calcs": 0.007755,
        "Total Unusual Items": 9000.0,
        "Total Unusual Items Excluding Goodwill": 9000.0,
        "Net Income From Continuing Operation Net Minority Interest": 48746000.0,
        "Reconciled Depreciation": 9088000.0,
        "Net Interest Income": 90192000.0,
        "Interest Expense": 47502000.0,
        "Interest Income": 137694000.0,
        "Normalized Income": 48737069.798685,
        "Net Income From Continuing And Discontinued Operation": 48746000.0,
        "Diluted Average Shares": 49140000.0,
        "Basic Average Shares": 48613000.0,
        "Diluted EPS": 0.99,
        "Basic EPS": 1.0,
        "Diluted NI Availto Com Stockholders": 48746000.0,
        "Net Income Common Stockholders": 48746000.0,
        "Net Income": 48746000.0,
        "Net Income Including Noncontrolling Interests": 48746000.0,
        "Net Income Continuous Operations": 48746000.0,
        "Tax Provision": 381000.0,
        "Pretax Income": 49127000.0,
        "Gain On Sale Of Security": -3000.0,
        "Depreciation Amortization Depletion Income Statement": 1438000.0,
        "Depreciation And Amortization In Income Statement": 1438000.0,
        "Amortization": 1438000.0,
        "Amortization Of Intangibles Income Statement": 1438000.0,
        "Selling General And Administration": 67436000.0,
        "Selling And Marketing Expense": 1549000.0,
        "General And Administrative Expense": 65887000.0,
        "Other Gand A": 15958000.0,
        "Salaries And Wages": 49929000.0,
        "Total Revenue": 142188000.0,
        "Operating Revenue": 142188000.0
    },
    "2023-12-31": {
        "Tax Effect Of Unusual Items": -16380.0,
        "Tax Rate For Calcs": 0.21,
        "Total Unusual Items": -78000.0,
        "Total Unusual Items Excluding Goodwill": -78000.0,
        "Net Income From Continuing Operation Net Minority Interest": 53542000.0,
        "Reconciled Depreciation": 9362000.0,
        "Net Interest Income": 86938000.0,
        "Interest Expense": 52625000.0,
        "Interest Income": 139563000.0,
        "Normalized Income": 53603620.0,
        "Net Income From Continuing And Discontinued Operation": 53542000.0,
        "Diluted Average Shares": 48099000.0,
        "Basic Average Shares": 47345133.0,
        "Diluted EPS": 1.11,
        "Basic EPS": 1.13,
        "Diluted NI Availto Com Stockholders": 53542000.0,
        "Net Income Common Stockholders": 53542000.0,
        "Net Income": 53542000.0,
        "Net Income Including Noncontrolling Interests": 53542000.0,
        "Net Income Continuous Operations": 53542000.0,
        "Tax Provision": -799000.0,
        "Pretax Income": 52743000.0,
        "Gain On Sale Of Security": 0.0,
        "Depreciation Amortization Depletion Income Statement": 1436000.0,
        "Depreciation And Amortization In Income Statement": 1436000.0,
        "Amortization": 1436000.0,
        "Amortization Of Intangibles Income Statement": 1436000.0,
        "Selling General And Administration": 10704000.0,
        "Selling And Marketing Expense": 1709000.0,
        "General And Administrative Expense": 8995000.0,
        "Other Gand A": NaN,
        "Salaries And Wages": 50077000.0,
        "Total Revenue": 146789000.0,
        "Operating Revenue": 146789000.0
    },
    "2024-03-31": {
        "Tax Effect Of Unusual Items": -188.781431,
        "Tax Rate For Calcs": 0.015732,
        "Total Unusual Items": -12000.0,
        "Total Unusual Items Excluding Goodwill": -12000.0,
        "Net Income From Continuing Operation Net Minority Interest": 53431000.0,
        "Reconciled Depreciation": -5878000.0,
        "Net Interest Income": 87078000.0,
        "Interest Expense": 55634000.0,
        "Interest Income": 142712000.0,
        "Normalized Income": 53442811.218569,
        "Net Income From Continuing And Discontinued Operation": 53431000.0,
        "Diluted Average Shares": 47167000.0,
        "Basic Average Shares": 46533000.0,
        "Diluted EPS": 1.13,
        "Basic EPS": 1.15,
        "Diluted NI Availto Com Stockholders": 53431000.0,
        "Net Income Common Stockholders": 53431000.0,
        "Net Income": 53431000.0,
        "Net Income Including Noncontrolling Interests": 53431000.0,
        "Net Income Continuous Operations": 53431000.0,
        "Tax Provision": 854000.0,
        "Pretax Income": 54285000.0,
        "Gain On Sale Of Security": 0.0,
        "Depreciation Amortization Depletion Income Statement": 1931000.0,
        "Depreciation And Amortization In Income Statement": 1931000.0,
        "Amortization": 1931000.0,
        "Amortization Of Intangibles Income Statement": 1931000.0,
        "Selling General And Administration": 44075000.0,
        "Selling And Marketing Expense": 1302000.0,
        "General And Administrative Expense": 42773000.0,
        "Other Gand A": NaN,
        "Salaries And Wages": 42773000.0,
        "Total Revenue": 142408000.0,
        "Operating Revenue": 142408000.0
    }
}