{
    "2023-06-30": {
        "Tax Effect Of Unusual Items": 0.0,
        "Tax Rate For Calcs": 0.213,
        "Normalized EBITDA": 18787000.0,
        "Total Unusual Items": 0.0,
        "Total Unusual Items Excluding Goodwill": 0.0,
        "Net Income From Continuing Operation Net Minority Interest": -4200000.0,
        "Reconciled Depreciation": 22028000.0,
        "Reconciled Cost Of Revenue": 41075000.0,
        "EBITDA": 18787000.0,
        "EBIT": -3241000.0,
        "Net Interest Income": 195000.0,
        "Interest Expense": 2093000.0,
        "Interest Income": 2288000.0,
        "Normalized Income": -4200000.0,
        "Net Income From Continuing And Discontinued Operation": -4200000.0,
        "Total Expenses": 215833000.0,
        "Total Operating Income As Reported": -4695000.0,
        "Diluted Average Shares": 71540000.0,
        "Basic Average Shares": 71540000.0,
        "Diluted EPS": -0.06,
        "Basic EPS": -0.06,
        "Diluted NI Availto Com Stockholders": -4200000.0,
        "Net Income Common Stockholders": -4200000.0,
        "Net Income": -4200000.0,
        "Net Income Including Noncontrolling Interests": -4200000.0,
        "Net Income Continuous Operations": -4200000.0,
        "Tax Provision": -1134000.0,
        "Pretax Income": -5334000.0,
        "Other Income Expense": -834000.0,
        "Other Non Operating Income Expenses": -834000.0,
        "Special Income Charges": 0.0,
        "Gain On Sale Of Business": NaN,
        "Impairment Of Capital Assets": 0.0,
        "Restructuring And Mergern Acquisition": 0.0,
        "Net Non Operating Interest Income Expense": 195000.0,
        "Interest Expense Non Operating": 2093000.0,
        "Interest Income Non Operating": 2288000.0,
        "Operating Income": -4695000.0,
        "Operating Expense": 165437000.0,
        "Depreciation Amortization Depletion Income Statement": 12707000.0,
        "Depreciation And Amortization In Income Statement": 12707000.0,
        "Amortization": 12707000.0,
        "Amortization Of Intangibles Income Statement": 12707000.0,
        "Research And Development": 45520000.0,
        "Selling General And Administration": 107210000.0,
        "Selling And Marketing Expense": 78996000.0,
        "General And Administrative Expense": 28214000.0,
        "Other Gand A": 28214000.0,
        "Gross Profit": 160742000.0,
        "Cost Of Revenue": 50396000.0,
        "Total Revenue": 211138000.0,
        "Operating Revenue": 211138000.0
    },
    "2023-03-31": {
        "Tax Effect Of Unusual Items": 4410.0,
        "Tax Rate For Calcs": 0.21,
        "Normalized EBITDA": 23765000.0,
        "Total Unusual Items": 21000.0,
        "Total Unusual Items Excluding Goodwill": 21000.0,
        "Net Income From Continuing Operation Net Minority Interest": -3221000.0,
        "Reconciled Depreciation": 21616000.0,
        "Reconciled Cost Of Revenue": 43215000.0,
        "EBITDA": 23786000.0,
        "EBIT": 2170000.0,
        "Net Interest Income": -816000.0,
        "Interest Expense": 3227000.0,
        "Interest Income": 2411000.0,
        "Normalized Income": -3237590.0,
        "Net Income From Continuing And Discontinued Operation": -3221000.0,
        "Total Expenses": 206476000.0,
        "Total Operating Income As Reported": 1638000.0,
        "Diluted Average Shares": 71066000.0,
        "Basic Average Shares": 71066000.0,
        "Diluted EPS": -0.05,
        "Basic EPS": -0.05,
        "Diluted NI Availto Com Stockholders": -3221000.0,
        "Net Income Common Stockholders": -3221000.0,
        "Net Income": -3221000.0,
        "Net Income Including Noncontrolling Interests": -3221000.0,
        "Net Income Continuous Operations": -3221000.0,
        "Tax Provision": 2164000.0,
        "Pretax Income": -1057000.0,
        "Other Income Expense": -1858000.0,
        "Other Non Operating Income Expenses": -1879000.0,
        "Special Income Charges": 21000.0,
        "Gain On Sale Of Business": NaN,
        "Impairment Of Capital Assets": NaN,
        "Restructuring And Mergern Acquisition": -21000.0,
        "Net Non Operating Interest Income Expense": -816000.0,
        "Interest Expense Non Operating": 3227000.0,
        "Interest Income Non Operating": 2411000.0,
        "Operating Income": 1617000.0,
        "Operating Expense": 155535000.0,
        "Depreciation Amortization Depletion Income Statement": 13890000.0,
        "Depreciation And Amortization In Income Statement": 13890000.0,
        "Amortization": 13890000.0,
        "Amortization Of Intangibles Income Statement": 13890000.0,
        "Research And Development": 46241000.0,
        "Selling General And Administration": 95404000.0,
        "Selling And Marketing Expense": 67478000.0,
        "General And Administrative Expense": 27926000.0,
        "Other Gand A": 27926000.0,
        "Gross Profit": 157152000.0,
        "Cost Of Revenue": 50941000.0,
        "Total Revenue": 208093000.0,
        "Operating Revenue": 208093000.0
    },
    "2022-12-31": {
        "Tax Effect Of Unusual Items": NaN,
        "Tax Rate For Calcs": NaN,
        "Normalized EBITDA": NaN,
        "Total Unusual Items": NaN,
        "Total Unusual Items Excluding Goodwill": NaN,
        "Net Income From Continuing Operation Net Minority Interest": NaN,
        "Reconciled Depreciation": NaN,
        "Reconciled Cost Of Revenue": NaN,
        "EBITDA": NaN,
        "EBIT": NaN,
        "Net Interest Income": NaN,
        "Interest Expense": NaN,
        "Interest Income": NaN,
        "Normalized Income": NaN,
        "Net Income From Continuing And Discontinued Operation": NaN,
        "Total Expenses": NaN,
        "Total Operating Income As Reported": NaN,
        "Diluted Average Shares": NaN,
        "Basic Average Shares": NaN,
        "Diluted EPS": NaN,
        "Basic EPS": NaN,
        "Diluted NI Availto Com Stockholders": NaN,
        "Net Income Common Stockholders": NaN,
        "Net Income": NaN,
        "Net Income Including Noncontrolling Interests": NaN,
        "Net Income Continuous Operations": NaN,
        "Tax Provision": NaN,
        "Pretax Income": NaN,
        "Other Income Expense": NaN,
        "Other Non Operating Income Expenses": NaN,
        "Special Income Charges": NaN,
        "Gain On Sale Of Business": 0.0,
        "Impairment Of Capital Assets": 0.0,
        "Restructuring And Mergern Acquisition": NaN,
        "Net Non Operating Interest Income Expense": NaN,
        "Interest Expense Non Operating": NaN,
        "Interest Income Non Operating": NaN,
        "Operating Income": NaN,
        "Operating Expense": NaN,
        "Depreciation Amortization Depletion Income Statement": NaN,
        "Depreciation And Amortization In Income Statement": NaN,
        "Amortization": NaN,
        "Amortization Of Intangibles Income Statement": NaN,
        "Research And Development": NaN,
        "Selling General And Administration": NaN,
        "Selling And Marketing Expense": NaN,
        "General And Administrative Expense": NaN,
        "Other Gand A": NaN,
        "Gross Profit": NaN,
        "Cost Of Revenue": NaN,
        "Total Revenue": NaN,
        "Operating Revenue": NaN
    },
    "2022-09-30": {
        "Tax Effect Of Unusual Items": NaN,
        "Tax Rate For Calcs": NaN,
        "Normalized EBITDA": NaN,
        "Total Unusual Items": NaN,
        "Total Unusual Items Excluding Goodwill": NaN,
        "Net Income From Continuing Operation Net Minority Interest": NaN,
        "Reconciled Depreciation": NaN,
        "Reconciled Cost Of Revenue": NaN,
        "EBITDA": NaN,
        "EBIT": NaN,
        "Net Interest Income": NaN,
        "Interest Expense": NaN,
        "Interest Income": NaN,
        "Normalized Income": NaN,
        "Net Income From Continuing And Discontinued Operation": NaN,
        "Total Expenses": NaN,
        "Total Operating Income As Reported": NaN,
        "Diluted Average Shares": NaN,
        "Basic Average Shares": NaN,
        "Diluted EPS": NaN,
        "Basic EPS": NaN,
        "Diluted NI Availto Com Stockholders": NaN,
        "Net Income Common Stockholders": NaN,
        "Net Income": NaN,
        "Net Income Including Noncontrolling Interests": NaN,
        "Net Income Continuous Operations": NaN,
        "Tax Provision": NaN,
        "Pretax Income": NaN,
        "Other Income Expense": NaN,
        "Other Non Operating Income Expenses": NaN,
        "Special Income Charges": NaN,
        "Gain On Sale Of Business": 0.0,
        "Impairment Of Capital Assets": NaN,
        "Restructuring And Mergern Acquisition": NaN,
        "Net Non Operating Interest Income Expense": NaN,
        "Interest Expense Non Operating": NaN,
        "Interest Income Non Operating": NaN,
        "Operating Income": NaN,
        "Operating Expense": NaN,
        "Depreciation Amortization Depletion Income Statement": NaN,
        "Depreciation And Amortization In Income Statement": NaN,
        "Amortization": NaN,
        "Amortization Of Intangibles Income Statement": NaN,
        "Research And Development": NaN,
        "Selling General And Administration": NaN,
        "Selling And Marketing Expense": NaN,
        "General And Administrative Expense": NaN,
        "Other Gand A": NaN,
        "Gross Profit": NaN,
        "Cost Of Revenue": NaN,
        "Total Revenue": NaN,
        "Operating Revenue": NaN
    },
    "2022-06-30": {
        "Tax Effect Of Unusual Items": -567680.0,
        "Tax Rate For Calcs": 0.32,
        "Normalized EBITDA": 14738000.0,
        "Total Unusual Items": -1774000.0,
        "Total Unusual Items Excluding Goodwill": -1774000.0,
        "Net Income From Continuing Operation Net Minority Interest": -7132000.0,
        "Reconciled Depreciation": 21585000.0,
        "Reconciled Cost Of Revenue": 50010000.0,
        "EBITDA": 12964000.0,
        "EBIT": -8621000.0,
        "Net Interest Income": -1588000.0,
        "Interest Expense": 1864000.0,
        "Interest Income": 276000.0,
        "Normalized Income": -5925680.0,
        "Net Income From Continuing And Discontinued Operation": -7132000.0,
        "Total Expenses": 216165000.0,
        "Total Operating Income As Reported": -9127000.0,
        "Diluted Average Shares": 72452000.0,
        "Basic Average Shares": 72452000.0,
        "Diluted EPS": -0.1,
        "Basic EPS": -0.1,
        "Diluted NI Availto Com Stockholders": -7132000.0,
        "Net Income Common Stockholders": -7132000.0,
        "Net Income": -7132000.0,
        "Net Income Including Noncontrolling Interests": -7132000.0,
        "Net Income Continuous Operations": -7132000.0,
        "Tax Provision": -3353000.0,
        "Pretax Income": -10485000.0,
        "Other Income Expense": -1544000.0,
        "Other Non Operating Income Expenses": 230000.0,
        "Special Income Charges": -1774000.0,
        "Restructuring And Mergern Acquisition": 1774000.0,
        "Net Non Operating Interest Income Expense": -1588000.0,
        "Interest Expense Non Operating": 1864000.0,
        "Interest Income Non Operating": 276000.0,
        "Operating Income": -7353000.0,
        "Operating Expense": 158451000.0,
        "Depreciation Amortization Depletion Income Statement": 13881000.0,
        "Depreciation And Amortization In Income Statement": 13881000.0,
        "Amortization": 13881000.0,
        "Amortization Of Intangibles Income Statement": 13881000.0,
        "Research And Development": 43457000.0,
        "Selling General And Administration": 101113000.0,
        "Selling And Marketing Expense": 76323000.0,
        "General And Administrative Expense": 24790000.0,
        "Other Gand A": 24790000.0,
        "Gross Profit": 151098000.0,
        "Cost Of Revenue": 57714000.0,
        "Total Revenue": 208812000.0,
        "Operating Revenue": 208812000.0
    },
    "2022-03-31": {
        "Diluted EPS": -0.12,
        "Total Revenue": 191,
        "Gross Profit": 144,
        "Operating Income": -8,
        "EBIT": 15,
        "Net Income": -8
    },
    "2021-12-31": {
        "Diluted EPS": 0.64,
        "Total Revenue": 262,
        "Gross Profit": 202,
        "Operating Income": 55,
        "EBIT": 79,
        "Net Income": 48
    },
    "2021-09-30": {
        "Diluted EPS": 0.11,
        "Total Revenue": 212,
        "Gross Profit": 160,
        "Operating Income": 12,
        "EBIT": 36,
        "Net Income": 8
    },
    "2021-06-30": {
        "Diluted EPS": -0.15,
        "Total Revenue": 190,
        "Gross Profit": 136,
        "Operating Income": -11,
        "EBIT": 14,
        "Net Income": -11
    },
    "2021-03-31": {
        "Diluted EPS": 0.16,
        "Total Revenue": 213,
        "Gross Profit": 158,
        "Operating Income": 16,
        "EBIT": 42,
        "Net Income": 11
    },
    "2020-12-31": {
        "Diluted EPS": 0.39,
        "Total Revenue": 229,
        "Gross Profit": 173,
        "Operating Income": 32,
        "EBIT": 58,
        "Net Income": 29
    },
    "2020-09-30": {
        "Diluted EPS": -0.05,
        "Total Revenue": 205,
        "Gross Profit": 146,
        "Operating Income": 4,
        "EBIT": 31,
        "Net Income": -4
    },
    "2020-06-30": {
        "Diluted EPS": -0.24,
        "Total Revenue": 184,
        "Gross Profit": 131,
        "Operating Income": -14,
        "EBIT": 12,
        "Net Income": -17
    },
    "2020-03-31": {
        "Diluted EPS": 0.08,
        "Total Revenue": 229,
        "Gross Profit": 167,
        "Operating Income": 13,
        "EBIT": 41,
        "Net Income": 7
    },
    "2019-12-31": {
        "Diluted EPS": 0.49,
        "Total Revenue": 260,
        "Gross Profit": 194,
        "Operating Income": 37,
        "EBIT": 66,
        "Net Income": 37
    },
    "2019-09-30": {
        "Diluted EPS": -0.23,
        "Total Revenue": 216,
        "Gross Profit": 157,
        "Operating Income": -7,
        "EBIT": 22,
        "Net Income": -17
    },
    "2019-06-30": {
        "Diluted EPS": -0.38,
        "Total Revenue": 186,
        "Gross Profit": 131,
        "Operating Income": -24,
        "EBIT": 5,
        "Net Income": -29
    },
    "2019-03-31": {
        "Diluted EPS": 0.24,
        "Total Revenue": 235,
        "Gross Profit": 176,
        "Operating Income": 29,
        "EBIT": 25,
        "Net Income": 19
    },
    "2018-12-31": {
        "Diluted EPS": -0.05,
        "Total Revenue": 246,
        "Gross Profit": 176,
        "Operating Income": -1,
        "EBIT": 67,
        "Net Income": -4
    },
    "2018-09-30": {
        "Diluted EPS": -0.34,
        "Total Revenue": 224,
        "Gross Profit": 160,
        "Operating Income": -23,
        "EBIT": -25,
        "Net Income": -26
    },
    "2018-06-30": {
        "Diluted EPS": -0.78,
        "Total Revenue": 205,
        "Gross Profit": 143,
        "Operating Income": -77,
        "EBIT": -1,
        "Net Income": -63
    },
    "2018-03-31": {
        "Diluted EPS": 0.18,
        "Total Revenue": 235,
        "Gross Profit": 169,
        "Operating Income": -8,
        "EBIT": 33,
        "Net Income": 17
    },
    "2017-12-31": {
        "Diluted EPS": 1.02,
        "Total Revenue": 269,
        "Gross Profit": 204,
        "Operating Income": 38,
        "EBIT": 76,
        "Net Income": 90
    },
    "2017-09-30": {
        "Diluted EPS": -0.03,
        "Total Revenue": 257,
        "Gross Profit": 183,
        "Operating Income": -1,
        "EBIT": 36,
        "Net Income": -2
    },
    "2017-06-30": {
        "Diluted EPS": -0.27,
        "Total Revenue": 226,
        "Gross Profit": 159,
        "Operating Income": -34,
        "EBIT": 4,
        "Net Income": -24
    },
    "2017-03-31": {
        "Diluted EPS": 0.24,
        "Total Revenue": 319,
        "Gross Profit": 226,
        "Operating Income": 39,
        "EBIT": 79,
        "Net Income": 22
    },
    "2016-12-31": {
        "Diluted EPS": 0.23,
        "Total Revenue": 302,
        "Gross Profit": 221,
        "Operating Income": 33,
        "EBIT": 74,
        "Net Income": 21
    },
    "2016-09-30": {
        "Diluted EPS": -0.01,
        "Total Revenue": 272,
        "Gross Profit": 188,
        "Operating Income": 1,
        "EBIT": 41,
        "Net Income": -1
    },
    "2016-06-30": {
        "Diluted EPS": -0.1,
        "Total Revenue": 269,
        "Gross Profit": 182,
        "Operating Income": -11,
        "EBIT": 29,
        "Net Income": -9
    },
    "2016-03-31": {
        "Diluted EPS": -0.2,
        "Total Revenue": 286,
        "Gross Profit": 185,
        "Operating Income": -5,
        "EBIT": 37,
        "Net Income": -4
    },
    "2015-12-31": {
        "Diluted EPS": -0.25,
        "Total Revenue": 308,
        "Gross Profit": 202,
        "Operating Income": 2,
        "EBIT": 48,
        "Net Income": -25
    },
    "2015-09-30": {
        "Diluted EPS": -0.09,
        "Total Revenue": 261,
        "Gross Profit": 161,
        "Operating Income": -35,
        "EBIT": 12,
        "Net Income": -8
    },
    "2015-06-30": {
        "Diluted EPS": 0.19,
        "Total Revenue": 101,
        "Gross Profit": 79,
        "Operating Income": 12,
        "EBIT": 17,
        "Net Income": 8
    },
    "2015-03-31": {
        "Diluted EPS": 0.51,
        "Total Revenue": 119,
        "Gross Profit": 96,
        "Operating Income": 31,
        "EBIT": 36,
        "Net Income": 21
    },
    "2014-12-31": {
        "Diluted EPS": 0.42,
        "Total Revenue": 123,
        "Gross Profit": 96,
        "Operating Income": 28,
        "EBIT": 33,
        "Net Income": 18
    },
    "2014-09-30": {
        "Diluted EPS": 0.27,
        "Total Revenue": 104,
        "Gross Profit": 82,
        "Operating Income": 19,
        "EBIT": 24,
        "Net Income": 11
    },
    "2014-06-30": {
        "Diluted EPS": 0.27,
        "Total Revenue": 108,
        "Gross Profit": 85,
        "Operating Income": 20,
        "EBIT": 24,
        "Net Income": 11
    },
    "2014-03-31": {
        "Diluted EPS": 0.4,
        "Total Revenue": 112,
        "Gross Profit": 88,
        "Operating Income": 26,
        "EBIT": 30,
        "Net Income": 17
    },
    "2013-12-31": {
        "Diluted EPS": 0.41,
        "Total Revenue": 110,
        "Gross Profit": 87,
        "Operating Income": 27,
        "EBIT": 32,
        "Net Income": 17
    },
    "2013-09-30": {
        "Diluted EPS": 0.24,
        "Total Revenue": 92,
        "Gross Profit": 72,
        "Operating Income": 16,
        "EBIT": 21,
        "Net Income": 10
    },
    "2013-06-30": {
        "Diluted EPS": 0.12,
        "Total Revenue": 82,
        "Gross Profit": 65,
        "Operating Income": 9,
        "EBIT": 14,
        "Net Income": 5
    },
    "2013-03-31": {
        "Diluted EPS": 0.35,
        "Total Revenue": 98,
        "Gross Profit": 77,
        "Operating Income": 22,
        "EBIT": 26,
        "Net Income": 15
    },
    "2012-12-31": {
        "Diluted EPS": 0.26,
        "Total Revenue": 92,
        "Gross Profit": 72,
        "Operating Income": 18,
        "EBIT": 22,
        "Net Income": 11
    },
    "2012-09-30": {
        "Diluted EPS": 0.23,
        "Total Revenue": 85,
        "Gross Profit": 68,
        "Operating Income": 17,
        "EBIT": 22,
        "Net Income": 10
    },
    "2012-06-30": {
        "Diluted EPS": 0.12,
        "Total Revenue": 76,
        "Gross Profit": 59,
        "Operating Income": 8,
        "EBIT": 13,
        "Net Income": 5
    },
    "2012-03-31": {
        "Diluted EPS": 0.29,
        "Total Revenue": 89,
        "Gross Profit": 71,
        "Operating Income": 20,
        "EBIT": 25,
        "Net Income": 13
    },
    "2011-12-31": {
        "Diluted EPS": 0.24,
        "Total Revenue": 83,
        "Gross Profit": 66,
        "Operating Income": 17,
        "EBIT": 22,
        "Net Income": 10
    },
    "2011-09-30": {
        "Diluted EPS": 0.17,
        "Total Revenue": 73,
        "Gross Profit": 57,
        "Operating Income": 12,
        "EBIT": 16,
        "Net Income": 7
    },
    "2011-06-30": {
        "Diluted EPS": 0.06,
        "Total Revenue": 63,
        "Gross Profit": 49,
        "Operating Income": 4,
        "EBIT": 8,
        "Net Income": 2
    },
    "2011-03-31": {
        "Diluted EPS": 0.25,
        "Total Revenue": 78,
        "Gross Profit": 62,
        "Operating Income": 17,
        "EBIT": 20,
        "Net Income": 11
    },
    "2010-12-31": {
        "Diluted EPS": 0.26,
        "Total Revenue": 76,
        "Gross Profit": 60,
        "Operating Income": 16,
        "EBIT": 20,
        "Net Income": 11
    },
    "2010-09-30": {
        "Diluted EPS": 0.19,
        "Total Revenue": 69,
        "Gross Profit": 55,
        "Operating Income": 13,
        "EBIT": 17,
        "Net Income": 8
    },
    "2010-06-30": {
        "Diluted EPS": 0.17,
        "Total Revenue": 67,
        "Gross Profit": 52,
        "Operating Income": 12,
        "EBIT": 15,
        "Net Income": 7
    },
    "2010-03-31": {
        "Diluted EPS": 0.17,
        "Total Revenue": 72,
        "Gross Profit": 56,
        "Operating Income": 12,
        "EBIT": 15,
        "Net Income": 7
    },
    "2009-12-31": {
        "Diluted EPS": 0.2,
        "Total Revenue": 71,
        "Gross Profit": 55,
        "Operating Income": 14,
        "EBIT": 18,
        "Net Income": 9
    },
    "2009-09-30": {
        "Diluted EPS": 0.17,
        "Total Revenue": 60,
        "Gross Profit": 47,
        "Operating Income": 12,
        "EBIT": 15,
        "Net Income": 7
    },
    "2009-06-30": {
        "Diluted EPS": 0.13,
        "Total Revenue": 58,
        "Gross Profit": 46,
        "Operating Income": 9,
        "EBIT": 12,
        "Net Income": 5
    },
    "2009-03-31": {
        "Diluted EPS": 0.13,
        "Total Revenue": 66,
        "Gross Profit": 51,
        "Operating Income": 10,
        "EBIT": 13,
        "Net Income": 6
    },
    "2023-09-30": {
        "Tax Effect Of Unusual Items": 833514.0,
        "Tax Rate For Calcs": 0.219,
        "Normalized EBITDA": 42224000.0,
        "Total Unusual Items": 3806000.0,
        "Total Unusual Items Excluding Goodwill": 3806000.0,
        "Net Income From Continuing Operation Net Minority Interest": 21462000.0,
        "Reconciled Depreciation": 16382000.0,
        "Reconciled Cost Of Revenue": 39220000.0,
        "EBITDA": 46030000.0,
        "EBIT": 29648000.0,
        "Net Interest Income": 335000.0,
        "Interest Expense": 2174000.0,
        "Interest Income": 2509000.0,
        "Normalized Income": 18489514.0,
        "Net Income From Continuing And Discontinued Operation": 21462000.0,
        "Total Expenses": 174316000.0,
        "Total Operating Income As Reported": 26292000.0,
        "Diluted Average Shares": 72797000.0,
        "Basic Average Shares": 72112000.0,
        "Diluted EPS": 0.29,
        "Basic EPS": 0.3,
        "Diluted NI Availto Com Stockholders": 21462000.0,
        "Net Income Common Stockholders": 21462000.0,
        "Net Income": 21462000.0,
        "Net Income Including Noncontrolling Interests": 21462000.0,
        "Net Income Continuous Operations": 21462000.0,
        "Tax Provision": 6012000.0,
        "Pretax Income": 27474000.0,
        "Other Income Expense": 4653000.0,
        "Other Non Operating Income Expenses": 847000.0,
        "Special Income Charges": 3806000.0,
        "Gain On Sale Of Business": 3806000.0,
        "Impairment Of Capital Assets": NaN,
        "Restructuring And Mergern Acquisition": 0.0,
        "Net Non Operating Interest Income Expense": 335000.0,
        "Interest Expense Non Operating": 2174000.0,
        "Interest Income Non Operating": 2509000.0,
        "Operating Income": 22486000.0,
        "Operating Expense": 131264000.0,
        "Depreciation Amortization Depletion Income Statement": 12550000.0,
        "Depreciation And Amortization In Income Statement": 12550000.0,
        "Amortization": 12550000.0,
        "Amortization Of Intangibles Income Statement": 12550000.0,
        "Research And Development": 35112000.0,
        "Selling General And Administration": 83602000.0,
        "Selling And Marketing Expense": 60950000.0,
        "General And Administrative Expense": 22652000.0,
        "Other Gand A": 22652000.0,
        "Gross Profit": 153750000.0,
        "Cost Of Revenue": 43052000.0,
        "Total Revenue": 196802000.0,
        "Operating Revenue": 196802000.0
    },
    "2023-12-31": {
        "Tax Effect Of Unusual Items": -1503954.0,
        "Tax Rate For Calcs": 0.009,
        "Normalized EBITDA": 54114000.0,
        "Total Unusual Items": -167106000.0,
        "Total Unusual Items Excluding Goodwill": -167106000.0,
        "Net Income From Continuing Operation Net Minority Interest": -132577000.0,
        "Reconciled Depreciation": 18518000.0,
        "Reconciled Cost Of Revenue": 37639000.0,
        "EBITDA": -112992000.0,
        "EBIT": -131510000.0,
        "Net Interest Income": -63000.0,
        "Interest Expense": 2208000.0,
        "Interest Income": 2145000.0,
        "Normalized Income": 33025046.0,
        "Net Income From Continuing And Discontinued Operation": -132577000.0,
        "Total Expenses": 185413000.0,
        "Total Operating Income As Reported": -134447000.0,
        "Diluted Average Shares": 71077000.0,
        "Basic Average Shares": 71077000.0,
        "Diluted EPS": -1.87,
        "Basic EPS": -1.87,
        "Diluted NI Availto Com Stockholders": -132577000.0,
        "Net Income Common Stockholders": -132577000.0,
        "Net Income": -132577000.0,
        "Net Income Including Noncontrolling Interests": -132577000.0,
        "Net Income Continuous Operations": -132577000.0,
        "Tax Provision": -1141000.0,
        "Pretax Income": -133718000.0,
        "Other Income Expense": -166314000.0,
        "Other Non Operating Income Expenses": 792000.0,
        "Special Income Charges": -167106000.0,
        "Gain On Sale Of Business": 0.0,
        "Impairment Of Capital Assets": 167106000.0,
        "Restructuring And Mergern Acquisition": 0.0,
        "Net Non Operating Interest Income Expense": -63000.0,
        "Interest Expense Non Operating": 2208000.0,
        "Interest Income Non Operating": 2145000.0,
        "Operating Income": 32659000.0,
        "Operating Expense": 141789000.0,
        "Depreciation Amortization Depletion Income Statement": 12533000.0,
        "Depreciation And Amortization In Income Statement": 12533000.0,
        "Amortization": 12533000.0,
        "Amortization Of Intangibles Income Statement": 12533000.0,
        "Research And Development": 37023000.0,
        "Selling General And Administration": 92233000.0,
        "Selling And Marketing Expense": 69124000.0,
        "General And Administrative Expense": 23109000.0,
        "Other Gand A": 23109000.0,
        "Gross Profit": 174448000.0,
        "Cost Of Revenue": 43624000.0,
        "Total Revenue": 218072000.0,
        "Operating Revenue": 218072000.0
    },
    "2024-03-31": {
        "Tax Effect Of Unusual Items": -781276.630633,
        "Tax Rate For Calcs": 0.015578,
        "Normalized EBITDA": 37456000.0,
        "Total Unusual Items": -50154000.0,
        "Total Unusual Items Excluding Goodwill": -50154000.0,
        "Net Income From Continuing Operation Net Minority Interest": -32419000.0,
        "Reconciled Depreciation": 18058000.0,
        "Reconciled Cost Of Revenue": 44829000.0,
        "EBITDA": -12698000.0,
        "EBIT": -30756000.0,
        "Net Interest Income": 484000.0,
        "Interest Expense": 2176000.0,
        "Interest Income": 2660000.0,
        "Normalized Income": 16953723.369367,
        "Net Income From Continuing And Discontinued Operation": -32419000.0,
        "Total Expenses": 190265000.0,
        "Total Operating Income As Reported": -36976000.0,
        "Diluted Average Shares": 71164000.0,
        "Basic Average Shares": 71164000.0,
        "Diluted EPS": -0.46,
        "Basic EPS": -0.46,
        "Diluted NI Availto Com Stockholders": -32419000.0,
        "Net Income Common Stockholders": -32419000.0,
        "Net Income": -32419000.0,
        "Net Income Including Noncontrolling Interests": -32419000.0,
        "Net Income Continuous Operations": -32419000.0,
        "Tax Provision": -513000.0,
        "Pretax Income": -32932000.0,
        "Other Income Expense": -46594000.0,
        "Other Non Operating Income Expenses": 3560000.0,
        "Special Income Charges": -50154000.0,
        "Gain On Sale Of Business": 0.0,
        "Impairment Of Capital Assets": 50154000.0,
        "Restructuring And Mergern Acquisition": 0.0,
        "Net Non Operating Interest Income Expense": 484000.0,
        "Interest Expense Non Operating": 2176000.0,
        "Interest Income Non Operating": 2660000.0,
        "Operating Income": 13178000.0,
        "Operating Expense": 139925000.0,
        "Depreciation Amortization Depletion Income Statement": 12547000.0,
        "Depreciation And Amortization In Income Statement": 12547000.0,
        "Amortization": 12547000.0,
        "Amortization Of Intangibles Income Statement": 12547000.0,
        "Research And Development": 43558000.0,
        "Selling General And Administration": 83820000.0,
        "Selling And Marketing Expense": 61909000.0,
        "General And Administrative Expense": 21911000.0,
        "Other Gand A": 21911000.0,
        "Gross Profit": 153103000.0,
        "Cost Of Revenue": 50340000.0,
        "Total Revenue": 203443000.0,
        "Operating Revenue": 203443000.0
    },
    "2024-06-30": {
        "Tax Effect Of Unusual Items": -10201190.0,
        "Tax Rate For Calcs": 0.023,
        "Normalized EBITDA": 10790000.0,
        "Total Unusual Items": -443530000.0,
        "Total Unusual Items Excluding Goodwill": -443530000.0,
        "Net Income From Continuing Operation Net Minority Interest": -443376000.0,
        "Reconciled Depreciation": 19011000.0,
        "Reconciled Cost Of Revenue": 36972000.0,
        "EBITDA": -432740000.0,
        "EBIT": -451751000.0,
        "Net Interest Income": 1153000.0,
        "Interest Expense": 1945000.0,
        "Interest Income": 3098000.0,
        "Normalized Income": -10047190.0,
        "Net Income From Continuing And Discontinued Operation": -443376000.0,
        "Total Expenses": 194359000.0,
        "Total Operating Income As Reported": -463324000.0,
        "Diluted Average Shares": 71467000.0,
        "Basic Average Shares": 71467000.0,
        "Diluted EPS": -6.2,
        "Basic EPS": -6.2,
        "Diluted NI Availto Com Stockholders": -443376000.0,
        "Net Income Common Stockholders": -443376000.0,
        "Net Income": -443376000.0,
        "Net Income Including Noncontrolling Interests": -443376000.0,
        "Net Income Continuous Operations": -443376000.0,
        "Tax Provision": -10320000.0,
        "Pretax Income": -453696000.0,
        "Other Income Expense": -435055000.0,
        "Other Non Operating Income Expenses": 8475000.0,
        "Special Income Charges": -443530000.0,
        "Gain On Sale Of Business": NaN,
        "Impairment Of Capital Assets": 426967000.0,
        "Restructuring And Mergern Acquisition": 16563000.0,
        "Net Non Operating Interest Income Expense": 1153000.0,
        "Interest Expense Non Operating": 1945000.0,
        "Interest Income Non Operating": 3098000.0,
        "Operating Income": -19794000.0,
        "Operating Expense": 149990000.0,
        "Depreciation Amortization Depletion Income Statement": 11614000.0,
        "Depreciation And Amortization In Income Statement": 11614000.0,
        "Amortization": 11614000.0,
        "Amortization Of Intangibles Income Statement": 11614000.0,
        "Research And Development": 42465000.0,
        "Selling General And Administration": 95911000.0,
        "Selling And Marketing Expense": 70330000.0,
        "General And Administrative Expense": 25581000.0,
        "Other Gand A": 25581000.0,
        "Gross Profit": 130196000.0,
        "Cost Of Revenue": 44369000.0,
        "Total Revenue": 174565000.0,
        "Operating Revenue": 174565000.0
    }
}