{
    "2023-03-31": {
        "Tax Effect Of Unusual Items": NaN,
        "Tax Rate For Calcs": NaN,
        "Normalized EBITDA": NaN,
        "Total Unusual Items": NaN,
        "Total Unusual Items Excluding Goodwill": NaN,
        "Net Income From Continuing Operation Net Minority Interest": NaN,
        "Reconciled Depreciation": NaN,
        "Reconciled Cost Of Revenue": NaN,
        "EBITDA": NaN,
        "EBIT": NaN,
        "Net Interest Income": NaN,
        "Interest Income": NaN,
        "Normalized Income": NaN,
        "Net Income From Continuing And Discontinued Operation": NaN,
        "Total Expenses": NaN,
        "Total Operating Income As Reported": NaN,
        "Diluted Average Shares": NaN,
        "Basic Average Shares": NaN,
        "Diluted EPS": NaN,
        "Basic EPS": NaN,
        "Diluted NI Availto Com Stockholders": NaN,
        "Net Income Common Stockholders": NaN,
        "Net Income": NaN,
        "Minority Interests": NaN,
        "Net Income Including Noncontrolling Interests": NaN,
        "Net Income Discontinuous Operations": 0.0,
        "Net Income Continuous Operations": NaN,
        "Tax Provision": NaN,
        "Pretax Income": NaN,
        "Other Income Expense": NaN,
        "Other Non Operating Income Expenses": NaN,
        "Gain On Sale Of Security": NaN,
        "Net Non Operating Interest Income Expense": NaN,
        "Interest Income Non Operating": NaN,
        "Operating Income": NaN,
        "Operating Expense": NaN,
        "Research And Development": NaN,
        "Selling General And Administration": NaN,
        "Selling And Marketing Expense": NaN,
        "General And Administrative Expense": NaN,
        "Other Gand A": NaN,
        "Salaries And Wages": 326634000.0,
        "Gross Profit": NaN,
        "Cost Of Revenue": NaN,
        "Total Revenue": NaN,
        "Operating Revenue": NaN
    },
    "2022-12-31": {
        "Tax Effect Of Unusual Items": NaN,
        "Tax Rate For Calcs": NaN,
        "Normalized EBITDA": NaN,
        "Total Unusual Items": NaN,
        "Total Unusual Items Excluding Goodwill": NaN,
        "Net Income From Continuing Operation Net Minority Interest": NaN,
        "Reconciled Depreciation": NaN,
        "Reconciled Cost Of Revenue": NaN,
        "EBITDA": NaN,
        "EBIT": NaN,
        "Net Interest Income": NaN,
        "Interest Income": NaN,
        "Normalized Income": NaN,
        "Net Income From Continuing And Discontinued Operation": NaN,
        "Total Expenses": NaN,
        "Total Operating Income As Reported": NaN,
        "Diluted Average Shares": NaN,
        "Basic Average Shares": NaN,
        "Diluted EPS": NaN,
        "Basic EPS": NaN,
        "Diluted NI Availto Com Stockholders": NaN,
        "Net Income Common Stockholders": NaN,
        "Net Income": NaN,
        "Minority Interests": NaN,
        "Net Income Including Noncontrolling Interests": NaN,
        "Net Income Discontinuous Operations": 0.0,
        "Net Income Continuous Operations": NaN,
        "Tax Provision": NaN,
        "Pretax Income": NaN,
        "Other Income Expense": NaN,
        "Other Non Operating Income Expenses": NaN,
        "Gain On Sale Of Security": NaN,
        "Net Non Operating Interest Income Expense": NaN,
        "Interest Income Non Operating": NaN,
        "Operating Income": NaN,
        "Operating Expense": NaN,
        "Research And Development": NaN,
        "Selling General And Administration": NaN,
        "Selling And Marketing Expense": NaN,
        "General And Administrative Expense": NaN,
        "Other Gand A": NaN,
        "Salaries And Wages": NaN,
        "Gross Profit": NaN,
        "Cost Of Revenue": NaN,
        "Total Revenue": NaN,
        "Operating Revenue": NaN
    },
    "2022-09-30": {
        "Tax Effect Of Unusual Items": 530712614.9302,
        "Tax Rate For Calcs": 0.193316,
        "Normalized EBITDA": 2710314000.0,
        "Total Unusual Items": 2745314000.0,
        "Total Unusual Items Excluding Goodwill": 2745314000.0,
        "Net Income From Continuing Operation Net Minority Interest": 6699364000.0,
        "Reconciled Depreciation": 713852000.0,
        "Reconciled Cost Of Revenue": 10682868000.0,
        "EBITDA": 5455628000.0,
        "EBIT": 4741776000.0,
        "Net Interest Income": 556148000.0,
        "Interest Income": 556148000.0,
        "Normalized Income": 4484762614.9302,
        "Net Income From Continuing And Discontinued Operation": 6699364000.0,
        "Total Expenses": 19684984000.0,
        "Total Operating Income As Reported": 4741776000.0,
        "Diluted Average Shares": 658753200.0,
        "Basic Average Shares": 652597800.0,
        "Diluted EPS": 10.15,
        "Basic EPS": 10.25,
        "Diluted NI Availto Com Stockholders": 6699364000.0,
        "Net Income Common Stockholders": 6699364000.0,
        "Net Income": 6699364000.0,
        "Minority Interests": 78364000.0,
        "Net Income Including Noncontrolling Interests": 6621000000.0,
        "Net Income Discontinuous Operations": 0.0,
        "Net Income Continuous Operations": 6621000000.0,
        "Tax Provision": 1586673000.0,
        "Pretax Income": 8207673000.0,
        "Other Income Expense": 2909749000.0,
        "Other Non Operating Income Expenses": 164435000.0,
        "Gain On Sale Of Security": 2745314000.0,
        "Net Non Operating Interest Income Expense": 556148000.0,
        "Interest Income Non Operating": 556148000.0,
        "Operating Income": 4741776000.0,
        "Operating Expense": 9002116000.0,
        "Research And Development": 3969156000.0,
        "Selling General And Administration": 5032960000.0,
        "Selling And Marketing Expense": 3768618000.0,
        "General And Administrative Expense": 1264342000.0,
        "Other Gand A": 1264342000.0,
        "Salaries And Wages": NaN,
        "Gross Profit": 13743892000.0,
        "Cost Of Revenue": 10682868000.0,
        "Total Revenue": 24426760000.0,
        "Operating Revenue": 24426760000.0
    },
    "2022-06-30": {
        "Tax Effect Of Unusual Items": 34671619.375111,
        "Tax Rate For Calcs": 0.219727,
        "Normalized EBITDA": 5397573000.0,
        "Total Unusual Items": 157794000.0,
        "Total Unusual Items Excluding Goodwill": 157794000.0,
        "Net Income From Continuing Operation Net Minority Interest": 4666612000.0,
        "Reconciled Depreciation": 609036000.0,
        "Reconciled Cost Of Revenue": 10217587000.0,
        "EBITDA": 5555367000.0,
        "EBIT": 4946331000.0,
        "Net Interest Income": 505991000.0,
        "Interest Income": 505991000.0,
        "Normalized Income": 4543489619.375111,
        "Net Income From Continuing And Discontinued Operation": 5291476000.0,
        "Total Expenses": 18212747000.0,
        "Total Operating Income As Reported": 4946331000.0,
        "Diluted Average Shares": 661100800.0,
        "Basic Average Shares": 654939000.0,
        "Diluted EPS": 8.0,
        "Basic EPS": 8.1,
        "Diluted NI Availto Com Stockholders": 5291476000.0,
        "Net Income Common Stockholders": 5291476000.0,
        "Net Income": 5291476000.0,
        "Minority Interests": 194641000.0,
        "Net Income Including Noncontrolling Interests": 5096835000.0,
        "Net Income Discontinuous Operations": 624864000.0,
        "Net Income Continuous Operations": 4471971000.0,
        "Tax Provision": 1259320000.0,
        "Pretax Income": 5731291000.0,
        "Other Income Expense": 278969000.0,
        "Other Non Operating Income Expenses": 121175000.0,
        "Gain On Sale Of Security": 157794000.0,
        "Net Non Operating Interest Income Expense": 505991000.0,
        "Interest Income Non Operating": 505991000.0,
        "Operating Income": 4946331000.0,
        "Operating Expense": 7995160000.0,
        "Research And Development": 3581700000.0,
        "Selling General And Administration": 4413460000.0,
        "Selling And Marketing Expense": 3300705000.0,
        "General And Administrative Expense": 1112755000.0,
        "Other Gand A": 1112755000.0,
        "Salaries And Wages": NaN,
        "Gross Profit": 12941491000.0,
        "Cost Of Revenue": 10217587000.0,
        "Total Revenue": 23159078000.0,
        "Operating Revenue": 23159078000.0
    },
    "2022-03-31": {
        "Diluted EPS": 1.05,
        "Total Revenue": NaN,
        "Gross Profit": NaN,
        "Operating Income": 869,
        "EBIT": 990,
        "Net Income": 693
    },
    "2021-12-31": {
        "Diluted EPS": 1.39,
        "Total Revenue": NaN,
        "Gross Profit": NaN,
        "Operating Income": 756,
        "EBIT": 891,
        "Net Income": 925
    },
    "2021-09-30": {
        "Diluted EPS": 0.73,
        "Total Revenue": NaN,
        "Gross Profit": NaN,
        "Operating Income": 586,
        "EBIT": 711,
        "Net Income": 494
    },
    "2021-06-30": {
        "Diluted EPS": 0.81,
        "Total Revenue": NaN,
        "Gross Profit": NaN,
        "Operating Income": 582,
        "EBIT": 710,
        "Net Income": 549
    },
    "2021-03-31": {
        "Diluted EPS": 1.0,
        "Total Revenue": NaN,
        "Gross Profit": NaN,
        "Operating Income": 653,
        "EBIT": 778,
        "Net Income": 678
    },
    "2020-12-31": {
        "Diluted EPS": 0.38,
        "Total Revenue": NaN,
        "Gross Profit": NaN,
        "Operating Income": 582,
        "EBIT": 744,
        "Net Income": 263
    },
    "2020-09-30": {
        "Diluted EPS": 0.64,
        "Total Revenue": NaN,
        "Gross Profit": NaN,
        "Operating Income": 423,
        "EBIT": 566,
        "Net Income": 442
    },
    "2020-06-30": {
        "Diluted EPS": 0.98,
        "Total Revenue": NaN,
        "Gross Profit": NaN,
        "Operating Income": 590,
        "EBIT": 717,
        "Net Income": 642
    },
    "2020-03-31": {
        "Diluted EPS": 0.77,
        "Total Revenue": NaN,
        "Gross Profit": NaN,
        "Operating Income": 634,
        "EBIT": 731,
        "Net Income": 501
    },
    "2019-12-31": {
        "Diluted EPS": 0.72,
        "Total Revenue": 993,
        "Gross Profit": NaN,
        "Operating Income": 499,
        "EBIT": 499,
        "Net Income": 467
    },
    "2019-09-30": {
        "Diluted EPS": 2.74,
        "Total Revenue": NaN,
        "Gross Profit": NaN,
        "Operating Income": 467,
        "EBIT": 467,
        "Net Income": NaN
    },
    "2019-06-30": {
        "Diluted EPS": 0.69,
        "Total Revenue": NaN,
        "Gross Profit": NaN,
        "Operating Income": 508,
        "EBIT": 508,
        "Net Income": 447
    },
    "2019-03-31": {
        "Diluted EPS": 0.55,
        "Total Revenue": NaN,
        "Gross Profit": NaN,
        "Operating Income": 508,
        "EBIT": 596,
        "Net Income": 355
    },
    "2018-12-31": {
        "Diluted EPS": 0.34,
        "Total Revenue": NaN,
        "Gross Profit": 988,
        "Operating Income": 296,
        "EBIT": 296,
        "Net Income": 224
    },
    "2018-09-30": {
        "Diluted EPS": 0.36,
        "Total Revenue": NaN,
        "Gross Profit": NaN,
        "Operating Income": 307,
        "EBIT": 307,
        "Net Income": 232
    },
    "2018-06-30": {
        "Diluted EPS": 0.49,
        "Total Revenue": NaN,
        "Gross Profit": NaN,
        "Operating Income": 353,
        "EBIT": 353,
        "Net Income": 318
    },
    "2018-03-31": {
        "Diluted EPS": 0.18,
        "Total Revenue": NaN,
        "Gross Profit": 949,
        "Operating Income": 192,
        "EBIT": 251,
        "Net Income": 120
    },
    "2017-12-31": {
        "Diluted EPS": 0.39,
        "Total Revenue": NaN,
        "Gross Profit": NaN,
        "Operating Income": 289,
        "EBIT": 289,
        "Net Income": 258
    },
    "2017-09-30": {
        "Diluted EPS": 0.57,
        "Total Revenue": NaN,
        "Gross Profit": 894,
        "Operating Income": 383,
        "EBIT": 383,
        "Net Income": 380
    },
    "2017-06-30": {
        "Diluted EPS": 0.66,
        "Total Revenue": NaN,
        "Gross Profit": 994,
        "Operating Income": 502,
        "EBIT": 502,
        "Net Income": 438
    },
    "2017-03-31": {
        "Diluted EPS": 0.86,
        "Total Revenue": NaN,
        "Gross Profit": NaN,
        "Operating Income": 693,
        "EBIT": 715,
        "Net Income": 570
    },
    "2016-12-31": {
        "Diluted EPS": 0.71,
        "Total Revenue": NaN,
        "Gross Profit": 815,
        "Operating Income": 489,
        "EBIT": 489,
        "Net Income": 470
    },
    "2016-09-30": {
        "Diluted EPS": 0.62,
        "Total Revenue": NaN,
        "Gross Profit": 800,
        "Operating Income": 427,
        "EBIT": 427,
        "Net Income": 411
    },
    "2016-06-30": {
        "Diluted EPS": 0.62,
        "Total Revenue": NaN,
        "Gross Profit": 795,
        "Operating Income": 459,
        "EBIT": 459,
        "Net Income": 409
    },
    "2016-03-31": {
        "Diluted EPS": 0.58,
        "Total Revenue": NaN,
        "Gross Profit": 711,
        "Operating Income": 445,
        "EBIT": 445,
        "Net Income": 382
    },
    "2015-12-31": {
        "Diluted EPS": 0.47,
        "Total Revenue": NaN,
        "Gross Profit": 524,
        "Operating Income": 269,
        "EBIT": 269,
        "Net Income": 310
    },
    "2015-09-30": {
        "Diluted EPS": 0.45,
        "Total Revenue": NaN,
        "Gross Profit": 606,
        "Operating Income": 329,
        "EBIT": 329,
        "Net Income": 296
    },
    "2015-06-30": {
        "Diluted EPS": 0.35,
        "Total Revenue": 780,
        "Gross Profit": 502,
        "Operating Income": 277,
        "EBIT": 277,
        "Net Income": 230
    },
    "2015-03-31": {
        "Diluted EPS": 0.31,
        "Total Revenue": 627,
        "Gross Profit": 438,
        "Operating Income": 249,
        "EBIT": 255,
        "Net Income": 204
    },
    "2014-12-31": {
        "Diluted EPS": 0.31,
        "Total Revenue": 594,
        "Gross Profit": 437,
        "Operating Income": 239,
        "EBIT": 239,
        "Net Income": 205
    },
    "2014-09-30": {
        "Diluted EPS": 0.29,
        "Total Revenue": 542,
        "Gross Profit": 402,
        "Operating Income": 229,
        "EBIT": 229,
        "Net Income": 189
    },
    "2014-06-30": {
        "Diluted EPS": 0.3,
        "Total Revenue": 476,
        "Gross Profit": 352,
        "Operating Income": 219,
        "EBIT": 219,
        "Net Income": 194
    },
    "2014-03-31": {
        "Diluted EPS": 0.28,
        "Total Revenue": 405,
        "Gross Profit": 299,
        "Operating Income": 209,
        "EBIT": 215,
        "Net Income": 181
    },
    "2013-12-31": {
        "Diluted EPS": 0.31,
        "Total Revenue": 427,
        "Gross Profit": 307,
        "Operating Income": 574,
        "EBIT": 574,
        "Net Income": 204
    },
    "2013-09-30": {
        "Diluted EPS": 0.26,
        "Total Revenue": 411,
        "Gross Profit": 311,
        "Operating Income": -171,
        "EBIT": -171,
        "Net Income": 171
    },
    "2013-06-30": {
        "Diluted EPS": 0.27,
        "Total Revenue": 393,
        "Gross Profit": 301,
        "Operating Income": 199,
        "EBIT": 199,
        "Net Income": 178
    },
    "2013-03-31": {
        "Diluted EPS": 0.26,
        "Total Revenue": 364,
        "Gross Profit": 266,
        "Operating Income": 193,
        "EBIT": 198,
        "Net Income": 171
    },
    "2012-12-31": {
        "Diluted EPS": 0.25,
        "Total Revenue": 365,
        "Gross Profit": 254,
        "Operating Income": 158,
        "EBIT": 158,
        "Net Income": 162
    },
    "2012-09-30": {
        "Diluted EPS": 0.2,
        "Total Revenue": 319,
        "Gross Profit": 217,
        "Operating Income": 131,
        "EBIT": 131,
        "Net Income": 129
    },
    "2012-06-30": {
        "Diluted EPS": 0.21,
        "Total Revenue": 309,
        "Gross Profit": 208,
        "Operating Income": 139,
        "EBIT": 139,
        "Net Income": 135
    },
    "2012-03-31": {
        "Diluted EPS": 0.23,
        "Total Revenue": 312,
        "Gross Profit": 211,
        "Operating Income": 155,
        "EBIT": 166,
        "Net Income": 150
    },
    "2011-12-31": {
        "Diluted EPS": 0.22,
        "Total Revenue": 341,
        "Gross Profit": 232,
        "Operating Income": 144,
        "EBIT": 178,
        "Net Income": 143
    },
    "2011-09-30": {
        "Diluted EPS": 0.2,
        "Total Revenue": 315,
        "Gross Profit": 216,
        "Operating Income": 152,
        "EBIT": 152,
        "Net Income": 129
    },
    "2011-06-30": {
        "Diluted EPS": 0.18,
        "Total Revenue": 268,
        "Gross Profit": 178,
        "Operating Income": 122,
        "EBIT": 122,
        "Net Income": 120
    },
    "2011-03-31": {
        "Diluted EPS": 0.17,
        "Total Revenue": 229,
        "Gross Profit": 150,
        "Operating Income": 106,
        "EBIT": 116,
        "Net Income": 113
    },
    "2010-12-31": {
        "Diluted EPS": 0.17,
        "Total Revenue": 248,
        "Gross Profit": 161,
        "Operating Income": 113,
        "EBIT": 113,
        "Net Income": 108
    },
    "2010-09-30": {
        "Diluted EPS": 0.13,
        "Total Revenue": 209,
        "Gross Profit": 143,
        "Operating Income": 88,
        "EBIT": 88,
        "Net Income": 87
    },
    "2010-06-30": {
        "Diluted EPS": 0.11,
        "Total Revenue": 193,
        "Gross Profit": 130,
        "Operating Income": 90,
        "EBIT": 90,
        "Net Income": 72
    },
    "2010-03-31": {
        "Diluted EPS": 0.1,
        "Total Revenue": 171,
        "Gross Profit": 114,
        "Operating Income": 81,
        "EBIT": 90,
        "Net Income": 66
    },
    "2009-12-31": {
        "Diluted EPS": 0.13,
        "Total Revenue": 183,
        "Gross Profit": 124,
        "Operating Income": 89,
        "EBIT": 89,
        "Net Income": 84
    },
    "2009-09-30": {
        "Diluted EPS": 0.09,
        "Total Revenue": 127,
        "Gross Profit": 92,
        "Operating Income": 60,
        "EBIT": 60,
        "Net Income": 58
    },
    "2009-06-30": {
        "Diluted EPS": 0.11,
        "Total Revenue": 126,
        "Gross Profit": 101,
        "Operating Income": 76,
        "EBIT": 76,
        "Net Income": 69
    },
    "2009-03-31": {
        "Diluted EPS": 0.09,
        "Total Revenue": 114,
        "Gross Profit": 95,
        "Operating Income": 73,
        "EBIT": 76,
        "Net Income": 61
    },
    "2023-06-30": {
        "Tax Effect Of Unusual Items": NaN,
        "Tax Rate For Calcs": NaN,
        "Normalized EBITDA": NaN,
        "Total Unusual Items": NaN,
        "Total Unusual Items Excluding Goodwill": NaN,
        "Net Income From Continuing Operation Net Minority Interest": NaN,
        "Reconciled Depreciation": NaN,
        "Reconciled Cost Of Revenue": NaN,
        "EBITDA": NaN,
        "EBIT": NaN,
        "Net Interest Income": NaN,
        "Interest Income": NaN,
        "Normalized Income": NaN,
        "Net Income From Continuing And Discontinued Operation": NaN,
        "Total Expenses": NaN,
        "Total Operating Income As Reported": NaN,
        "Diluted Average Shares": NaN,
        "Basic Average Shares": NaN,
        "Diluted EPS": NaN,
        "Basic EPS": NaN,
        "Diluted NI Availto Com Stockholders": NaN,
        "Net Income Common Stockholders": NaN,
        "Net Income": NaN,
        "Minority Interests": NaN,
        "Net Income Including Noncontrolling Interests": NaN,
        "Net Income Discontinuous Operations": 0.0,
        "Net Income Continuous Operations": NaN,
        "Tax Provision": NaN,
        "Pretax Income": NaN,
        "Other Income Expense": NaN,
        "Other Non Operating Income Expenses": NaN,
        "Gain On Sale Of Security": NaN,
        "Net Non Operating Interest Income Expense": NaN,
        "Interest Income Non Operating": NaN,
        "Operating Income": NaN,
        "Operating Expense": NaN,
        "Research And Development": NaN,
        "Selling General And Administration": NaN,
        "Selling And Marketing Expense": NaN,
        "General And Administrative Expense": NaN,
        "Other Gand A": NaN,
        "Salaries And Wages": 312395000.0,
        "Gross Profit": NaN,
        "Cost Of Revenue": NaN,
        "Total Revenue": NaN,
        "Operating Revenue": NaN
    },
    "2023-09-30": {
        "Tax Effect Of Unusual Items": 25135320.0,
        "Tax Rate For Calcs": 0.161,
        "Normalized EBITDA": 8053645000.0,
        "Total Unusual Items": 156120000.0,
        "Total Unusual Items Excluding Goodwill": 156120000.0,
        "Net Income From Continuing Operation Net Minority Interest": 7836888000.0,
        "Reconciled Depreciation": 651856000.0,
        "Reconciled Cost Of Revenue": 10304106000.0,
        "EBITDA": 8209765000.0,
        "EBIT": 7557909000.0,
        "Net Interest Income": 1147227000.0,
        "Interest Income": 1147227000.0,
        "Normalized Income": 7705903320.0,
        "Net Income From Continuing And Discontinued Operation": 7836888000.0,
        "Total Expenses": 19712497000.0,
        "Total Operating Income As Reported": 7557909000.0,
        "Diluted Average Shares": 649929800.0,
        "Basic Average Shares": 642766800.0,
        "Diluted EPS": 12.05,
        "Basic EPS": 12.2,
        "Diluted NI Availto Com Stockholders": 7836888000.0,
        "Net Income Common Stockholders": 7836888000.0,
        "Net Income": 7836888000.0,
        "Minority Interests": 26006000.0,
        "Net Income Including Noncontrolling Interests": 7810882000.0,
        "Net Income Discontinuous Operations": 0.0,
        "Net Income Continuous Operations": 7810882000.0,
        "Tax Provision": 1290398000.0,
        "Pretax Income": 9101280000.0,
        "Other Income Expense": 396144000.0,
        "Other Non Operating Income Expenses": 240024000.0,
        "Gain On Sale Of Security": 156120000.0,
        "Net Non Operating Interest Income Expense": 1147227000.0,
        "Interest Income Non Operating": 1147227000.0,
        "Operating Income": 7557909000.0,
        "Operating Expense": 9408391000.0,
        "Research And Development": 4347052000.0,
        "Selling General And Administration": 5061339000.0,
        "Selling And Marketing Expense": 3567153000.0,
        "General And Administrative Expense": 1494186000.0,
        "Other Gand A": 1494186000.0,
        "Salaries And Wages": NaN,
        "Gross Profit": 16966300000.0,
        "Cost Of Revenue": 10304106000.0,
        "Total Revenue": 27270406000.0,
        "Operating Revenue": 27270406000.0
    },
    "2023-12-31": {
        "Tax Effect Of Unusual Items": -113122436.908303,
        "Tax Rate For Calcs": 0.13798,
        "Normalized EBITDA": 8348107000.0,
        "Total Unusual Items": -819844000.0,
        "Total Unusual Items Excluding Goodwill": -819844000.0,
        "Net Income From Continuing Operation Net Minority Interest": 6582263000.0,
        "Reconciled Depreciation": 659772000.0,
        "Reconciled Cost Of Revenue": 10315030000.0,
        "EBITDA": 7528263000.0,
        "EBIT": 6868491000.0,
        "Net Interest Income": 1261583000.0,
        "Interest Income": 1261583000.0,
        "Normalized Income": 7288984563.091697,
        "Net Income From Continuing And Discontinued Operation": 6582263000.0,
        "Total Expenses": 20271674000.0,
        "Total Operating Income As Reported": 6868491000.0,
        "Diluted Average Shares": 650633200.0,
        "Basic Average Shares": 642465600.0,
        "Diluted EPS": 10.1,
        "Basic EPS": 10.25,
        "Diluted NI Availto Com Stockholders": 6582263000.0,
        "Net Income Common Stockholders": 6582263000.0,
        "Net Income": 6582263000.0,
        "Minority Interests": -94069000.0,
        "Net Income Including Noncontrolling Interests": 6676332000.0,
        "Net Income Discontinuous Operations": 0.0,
        "Net Income Continuous Operations": 6676332000.0,
        "Tax Provision": 1068657000.0,
        "Pretax Income": 7744989000.0,
        "Other Income Expense": -385085000.0,
        "Other Non Operating Income Expenses": 434759000.0,
        "Gain On Sale Of Security": -819844000.0,
        "Net Non Operating Interest Income Expense": 1261583000.0,
        "Interest Income Non Operating": 1261583000.0,
        "Operating Income": 6868491000.0,
        "Operating Expense": 9956644000.0,
        "Research And Development": 4479219000.0,
        "Selling General And Administration": 5477425000.0,
        "Selling And Marketing Expense": 4225556000.0,
        "General And Administrative Expense": 1251869000.0,
        "Other Gand A": 1251869000.0,
        "Salaries And Wages": NaN,
        "Gross Profit": 16825135000.0,
        "Cost Of Revenue": 10315030000.0,
        "Total Revenue": 27140165000.0,
        "Operating Revenue": 27140165000.0
    },
    "2024-03-31": {
        "Tax Effect Of Unusual Items": 31088320.0,
        "Tax Rate For Calcs": 0.16,
        "Normalized EBITDA": 7996104000.0,
        "Total Unusual Items": 194302000.0,
        "Total Unusual Items Excluding Goodwill": 194302000.0,
        "Net Income From Continuing Operation Net Minority Interest": 7633946000.0,
        "Reconciled Depreciation": 567923000.0,
        "Reconciled Cost Of Revenue": 9835821000.0,
        "EBITDA": 8190406000.0,
        "EBIT": 7622483000.0,
        "Net Interest Income": 1277597000.0,
        "Interest Income": 1277597000.0,
        "Normalized Income": 7470732320.0,
        "Net Income From Continuing And Discontinued Operation": 7633946000.0,
        "Total Expenses": 19229258000.0,
        "Total Operating Income As Reported": 7622483000.0,
        "Diluted Average Shares": 649890400.0,
        "Basic Average Shares": 642333000.0,
        "Diluted EPS": 11.75,
        "Basic EPS": 11.9,
        "Diluted NI Availto Com Stockholders": 7633946000.0,
        "Net Income Common Stockholders": 7633946000.0,
        "Net Income": 7633946000.0,
        "Minority Interests": -168414000.0,
        "Net Income Including Noncontrolling Interests": 7802360000.0,
        "Net Income Discontinuous Operations": NaN,
        "Net Income Continuous Operations": 7802360000.0,
        "Tax Provision": 1485910000.0,
        "Pretax Income": 9288270000.0,
        "Other Income Expense": 388190000.0,
        "Other Non Operating Income Expenses": 193888000.0,
        "Gain On Sale Of Security": 194302000.0,
        "Net Non Operating Interest Income Expense": 1277597000.0,
        "Interest Income Non Operating": 1277597000.0,
        "Operating Income": 7622483000.0,
        "Operating Expense": 9393437000.0,
        "Research And Development": 4174758000.0,
        "Selling General And Administration": 5218679000.0,
        "Selling And Marketing Expense": 4022204000.0,
        "General And Administrative Expense": 1196475000.0,
        "Other Gand A": 1196475000.0,
        "Salaries And Wages": NaN,
        "Gross Profit": 17015920000.0,
        "Cost Of Revenue": 9835821000.0,
        "Total Revenue": 26851741000.0,
        "Operating Revenue": 26851741000.0
    },
    "2024-06-30": {
        "Tax Effect Of Unusual Items": -21715722.146347,
        "Tax Rate For Calcs": 0.160026,
        "Normalized EBITDA": 7760981000.0,
        "Total Unusual Items": -135701000.0,
        "Total Unusual Items Excluding Goodwill": -135701000.0,
        "Net Income From Continuing Operation Net Minority Interest": 6758749000.0,
        "Reconciled Depreciation": 631957000.0,
        "Reconciled Cost Of Revenue": 9443587000.0,
        "EBITDA": 7625280000.0,
        "EBIT": 6993323000.0,
        "Net Interest Income": 1186219000.0,
        "Interest Income": 1186219000.0,
        "Normalized Income": 6872734277.853653,
        "Net Income From Continuing And Discontinued Operation": 6758749000.0,
        "Total Expenses": 18492482000.0,
        "Total Operating Income As Reported": 6993323000.0,
        "Diluted Average Shares": 648611200.0,
        "Basic Average Shares": 643539800.0,
        "Diluted EPS": 10.4,
        "Basic EPS": 10.5,
        "Diluted NI Availto Com Stockholders": 6758749000.0,
        "Net Income Common Stockholders": 6758749000.0,
        "Net Income": 6758749000.0,
        "Minority Interests": -69847000.0,
        "Net Income Including Noncontrolling Interests": 6828596000.0,
        "Net Income Discontinuous Operations": NaN,
        "Net Income Continuous Operations": 6828596000.0,
        "Tax Provision": 1300939000.0,
        "Pretax Income": 8129535000.0,
        "Other Income Expense": -50007000.0,
        "Other Non Operating Income Expenses": 85694000.0,
        "Gain On Sale Of Security": -135701000.0,
        "Net Non Operating Interest Income Expense": 1186219000.0,
        "Interest Income Non Operating": 1186219000.0,
        "Operating Income": 6993323000.0,
        "Operating Expense": 9048895000.0,
        "Research And Development": 4455717000.0,
        "Selling General And Administration": 4593178000.0,
        "Selling And Marketing Expense": 3501737000.0,
        "General And Administrative Expense": 1091441000.0,
        "Other Gand A": 1091441000.0,
        "Salaries And Wages": NaN,
        "Gross Profit": 16042218000.0,
        "Cost Of Revenue": 9443587000.0,
        "Total Revenue": 25485805000.0,
        "Operating Revenue": 25485805000.0
    },
    "2024-09-30": {
        "Tax Effect Of Unusual Items": -67751040.0,
        "Tax Rate For Calcs": 0.142,
        "Normalized EBITDA": 8144424000.0,
        "Total Unusual Items": -477120000.0,
        "Total Unusual Items Excluding Goodwill": -477120000.0,
        "Net Income From Continuing Operation Net Minority Interest": 6538435000.0,
        "Reconciled Depreciation": 520567000.0,
        "Reconciled Cost Of Revenue": 9733274000.0,
        "EBITDA": 7667304000.0,
        "EBIT": 7146737000.0,
        "Net Interest Income": 1282766000.0,
        "Interest Income": 1282766000.0,
        "Normalized Income": 6947803960.0,
        "Net Income From Continuing And Discontinued Operation": 6538435000.0,
        "Total Expenses": 19063142000.0,
        "Total Operating Income As Reported": 7146737000.0,
        "Diluted Average Shares": 644822000.0,
        "Basic Average Shares": 639729200.0,
        "Diluted EPS": 10.15,
        "Basic EPS": 10.2,
        "Diluted NI Availto Com Stockholders": 6538435000.0,
        "Net Income Common Stockholders": 6538435000.0,
        "Net Income": 6538435000.0,
        "Minority Interests": -168003000.0,
        "Net Income Including Noncontrolling Interests": 6706438000.0,
        "Net Income Discontinuous Operations": NaN,
        "Net Income Continuous Operations": 6706438000.0,
        "Tax Provision": 1289545000.0,
        "Pretax Income": 7995983000.0,
        "Other Income Expense": -433520000.0,
        "Other Non Operating Income Expenses": 43600000.0,
        "Gain On Sale Of Security": -477120000.0,
        "Net Non Operating Interest Income Expense": 1282766000.0,
        "Interest Income Non Operating": 1282766000.0,
        "Operating Income": 7146737000.0,
        "Operating Expense": 9329868000.0,
        "Research And Development": 4424469000.0,
        "Selling General And Administration": 4905399000.0,
        "Selling And Marketing Expense": 3805071000.0,
        "General And Administrative Expense": 1100328000.0,
        "Other Gand A": 1100328000.0,
        "Salaries And Wages": NaN,
        "Gross Profit": 16476605000.0,
        "Cost Of Revenue": 9733274000.0,
        "Total Revenue": 26209879000.0,
        "Operating Revenue": 26209879000.0
    }
}