{
    "2023-06-30": {
        "Tax Effect Of Unusual Items": 0.0,
        "Tax Rate For Calcs": 0.122,
        "Normalized EBITDA": -15923000.0,
        "Total Unusual Items": 0.0,
        "Total Unusual Items Excluding Goodwill": 0.0,
        "Net Income From Continuing Operation Net Minority Interest": -8587000.0,
        "Reconciled Depreciation": 1855000.0,
        "Reconciled Cost Of Revenue": 119113000.0,
        "EBITDA": -15923000.0,
        "EBIT": -17778000.0,
        "Normalized Income": -8587000.0,
        "Net Income From Continuing And Discontinued Operation": -8587000.0,
        "Total Expenses": 191191000.0,
        "Total Operating Income As Reported": -17778000.0,
        "Diluted Average Shares": 29319000.0,
        "Basic Average Shares": 29319000.0,
        "Diluted EPS": -0.29,
        "Basic EPS": -0.29,
        "Diluted NI Availto Com Stockholders": -8587000.0,
        "Net Income Common Stockholders": -8587000.0,
        "Net Income": -8587000.0,
        "Net Income Including Noncontrolling Interests": -8587000.0,
        "Net Income Continuous Operations": -8587000.0,
        "Tax Provision": -1192000.0,
        "Pretax Income": -9779000.0,
        "Other Income Expense": 7999000.0,
        "Other Non Operating Income Expenses": 7999000.0,
        "Special Income Charges": 0.0,
        "Impairment Of Capital Assets": 0.0,
        "Operating Income": -17778000.0,
        "Operating Expense": 72078000.0,
        "Other Operating Expenses": 2229000.0,
        "Research And Development": 20831000.0,
        "Selling General And Administration": 49018000.0,
        "Selling And Marketing Expense": 32482000.0,
        "General And Administrative Expense": 16536000.0,
        "Other Gand A": 16536000.0,
        "Gross Profit": 54300000.0,
        "Cost Of Revenue": 119113000.0,
        "Total Revenue": 173413000.0,
        "Operating Revenue": 173413000.0
    },
    "2023-03-31": {
        "Tax Effect Of Unusual Items": 0.0,
        "Tax Rate For Calcs": 0.081,
        "Normalized EBITDA": -9964000.0,
        "Total Unusual Items": 0.0,
        "Total Unusual Items Excluding Goodwill": 0.0,
        "Net Income From Continuing Operation Net Minority Interest": -9712000.0,
        "Reconciled Depreciation": 2011000.0,
        "Reconciled Cost Of Revenue": 120526000.0,
        "EBITDA": -9964000.0,
        "EBIT": -11975000.0,
        "Normalized Income": -9712000.0,
        "Net Income From Continuing And Discontinued Operation": -9712000.0,
        "Total Expenses": 192883000.0,
        "Total Operating Income As Reported": -11975000.0,
        "Diluted Average Shares": 29040000.0,
        "Basic Average Shares": 29040000.0,
        "Diluted EPS": -0.33,
        "Basic EPS": -0.33,
        "Diluted NI Availto Com Stockholders": -9712000.0,
        "Net Income Common Stockholders": -9712000.0,
        "Net Income": -9712000.0,
        "Net Income Including Noncontrolling Interests": -9712000.0,
        "Net Income Continuous Operations": -9712000.0,
        "Tax Provision": -857000.0,
        "Pretax Income": -10569000.0,
        "Other Income Expense": 1406000.0,
        "Other Non Operating Income Expenses": 1406000.0,
        "Special Income Charges": 0.0,
        "Impairment Of Capital Assets": 0.0,
        "Operating Income": -11975000.0,
        "Operating Expense": 72357000.0,
        "Other Operating Expenses": 108000.0,
        "Research And Development": 22134000.0,
        "Selling General And Administration": 50115000.0,
        "Selling And Marketing Expense": 33879000.0,
        "General And Administrative Expense": 16236000.0,
        "Other Gand A": 16236000.0,
        "Gross Profit": 60382000.0,
        "Cost Of Revenue": 120526000.0,
        "Total Revenue": 180908000.0,
        "Operating Revenue": 180908000.0
    },
    "2022-12-31": {
        "Tax Effect Of Unusual Items": 34400.0,
        "Tax Rate For Calcs": 0.4,
        "Normalized EBITDA": -10039000.0,
        "Total Unusual Items": 86000.0,
        "Total Unusual Items Excluding Goodwill": 86000.0,
        "Net Income From Continuing Operation Net Minority Interest": -6044000.0,
        "Reconciled Depreciation": 2225000.0,
        "Reconciled Cost Of Revenue": 187407000.0,
        "EBITDA": -9953000.0,
        "EBIT": -12178000.0,
        "Normalized Income": -6095600.0,
        "Net Income From Continuing And Discontinued Operation": -6044000.0,
        "Total Expenses": 261281000.0,
        "Total Operating Income As Reported": -12178000.0,
        "Diluted Average Shares": 28959000.0,
        "Basic Average Shares": 28959000.0,
        "Diluted EPS": -0.21,
        "Basic EPS": -0.21,
        "Diluted NI Availto Com Stockholders": -6044000.0,
        "Net Income Common Stockholders": -6044000.0,
        "Net Income": -6044000.0,
        "Net Income Including Noncontrolling Interests": -6044000.0,
        "Net Income Continuous Operations": -6044000.0,
        "Tax Provision": -4068000.0,
        "Pretax Income": -10112000.0,
        "Other Income Expense": 241000.0,
        "Other Non Operating Income Expenses": 155000.0,
        "Special Income Charges": 0.0,
        "Impairment Of Capital Assets": 0.0,
        "Operating Income": -12178000.0,
        "Operating Expense": 73874000.0,
        "Other Operating Expenses": 3666000.0,
        "Research And Development": 20250000.0,
        "Selling General And Administration": 49958000.0,
        "Selling And Marketing Expense": 35340000.0,
        "General And Administrative Expense": 14618000.0,
        "Other Gand A": 14618000.0,
        "Gross Profit": 61696000.0,
        "Cost Of Revenue": 187407000.0,
        "Total Revenue": 249103000.0,
        "Operating Revenue": 249103000.0
    },
    "2022-09-30": {
        "Tax Effect Of Unusual Items": 0.0,
        "Tax Rate For Calcs": 0.21,
        "Normalized EBITDA": 296000.0,
        "Total Unusual Items": 0.0,
        "Total Unusual Items Excluding Goodwill": 0.0,
        "Net Income From Continuing Operation Net Minority Interest": 2801000.0,
        "Reconciled Depreciation": 2447000.0,
        "Reconciled Cost Of Revenue": 181058000.0,
        "EBITDA": 296000.0,
        "EBIT": -2151000.0,
        "Normalized Income": 2801000.0,
        "Net Income From Continuing And Discontinued Operation": 2801000.0,
        "Total Expenses": 251738000.0,
        "Total Operating Income As Reported": -2151000.0,
        "Diluted Average Shares": 29029000.0,
        "Basic Average Shares": 28891000.0,
        "Diluted EPS": 0.1,
        "Basic EPS": 0.1,
        "Diluted NI Availto Com Stockholders": 2801000.0,
        "Net Income Common Stockholders": 2801000.0,
        "Net Income": 2801000.0,
        "Net Income Including Noncontrolling Interests": 2801000.0,
        "Net Income Continuous Operations": 2801000.0,
        "Tax Provision": -4314000.0,
        "Pretax Income": -1513000.0,
        "Other Income Expense": 638000.0,
        "Other Non Operating Income Expenses": 638000.0,
        "Special Income Charges": 0.0,
        "Impairment Of Capital Assets": 0.0,
        "Operating Income": -2151000.0,
        "Operating Expense": 70680000.0,
        "Other Operating Expenses": 361000.0,
        "Research And Development": 22167000.0,
        "Selling General And Administration": 48152000.0,
        "Selling And Marketing Expense": 34203000.0,
        "General And Administrative Expense": 13949000.0,
        "Other Gand A": 13949000.0,
        "Gross Profit": 68529000.0,
        "Cost Of Revenue": 181058000.0,
        "Total Revenue": 249587000.0,
        "Operating Revenue": 249587000.0
    },
    "2022-06-30": {
        "Tax Effect Of Unusual Items": 0.0,
        "Tax Rate For Calcs": 0.214903,
        "Normalized EBITDA": -7459000.0,
        "Total Unusual Items": 0.0,
        "Total Unusual Items Excluding Goodwill": 0.0,
        "Net Income From Continuing Operation Net Minority Interest": -8534000.0,
        "Reconciled Depreciation": 2591000.0,
        "Reconciled Cost Of Revenue": 161803000.0,
        "EBITDA": -7459000.0,
        "EBIT": -10050000.0,
        "Normalized Income": -8534000.0,
        "Net Income From Continuing And Discontinued Operation": -8534000.0,
        "Total Expenses": 233274000.0,
        "Total Operating Income As Reported": -10050000.0,
        "Diluted Average Shares": 28891000.0,
        "Basic Average Shares": 28891000.0,
        "Diluted EPS": -0.3,
        "Basic EPS": -0.3,
        "Diluted NI Availto Com Stockholders": -8534000.0,
        "Net Income Common Stockholders": -8534000.0,
        "Net Income": -8534000.0,
        "Net Income Including Noncontrolling Interests": -8534000.0,
        "Net Income Continuous Operations": -8534000.0,
        "Tax Provision": -2336000.0,
        "Pretax Income": -10870000.0,
        "Other Income Expense": -820000.0,
        "Other Non Operating Income Expenses": -820000.0,
        "Special Income Charges": 0.0,
        "Impairment Of Capital Assets": 0.0,
        "Operating Income": -10050000.0,
        "Operating Expense": 71471000.0,
        "Other Operating Expenses": 573000.0,
        "Research And Development": 22205000.0,
        "Selling General And Administration": 48693000.0,
        "Selling And Marketing Expense": 34546000.0,
        "General And Administrative Expense": 14147000.0,
        "Other Gand A": 14147000.0,
        "Gross Profit": 61421000.0,
        "Cost Of Revenue": 161803000.0,
        "Total Revenue": 223224000.0,
        "Operating Revenue": 223224000.0
    },
    "2022-03-31": {
        "Diluted EPS": -1.95,
        "Total Revenue": 211,
        "Gross Profit": 59,
        "Operating Income": -59,
        "EBIT": -11,
        "Net Income": -57
    },
    "2021-12-31": {
        "Diluted EPS": -0.01,
        "Total Revenue": 251,
        "Gross Profit": 75,
        "Operating Income": 1,
        "EBIT": 4,
        "Net Income": -1
    },
    "2021-09-30": {
        "Diluted EPS": 0.31,
        "Total Revenue": 290,
        "Gross Profit": 87,
        "Operating Income": 13,
        "EBIT": 16,
        "Net Income": 10
    },
    "2021-06-30": {
        "Diluted EPS": 0.57,
        "Total Revenue": 309,
        "Gross Profit": 93,
        "Operating Income": 22,
        "EBIT": 25,
        "Net Income": 18
    },
    "2021-03-31": {
        "Diluted EPS": 0.72,
        "Total Revenue": 318,
        "Gross Profit": 111,
        "Operating Income": 31,
        "EBIT": 36,
        "Net Income": 23
    },
    "2020-12-31": {
        "Diluted EPS": 1.01,
        "Total Revenue": 367,
        "Gross Profit": 111,
        "Operating Income": 34,
        "EBIT": 39,
        "Net Income": 31
    },
    "2020-09-30": {
        "Diluted EPS": 0.83,
        "Total Revenue": 378,
        "Gross Profit": 113,
        "Operating Income": 32,
        "EBIT": 37,
        "Net Income": 26
    },
    "2020-06-30": {
        "Diluted EPS": 0.2,
        "Total Revenue": 280,
        "Gross Profit": 81,
        "Operating Income": 9,
        "EBIT": 14,
        "Net Income": 6
    },
    "2020-03-31": {
        "Diluted EPS": -0.14,
        "Total Revenue": 230,
        "Gross Profit": 66,
        "Operating Income": 1,
        "EBIT": 5,
        "Net Income": -4
    },
    "2019-12-31": {
        "Diluted EPS": 0.0,
        "Total Revenue": 253,
        "Gross Profit": 70,
        "Operating Income": 0,
        "EBIT": 5,
        "Net Income": 0
    },
    "2019-09-30": {
        "Diluted EPS": 0.39,
        "Total Revenue": 266,
        "Gross Profit": 77,
        "Operating Income": 12,
        "EBIT": 17,
        "Net Income": 13
    },
    "2019-06-30": {
        "Diluted EPS": 0.03,
        "Total Revenue": 231,
        "Gross Profit": 65,
        "Operating Income": 0,
        "EBIT": 5,
        "Net Income": 1
    },
    "2019-03-31": {
        "Diluted EPS": 0.39,
        "Total Revenue": 249,
        "Gross Profit": 82,
        "Operating Income": 14,
        "EBIT": 19,
        "Net Income": 13
    },
    "2018-12-31": {
        "Diluted EPS": -0.59,
        "Total Revenue": 289,
        "Gross Profit": 91,
        "Operating Income": 17,
        "EBIT": 22,
        "Net Income": -19
    },
    "2018-09-30": {
        "Diluted EPS": 0.3,
        "Total Revenue": 269,
        "Gross Profit": 94,
        "Operating Income": 20,
        "EBIT": 25,
        "Net Income": 10
    },
    "2018-06-30": {
        "Diluted EPS": -0.16,
        "Total Revenue": 255,
        "Gross Profit": 80,
        "Operating Income": 0,
        "EBIT": 4,
        "Net Income": -5
    },
    "2018-03-31": {
        "Diluted EPS": 0.17,
        "Total Revenue": 245,
        "Gross Profit": 76,
        "Operating Income": 2,
        "EBIT": 6,
        "Net Income": 6
    },
    "2017-12-31": {
        "Diluted EPS": -0.94,
        "Total Revenue": 29,
        "Gross Profit": 16,
        "Operating Income": -25,
        "EBIT": -23,
        "Net Income": -32
    },
    "2017-09-30": {
        "Diluted EPS": 0.64,
        "Total Revenue": 355,
        "Gross Profit": 103,
        "Operating Income": 25,
        "EBIT": 31,
        "Net Income": 21
    },
    "2017-06-30": {
        "Diluted EPS": 0.44,
        "Total Revenue": 331,
        "Gross Profit": 92,
        "Operating Income": 19,
        "EBIT": 25,
        "Net Income": 15
    },
    "2017-03-31": {
        "Diluted EPS": 0.47,
        "Total Revenue": 324,
        "Gross Profit": 97,
        "Operating Income": 23,
        "EBIT": 31,
        "Net Income": 16
    },
    "2016-12-31": {
        "Diluted EPS": 0.65,
        "Total Revenue": 183,
        "Gross Profit": 72,
        "Operating Income": 25,
        "EBIT": 30,
        "Net Income": 22
    },
    "2016-09-30": {
        "Diluted EPS": 0.62,
        "Total Revenue": 338,
        "Gross Profit": 103,
        "Operating Income": 30,
        "EBIT": 38,
        "Net Income": 21
    },
    "2016-06-30": {
        "Diluted EPS": 0.48,
        "Total Revenue": 312,
        "Gross Profit": 98,
        "Operating Income": 26,
        "EBIT": 34,
        "Net Income": 16
    },
    "2016-03-31": {
        "Diluted EPS": 0.5,
        "Total Revenue": 310,
        "Gross Profit": 101,
        "Operating Income": 26,
        "EBIT": 34,
        "Net Income": 17
    },
    "2015-12-31": {
        "Diluted EPS": 0.63,
        "Total Revenue": 361,
        "Gross Profit": 105,
        "Operating Income": 31,
        "EBIT": 39,
        "Net Income": 22
    },
    "2015-09-30": {
        "Diluted EPS": 0.47,
        "Total Revenue": 342,
        "Gross Profit": 96,
        "Operating Income": 26,
        "EBIT": 35,
        "Net Income": 15
    },
    "2015-06-30": {
        "Diluted EPS": 0.11,
        "Total Revenue": 289,
        "Gross Profit": 78,
        "Operating Income": 11,
        "EBIT": 21,
        "Net Income": 4
    },
    "2015-03-31": {
        "Diluted EPS": 0.23,
        "Total Revenue": 309,
        "Gross Profit": 88,
        "Operating Income": 17,
        "EBIT": 27,
        "Net Income": 8
    },
    "2014-12-31": {
        "Diluted EPS": -1.1,
        "Total Revenue": 353,
        "Gross Profit": 100,
        "Operating Income": -47,
        "EBIT": 37,
        "Net Income": -40
    },
    "2014-09-30": {
        "Diluted EPS": 0.55,
        "Total Revenue": 353,
        "Gross Profit": 102,
        "Operating Income": 27,
        "EBIT": 36,
        "Net Income": 20
    },
    "2014-06-30": {
        "Diluted EPS": 0.4,
        "Total Revenue": 338,
        "Gross Profit": 97,
        "Operating Income": 25,
        "EBIT": 33,
        "Net Income": 15
    },
    "2014-03-31": {
        "Diluted EPS": 0.39,
        "Total Revenue": 349,
        "Gross Profit": 98,
        "Operating Income": 23,
        "EBIT": 32,
        "Net Income": 14
    },
    "2013-12-31": {
        "Diluted EPS": 0.3,
        "Total Revenue": 357,
        "Gross Profit": 101,
        "Operating Income": 24,
        "EBIT": 33,
        "Net Income": 11
    },
    "2013-09-30": {
        "Diluted EPS": 0.37,
        "Total Revenue": 362,
        "Gross Profit": 102,
        "Operating Income": 24,
        "EBIT": 34,
        "Net Income": 14
    },
    "2013-06-30": {
        "Diluted EPS": 0.36,
        "Total Revenue": 358,
        "Gross Profit": 103,
        "Operating Income": 22,
        "EBIT": 31,
        "Net Income": 14
    },
    "2013-03-31": {
        "Diluted EPS": 0.39,
        "Total Revenue": 293,
        "Gross Profit": 88,
        "Operating Income": 24,
        "EBIT": 29,
        "Net Income": 15
    },
    "2012-12-31": {
        "Diluted EPS": 0.41,
        "Total Revenue": 310,
        "Gross Profit": 91,
        "Operating Income": 28,
        "EBIT": 34,
        "Net Income": 16
    },
    "2012-09-30": {
        "Diluted EPS": 0.61,
        "Total Revenue": 315,
        "Gross Profit": 98,
        "Operating Income": 31,
        "EBIT": 36,
        "Net Income": 24
    },
    "2012-06-30": {
        "Diluted EPS": 0.56,
        "Total Revenue": 321,
        "Gross Profit": 95,
        "Operating Income": 31,
        "EBIT": 36,
        "Net Income": 22
    },
    "2012-03-31": {
        "Diluted EPS": 0.65,
        "Total Revenue": 326,
        "Gross Profit": 100,
        "Operating Income": 36,
        "EBIT": 41,
        "Net Income": 25
    },
    "2011-12-31": {
        "Diluted EPS": 0.6,
        "Total Revenue": 309,
        "Gross Profit": 95,
        "Operating Income": 34,
        "EBIT": 38,
        "Net Income": 23
    },
    "2011-09-30": {
        "Diluted EPS": 0.7,
        "Total Revenue": 302,
        "Gross Profit": 96,
        "Operating Income": 33,
        "EBIT": 37,
        "Net Income": 27
    },
    "2011-06-30": {
        "Diluted EPS": 0.54,
        "Total Revenue": 291,
        "Gross Profit": 90,
        "Operating Income": 28,
        "EBIT": 31,
        "Net Income": 21
    },
    "2011-03-31": {
        "Diluted EPS": 0.57,
        "Total Revenue": 279,
        "Gross Profit": 88,
        "Operating Income": 31,
        "EBIT": 34,
        "Net Income": 21
    },
    "2010-12-31": {
        "Diluted EPS": 0.38,
        "Total Revenue": 259,
        "Gross Profit": 81,
        "Operating Income": 25,
        "EBIT": 29,
        "Net Income": 14
    },
    "2010-09-30": {
        "Diluted EPS": 0.36,
        "Total Revenue": 236,
        "Gross Profit": 76,
        "Operating Income": 22,
        "EBIT": 25,
        "Net Income": 13
    },
    "2010-06-30": {
        "Diluted EPS": 0.29,
        "Total Revenue": 196,
        "Gross Profit": 70,
        "Operating Income": 21,
        "EBIT": 24,
        "Net Income": 10
    },
    "2010-03-31": {
        "Diluted EPS": 0.38,
        "Total Revenue": 212,
        "Gross Profit": 73,
        "Operating Income": 24,
        "EBIT": 27,
        "Net Income": 14
    },
    "2009-12-31": {
        "Diluted EPS": 0.24,
        "Total Revenue": 219,
        "Gross Profit": 66,
        "Operating Income": 18,
        "EBIT": 21,
        "Net Income": 8
    },
    "2009-09-30": {
        "Diluted EPS": 0.24,
        "Total Revenue": 171,
        "Gross Profit": 56,
        "Operating Income": 15,
        "EBIT": 18,
        "Net Income": 9
    },
    "2009-06-30": {
        "Diluted EPS": -0.1,
        "Total Revenue": 145,
        "Gross Profit": 41,
        "Operating Income": 1,
        "EBIT": 4,
        "Net Income": -3
    },
    "2009-03-31": {
        "Diluted EPS": -0.11,
        "Total Revenue": 152,
        "Gross Profit": 43,
        "Operating Income": -2,
        "EBIT": 1,
        "Net Income": -4
    },
    "2023-09-30": {
        "Tax Effect Of Unusual Items": -224910.0,
        "Tax Rate For Calcs": 0.21,
        "Normalized EBITDA": 3119000.0,
        "Total Unusual Items": -1071000.0,
        "Total Unusual Items Excluding Goodwill": -1071000.0,
        "Net Income From Continuing Operation Net Minority Interest": -84799000.0,
        "Reconciled Depreciation": 1625000.0,
        "Reconciled Cost Of Revenue": 128911000.0,
        "EBITDA": 2048000.0,
        "EBIT": 423000.0,
        "Normalized Income": -83952910.0,
        "Net Income From Continuing And Discontinued Operation": -84799000.0,
        "Total Expenses": 197422000.0,
        "Total Operating Income As Reported": -648000.0,
        "Diluted Average Shares": 29524000.0,
        "Basic Average Shares": 29524000.0,
        "Diluted EPS": -2.87,
        "Basic EPS": -2.87,
        "Diluted NI Availto Com Stockholders": -84799000.0,
        "Net Income Common Stockholders": -84799000.0,
        "Net Income": -84799000.0,
        "Net Income Including Noncontrolling Interests": -84799000.0,
        "Net Income Continuous Operations": -84799000.0,
        "Tax Provision": 86431000.0,
        "Pretax Income": 1632000.0,
        "Other Income Expense": 1209000.0,
        "Other Non Operating Income Expenses": 2280000.0,
        "Special Income Charges": -1071000.0,
        "Impairment Of Capital Assets": 1071000.0,
        "Operating Income": 423000.0,
        "Operating Expense": 68511000.0,
        "Other Operating Expenses": 544000.0,
        "Research And Development": 20738000.0,
        "Selling General And Administration": 47229000.0,
        "Selling And Marketing Expense": 30865000.0,
        "General And Administrative Expense": 16364000.0,
        "Other Gand A": 16364000.0,
        "Gross Profit": 68934000.0,
        "Cost Of Revenue": 128911000.0,
        "Total Revenue": 197845000.0,
        "Operating Revenue": 197845000.0
    },
    "2023-12-31": {
        "Tax Effect Of Unusual Items": 1313130.0,
        "Tax Rate For Calcs": 0.21,
        "Normalized EBITDA": -7457000.0,
        "Total Unusual Items": 6253000.0,
        "Total Unusual Items Excluding Goodwill": 6253000.0,
        "Net Income From Continuing Operation Net Minority Interest": -1669000.0,
        "Reconciled Depreciation": 1670000.0,
        "Reconciled Cost Of Revenue": 123038000.0,
        "EBITDA": -1204000.0,
        "EBIT": -2874000.0,
        "Normalized Income": -6608870.0,
        "Net Income From Continuing And Discontinued Operation": -1669000.0,
        "Total Expenses": 191548000.0,
        "Total Operating Income As Reported": -2874000.0,
        "Diluted Average Shares": NaN,
        "Basic Average Shares": NaN,
        "Diluted EPS": NaN,
        "Basic EPS": NaN,
        "Diluted NI Availto Com Stockholders": -1669000.0,
        "Net Income Common Stockholders": -1669000.0,
        "Net Income": -1669000.0,
        "Net Income Including Noncontrolling Interests": -1669000.0,
        "Net Income Continuous Operations": -1669000.0,
        "Tax Provision": 1249000.0,
        "Pretax Income": -420000.0,
        "Other Income Expense": -4388000.0,
        "Other Non Operating Income Expenses": -10641000.0,
        "Special Income Charges": 6000000.0,
        "Impairment Of Capital Assets": 0.0,
        "Operating Income": -2874000.0,
        "Operating Expense": 68510000.0,
        "Other Operating Expenses": 1259000.0,
        "Research And Development": 19592000.0,
        "Selling General And Administration": 47659000.0,
        "Selling And Marketing Expense": 30552000.0,
        "General And Administrative Expense": 17107000.0,
        "Other Gand A": 17107000.0,
        "Gross Profit": 65636000.0,
        "Cost Of Revenue": 123038000.0,
        "Total Revenue": 188674000.0,
        "Operating Revenue": 188674000.0
    }
}