{
    "2023-05-31": {
        "Tax Effect Of Unusual Items": NaN,
        "Tax Rate For Calcs": NaN,
        "Normalized EBITDA": NaN,
        "Total Unusual Items": 0.0,
        "Total Unusual Items Excluding Goodwill": 0.0,
        "Net Income From Continuing Operation Net Minority Interest": NaN,
        "Reconciled Depreciation": NaN,
        "Reconciled Cost Of Revenue": NaN,
        "EBITDA": NaN,
        "EBIT": NaN,
        "Net Interest Income": NaN,
        "Interest Expense": NaN,
        "Interest Income": NaN,
        "Normalized Income": NaN,
        "Net Income From Continuing And Discontinued Operation": NaN,
        "Total Expenses": NaN,
        "Total Operating Income As Reported": NaN,
        "Diluted Average Shares": NaN,
        "Basic Average Shares": NaN,
        "Diluted EPS": NaN,
        "Basic EPS": NaN,
        "Diluted NI Availto Com Stockholders": NaN,
        "Net Income Common Stockholders": NaN,
        "Net Income": NaN,
        "Minority Interests": NaN,
        "Net Income Including Noncontrolling Interests": NaN,
        "Net Income Continuous Operations": NaN,
        "Tax Provision": NaN,
        "Pretax Income": NaN,
        "Other Income Expense": NaN,
        "Special Income Charges": 0.0,
        "Restructuring And Mergern Acquisition": 0.0,
        "Earnings From Equity Interest": NaN,
        "Net Non Operating Interest Income Expense": NaN,
        "Interest Expense Non Operating": NaN,
        "Interest Income Non Operating": NaN,
        "Operating Income": NaN,
        "Operating Expense": NaN,
        "Research And Development": NaN,
        "Selling General And Administration": NaN,
        "Selling And Marketing Expense": NaN,
        "General And Administrative Expense": NaN,
        "Other Gand A": NaN,
        "Gross Profit": NaN,
        "Cost Of Revenue": NaN,
        "Total Revenue": NaN,
        "Operating Revenue": NaN
    },
    "2023-02-28": {
        "Tax Effect Of Unusual Items": NaN,
        "Tax Rate For Calcs": NaN,
        "Normalized EBITDA": NaN,
        "Total Unusual Items": 0.0,
        "Total Unusual Items Excluding Goodwill": 0.0,
        "Net Income From Continuing Operation Net Minority Interest": NaN,
        "Reconciled Depreciation": NaN,
        "Reconciled Cost Of Revenue": NaN,
        "EBITDA": NaN,
        "EBIT": NaN,
        "Net Interest Income": NaN,
        "Interest Expense": NaN,
        "Interest Income": NaN,
        "Normalized Income": NaN,
        "Net Income From Continuing And Discontinued Operation": NaN,
        "Total Expenses": NaN,
        "Total Operating Income As Reported": NaN,
        "Diluted Average Shares": NaN,
        "Basic Average Shares": NaN,
        "Diluted EPS": NaN,
        "Basic EPS": NaN,
        "Diluted NI Availto Com Stockholders": NaN,
        "Net Income Common Stockholders": NaN,
        "Net Income": NaN,
        "Minority Interests": NaN,
        "Net Income Including Noncontrolling Interests": NaN,
        "Net Income Continuous Operations": NaN,
        "Tax Provision": NaN,
        "Pretax Income": NaN,
        "Other Income Expense": NaN,
        "Special Income Charges": 0.0,
        "Restructuring And Mergern Acquisition": 0.0,
        "Earnings From Equity Interest": NaN,
        "Net Non Operating Interest Income Expense": NaN,
        "Interest Expense Non Operating": NaN,
        "Interest Income Non Operating": NaN,
        "Operating Income": NaN,
        "Operating Expense": NaN,
        "Research And Development": NaN,
        "Selling General And Administration": NaN,
        "Selling And Marketing Expense": NaN,
        "General And Administrative Expense": NaN,
        "Other Gand A": NaN,
        "Gross Profit": NaN,
        "Cost Of Revenue": NaN,
        "Total Revenue": NaN,
        "Operating Revenue": NaN
    },
    "2022-11-30": {
        "Tax Effect Of Unusual Items": NaN,
        "Tax Rate For Calcs": NaN,
        "Normalized EBITDA": NaN,
        "Total Unusual Items": 0.0,
        "Total Unusual Items Excluding Goodwill": 0.0,
        "Net Income From Continuing Operation Net Minority Interest": NaN,
        "Reconciled Depreciation": NaN,
        "Reconciled Cost Of Revenue": NaN,
        "EBITDA": NaN,
        "EBIT": NaN,
        "Net Interest Income": NaN,
        "Interest Expense": NaN,
        "Interest Income": NaN,
        "Normalized Income": NaN,
        "Net Income From Continuing And Discontinued Operation": NaN,
        "Total Expenses": NaN,
        "Total Operating Income As Reported": NaN,
        "Diluted Average Shares": NaN,
        "Basic Average Shares": NaN,
        "Diluted EPS": NaN,
        "Basic EPS": NaN,
        "Diluted NI Availto Com Stockholders": NaN,
        "Net Income Common Stockholders": NaN,
        "Net Income": NaN,
        "Minority Interests": NaN,
        "Net Income Including Noncontrolling Interests": NaN,
        "Net Income Continuous Operations": NaN,
        "Tax Provision": NaN,
        "Pretax Income": NaN,
        "Other Income Expense": NaN,
        "Special Income Charges": 0.0,
        "Restructuring And Mergern Acquisition": 0.0,
        "Earnings From Equity Interest": NaN,
        "Net Non Operating Interest Income Expense": NaN,
        "Interest Expense Non Operating": NaN,
        "Interest Income Non Operating": NaN,
        "Operating Income": NaN,
        "Operating Expense": NaN,
        "Research And Development": NaN,
        "Selling General And Administration": NaN,
        "Selling And Marketing Expense": NaN,
        "General And Administrative Expense": NaN,
        "Other Gand A": NaN,
        "Gross Profit": NaN,
        "Cost Of Revenue": NaN,
        "Total Revenue": NaN,
        "Operating Revenue": NaN
    },
    "2022-08-31": {
        "Tax Effect Of Unusual Items": NaN,
        "Tax Rate For Calcs": NaN,
        "Normalized EBITDA": NaN,
        "Total Unusual Items": 0.0,
        "Total Unusual Items Excluding Goodwill": 0.0,
        "Net Income From Continuing Operation Net Minority Interest": NaN,
        "Reconciled Depreciation": NaN,
        "Reconciled Cost Of Revenue": NaN,
        "EBITDA": NaN,
        "EBIT": NaN,
        "Net Interest Income": NaN,
        "Interest Expense": NaN,
        "Interest Income": NaN,
        "Normalized Income": NaN,
        "Net Income From Continuing And Discontinued Operation": NaN,
        "Total Expenses": NaN,
        "Total Operating Income As Reported": NaN,
        "Diluted Average Shares": NaN,
        "Basic Average Shares": NaN,
        "Diluted EPS": NaN,
        "Basic EPS": NaN,
        "Diluted NI Availto Com Stockholders": NaN,
        "Net Income Common Stockholders": NaN,
        "Net Income": NaN,
        "Minority Interests": NaN,
        "Net Income Including Noncontrolling Interests": NaN,
        "Net Income Continuous Operations": NaN,
        "Tax Provision": NaN,
        "Pretax Income": NaN,
        "Other Income Expense": NaN,
        "Special Income Charges": 0.0,
        "Restructuring And Mergern Acquisition": 0.0,
        "Earnings From Equity Interest": NaN,
        "Net Non Operating Interest Income Expense": NaN,
        "Interest Expense Non Operating": NaN,
        "Interest Income Non Operating": NaN,
        "Operating Income": NaN,
        "Operating Expense": NaN,
        "Research And Development": NaN,
        "Selling General And Administration": NaN,
        "Selling And Marketing Expense": NaN,
        "General And Administrative Expense": NaN,
        "Other Gand A": NaN,
        "Gross Profit": NaN,
        "Cost Of Revenue": NaN,
        "Total Revenue": NaN,
        "Operating Revenue": NaN
    },
    "2022-05-31": {
        "Tax Effect Of Unusual Items": 0.0,
        "Tax Rate For Calcs": 0.332941,
        "Normalized EBITDA": 1838861.0,
        "Total Unusual Items": 0.0,
        "Total Unusual Items Excluding Goodwill": 0.0,
        "Net Income From Continuing Operation Net Minority Interest": 1000167.0,
        "Reconciled Depreciation": 449942.0,
        "Reconciled Cost Of Revenue": 12722833.0,
        "EBIT": 1838861.0,
        "Net Interest Income": -7859.0,
        "Interest Expense": 23784.0,
        "Interest Income": 15925.0,
        "Normalized Income": 1000167.0,
        "Net Income From Continuing And Discontinued Operation": 1000167.0,
        "Total Expenses": 19836570.0,
        "Total Operating Income As Reported": 1822936.0,
        "Diluted Average Shares": 9578797.0,
        "Basic Average Shares": 9227912.0,
        "Diluted EPS": 0.11,
        "Basic EPS": 0.11,
        "Diluted NI Availto Com Stockholders": 1000167.0,
        "Net Income Common Stockholders": 1000167.0,
        "Net Income": 1000167.0,
        "Minority Interests": -210596.0,
        "Net Income Including Noncontrolling Interests": 1210763.0,
        "Net Income Continuous Operations": 1210763.0,
        "Tax Provision": 604314.0,
        "Pretax Income": 1815077.0,
        "Other Income Expense": 2694585.0,
        "Special Income Charges": 0.0,
        "Restructuring And Mergern Acquisition": 0.0,
        "Earnings From Equity Interest": 2694585.0,
        "Net Non Operating Interest Income Expense": -7859.0,
        "Interest Expense Non Operating": 23784.0,
        "Interest Income Non Operating": 15925.0,
        "Operating Income": -871649.0,
        "Operating Expense": 7113737.0,
        "Research And Development": 1102942.0,
        "Selling General And Administration": 6010795.0,
        "Selling And Marketing Expense": 3450308.0,
        "General And Administrative Expense": 2560487.0,
        "Other Gand A": 2560487.0,
        "Gross Profit": 6242088.0,
        "Cost Of Revenue": 12722833.0,
        "Total Revenue": 18964921.0,
        "Operating Revenue": 18964921.0
    },
    "2022-02-28": {
        "Diluted EPS": 0.02,
        "Total Revenue": 17,
        "Gross Profit": 5,
        "Operating Income": 0,
        "EBIT": 1,
        "Net Income": 0
    },
    "2021-11-30": {
        "Diluted EPS": 0.46,
        "Total Revenue": 18,
        "Gross Profit": 6,
        "Operating Income": 1,
        "EBIT": 2,
        "Net Income": 4
    },
    "2021-08-31": {
        "Diluted EPS": 0.17,
        "Total Revenue": 16,
        "Gross Profit": 6,
        "Operating Income": 2,
        "EBIT": 3,
        "Net Income": 2
    },
    "2021-05-31": {
        "Diluted EPS": 0.21,
        "Total Revenue": 15,
        "Gross Profit": 5,
        "Operating Income": 3,
        "EBIT": 3,
        "Net Income": 2
    },
    "2021-02-28": {
        "Diluted EPS": 0.13,
        "Total Revenue": 13,
        "Gross Profit": 4,
        "Operating Income": 2,
        "EBIT": 2,
        "Net Income": 1
    },
    "2020-11-30": {
        "Diluted EPS": 0.13,
        "Total Revenue": 13,
        "Gross Profit": 4,
        "Operating Income": 2,
        "EBIT": 2,
        "Net Income": 1
    },
    "2020-08-31": {
        "Diluted EPS": -0.19,
        "Total Revenue": 10,
        "Gross Profit": 3,
        "Operating Income": 0,
        "EBIT": 0,
        "Net Income": -2
    },
    "2020-05-31": {
        "Diluted EPS": -0.11,
        "Total Revenue": 10,
        "Gross Profit": 3,
        "Operating Income": -1,
        "EBIT": 0,
        "Net Income": -1
    },
    "2020-02-29": {
        "Diluted EPS": 0.02,
        "Total Revenue": 13,
        "Gross Profit": 5,
        "Operating Income": 1,
        "EBIT": 1,
        "Net Income": 0
    },
    "2019-11-30": {
        "Diluted EPS": 0.13,
        "Total Revenue": 15,
        "Gross Profit": 5,
        "Operating Income": 2,
        "EBIT": 2,
        "Net Income": 1
    },
    "2019-08-31": {
        "Diluted EPS": 0.08,
        "Total Revenue": 13,
        "Gross Profit": 4,
        "Operating Income": 1,
        "EBIT": 1,
        "Net Income": 1
    },
    "2019-05-31": {
        "Diluted EPS": 0.16,
        "Total Revenue": 15,
        "Gross Profit": 5,
        "Operating Income": 2,
        "EBIT": 2,
        "Net Income": 1
    },
    "2019-02-28": {
        "Diluted EPS": 0.15,
        "Total Revenue": 13,
        "Gross Profit": 4,
        "Operating Income": 2,
        "EBIT": 2,
        "Net Income": 1
    },
    "2018-11-30": {
        "Diluted EPS": 0.16,
        "Total Revenue": 14,
        "Gross Profit": 5,
        "Operating Income": 2,
        "EBIT": 2,
        "Net Income": 1
    },
    "2018-08-31": {
        "Diluted EPS": 0.23,
        "Total Revenue": 15,
        "Gross Profit": 5,
        "Operating Income": 2,
        "EBIT": 2,
        "Net Income": 2
    },
    "2018-05-31": {
        "Diluted EPS": 0.23,
        "Total Revenue": 13,
        "Gross Profit": 4,
        "Operating Income": 2,
        "EBIT": 3,
        "Net Income": 2
    },
    "2018-02-28": {
        "Diluted EPS": 0.15,
        "Total Revenue": 12,
        "Gross Profit": 4,
        "Operating Income": 2,
        "EBIT": 3,
        "Net Income": 1
    },
    "2017-11-30": {
        "Diluted EPS": 0.12,
        "Total Revenue": 12,
        "Gross Profit": 4,
        "Operating Income": 1,
        "EBIT": 2,
        "Net Income": 1
    },
    "2017-08-31": {
        "Diluted EPS": 0.15,
        "Total Revenue": 11,
        "Gross Profit": 4,
        "Operating Income": 2,
        "EBIT": 2,
        "Net Income": 1
    },
    "2017-05-31": {
        "Diluted EPS": 0.15,
        "Total Revenue": 10,
        "Gross Profit": 3,
        "Operating Income": 2,
        "EBIT": 2,
        "Net Income": 1
    },
    "2017-02-28": {
        "Diluted EPS": 0.05,
        "Total Revenue": 9,
        "Gross Profit": 3,
        "Operating Income": 1,
        "EBIT": 1,
        "Net Income": 0
    },
    "2016-11-30": {
        "Diluted EPS": 0.04,
        "Total Revenue": 10,
        "Gross Profit": 3,
        "Operating Income": 1,
        "EBIT": 1,
        "Net Income": 0
    },
    "2016-08-31": {
        "Diluted EPS": -0.16,
        "Total Revenue": 10,
        "Gross Profit": 3,
        "Operating Income": 0,
        "EBIT": 0,
        "Net Income": -1
    },
    "2016-05-31": {
        "Diluted EPS": 0.1,
        "Total Revenue": 9,
        "Gross Profit": 3,
        "Operating Income": 1,
        "EBIT": 1,
        "Net Income": 1
    },
    "2016-02-29": {
        "Diluted EPS": -0.01,
        "Total Revenue": 8,
        "Gross Profit": 2,
        "Operating Income": 0,
        "EBIT": 0,
        "Net Income": 0
    },
    "2015-11-30": {
        "Diluted EPS": -0.03,
        "Total Revenue": 7,
        "Gross Profit": 2,
        "Operating Income": 0,
        "EBIT": 0,
        "Net Income": 0
    },
    "2015-08-31": {
        "Diluted EPS": -0.01,
        "Total Revenue": 8,
        "Gross Profit": 3,
        "Operating Income": 0,
        "EBIT": 0,
        "Net Income": 0
    },
    "2015-05-31": {
        "Diluted EPS": 0.1,
        "Total Revenue": 8,
        "Gross Profit": 3,
        "Operating Income": 1,
        "EBIT": 1,
        "Net Income": 1
    },
    "2015-02-28": {
        "Diluted EPS": -0.02,
        "Total Revenue": 7,
        "Gross Profit": 2,
        "Operating Income": 0,
        "EBIT": 0,
        "Net Income": 0
    },
    "2014-11-30": {
        "Diluted EPS": 0.11,
        "Total Revenue": 7,
        "Gross Profit": 2,
        "Operating Income": 2,
        "EBIT": 2,
        "Net Income": 1
    },
    "2014-08-31": {
        "Diluted EPS": 0.14,
        "Total Revenue": 7,
        "Gross Profit": 2,
        "Operating Income": 2,
        "EBIT": 2,
        "Net Income": 1
    },
    "2014-05-31": {
        "Diluted EPS": 0.11,
        "Total Revenue": 7,
        "Gross Profit": 2,
        "Operating Income": 2,
        "EBIT": 2,
        "Net Income": 1
    },
    "2014-02-28": {
        "Diluted EPS": 0.11,
        "Total Revenue": 6,
        "Gross Profit": 2,
        "Operating Income": 2,
        "EBIT": 2,
        "Net Income": 1
    },
    "2013-11-30": {
        "Diluted EPS": 0.1,
        "Total Revenue": 6,
        "Gross Profit": 2,
        "Operating Income": 2,
        "EBIT": 2,
        "Net Income": 1
    },
    "2013-08-31": {
        "Diluted EPS": 0.18,
        "Total Revenue": 6,
        "Gross Profit": 2,
        "Operating Income": 2,
        "EBIT": 2,
        "Net Income": 2
    },
    "2013-05-31": {
        "Diluted EPS": 0.11,
        "Total Revenue": 6,
        "Gross Profit": 2,
        "Operating Income": 1,
        "EBIT": 2,
        "Net Income": 1
    },
    "2013-02-28": {
        "Diluted EPS": 0.05,
        "Total Revenue": 5,
        "Gross Profit": 2,
        "Operating Income": 1,
        "EBIT": 1,
        "Net Income": 0
    },
    "2012-11-30": {
        "Diluted EPS": 0.05,
        "Total Revenue": 5,
        "Gross Profit": 2,
        "Operating Income": 1,
        "EBIT": 1,
        "Net Income": 0
    },
    "2012-08-31": {
        "Diluted EPS": 0.05,
        "Total Revenue": 5,
        "Gross Profit": 1,
        "Operating Income": 0,
        "EBIT": 1,
        "Net Income": 0
    },
    "2012-05-31": {
        "Diluted EPS": 0.17,
        "Total Revenue": 8,
        "Gross Profit": 4,
        "Operating Income": 2,
        "EBIT": 3,
        "Net Income": 1
    },
    "2012-02-29": {
        "Diluted EPS": 0.07,
        "Total Revenue": 5,
        "Gross Profit": 1,
        "Operating Income": 1,
        "EBIT": 1,
        "Net Income": 1
    },
    "2011-11-30": {
        "Diluted EPS": 0.11,
        "Total Revenue": 5,
        "Gross Profit": 2,
        "Operating Income": 1,
        "EBIT": 1,
        "Net Income": 1
    },
    "2011-08-31": {
        "Diluted EPS": 0.11,
        "Total Revenue": 4,
        "Gross Profit": 0,
        "Operating Income": 5,
        "EBIT": 5,
        "Net Income": 1
    },
    "2011-05-31": {
        "Diluted EPS": 0.12,
        "Total Revenue": 5,
        "Gross Profit": 2,
        "Operating Income": 1,
        "EBIT": 1,
        "Net Income": 1
    },
    "2011-02-28": {
        "Diluted EPS": 0.11,
        "Total Revenue": 5,
        "Gross Profit": 2,
        "Operating Income": -1,
        "EBIT": -1,
        "Net Income": 1
    },
    "2010-11-30": {
        "Diluted EPS": 0.11,
        "Total Revenue": 4,
        "Gross Profit": 1,
        "Operating Income": -2,
        "EBIT": -2,
        "Net Income": 1
    },
    "2010-08-31": {
        "Diluted EPS": 0.1,
        "Total Revenue": 6,
        "Gross Profit": 2,
        "Operating Income": 5,
        "EBIT": 5,
        "Net Income": 1
    },
    "2010-05-31": {
        "Diluted EPS": 0.11,
        "Total Revenue": 3,
        "Gross Profit": 1,
        "Operating Income": -2,
        "EBIT": -1,
        "Net Income": 1
    },
    "2010-02-28": {
        "Diluted EPS": 0.04,
        "Total Revenue": 3,
        "Gross Profit": 1,
        "Operating Income": 0,
        "EBIT": 0,
        "Net Income": 0
    },
    "2009-11-30": {
        "Diluted EPS": 0.05,
        "Total Revenue": 3,
        "Gross Profit": 1,
        "Operating Income": -1,
        "EBIT": 0,
        "Net Income": 0
    },
    "2009-08-31": {
        "Diluted EPS": -0.16,
        "Total Revenue": 2,
        "Gross Profit": 1,
        "Operating Income": 1,
        "EBIT": 1,
        "Net Income": -1
    },
    "2009-05-31": {
        "Diluted EPS": -0.09,
        "Total Revenue": 2,
        "Gross Profit": 1,
        "Operating Income": -1,
        "EBIT": 0,
        "Net Income": -1
    },
    "2009-02-28": {
        "Diluted EPS": 0.0,
        "Total Revenue": 2,
        "Gross Profit": 1,
        "Operating Income": -1,
        "EBIT": -1,
        "Net Income": -2
    },
    "2023-08-31": {
        "Tax Effect Of Unusual Items": NaN,
        "Tax Rate For Calcs": NaN,
        "Normalized EBITDA": NaN,
        "Total Unusual Items": 0.0,
        "Total Unusual Items Excluding Goodwill": 0.0,
        "Net Income From Continuing Operation Net Minority Interest": NaN,
        "Reconciled Depreciation": NaN,
        "Reconciled Cost Of Revenue": NaN,
        "EBITDA": NaN,
        "EBIT": NaN,
        "Net Interest Income": NaN,
        "Interest Expense": NaN,
        "Interest Income": NaN,
        "Normalized Income": NaN,
        "Net Income From Continuing And Discontinued Operation": NaN,
        "Total Expenses": NaN,
        "Total Operating Income As Reported": NaN,
        "Diluted Average Shares": NaN,
        "Basic Average Shares": NaN,
        "Diluted EPS": NaN,
        "Basic EPS": NaN,
        "Diluted NI Availto Com Stockholders": NaN,
        "Net Income Common Stockholders": NaN,
        "Net Income": NaN,
        "Minority Interests": NaN,
        "Net Income Including Noncontrolling Interests": NaN,
        "Net Income Continuous Operations": NaN,
        "Tax Provision": NaN,
        "Pretax Income": NaN,
        "Other Income Expense": NaN,
        "Special Income Charges": 0.0,
        "Restructuring And Mergern Acquisition": 0.0,
        "Earnings From Equity Interest": NaN,
        "Net Non Operating Interest Income Expense": NaN,
        "Interest Expense Non Operating": NaN,
        "Interest Income Non Operating": NaN,
        "Operating Income": NaN,
        "Operating Expense": NaN,
        "Research And Development": NaN,
        "Selling General And Administration": NaN,
        "Selling And Marketing Expense": NaN,
        "General And Administrative Expense": NaN,
        "Other Gand A": NaN,
        "Gross Profit": NaN,
        "Cost Of Revenue": NaN,
        "Total Revenue": NaN,
        "Operating Revenue": NaN
    },
    "2023-11-30": {
        "Tax Effect Of Unusual Items": 0.0,
        "Tax Rate For Calcs": 0.172897,
        "Normalized EBITDA": 1877540.0,
        "Total Unusual Items": NaN,
        "Total Unusual Items Excluding Goodwill": NaN,
        "Net Income From Continuing Operation Net Minority Interest": 895521.0,
        "Reconciled Depreciation": 454665.0,
        "Reconciled Cost Of Revenue": 12847401.0,
        "EBITDA": 1877540.0,
        "EBIT": 1422875.0,
        "Net Interest Income": -64696.0,
        "Interest Expense": 111138.0,
        "Interest Income": 46442.0,
        "Normalized Income": 895521.0,
        "Net Income From Continuing And Discontinued Operation": 895521.0,
        "Total Expenses": 21156441.0,
        "Total Operating Income As Reported": 1376433.0,
        "Diluted Average Shares": 9706581.0,
        "Basic Average Shares": 9427588.0,
        "Diluted EPS": 0.09,
        "Basic EPS": 0.09,
        "Diluted NI Availto Com Stockholders": 895521.0,
        "Net Income Common Stockholders": 895521.0,
        "Net Income": 895521.0,
        "Minority Interests": -189420.0,
        "Net Income Including Noncontrolling Interests": 1084941.0,
        "Net Income Continuous Operations": 1084941.0,
        "Tax Provision": 226796.0,
        "Pretax Income": 1311737.0,
        "Other Income Expense": 2351199.0,
        "Special Income Charges": NaN,
        "Restructuring And Mergern Acquisition": NaN,
        "Earnings From Equity Interest": 2351199.0,
        "Net Non Operating Interest Income Expense": -64696.0,
        "Interest Expense Non Operating": 111138.0,
        "Interest Income Non Operating": 46442.0,
        "Operating Income": -974766.0,
        "Operating Expense": 8309040.0,
        "Research And Development": 1105921.0,
        "Selling General And Administration": 7203119.0,
        "Selling And Marketing Expense": 3686058.0,
        "General And Administrative Expense": 3517061.0,
        "Other Gand A": 3517061.0,
        "Gross Profit": 7334274.0,
        "Cost Of Revenue": 12847401.0,
        "Total Revenue": 20181675.0,
        "Operating Revenue": 20181675.0
    },
    "2024-02-29": {
        "Tax Effect Of Unusual Items": 0.0,
        "Tax Rate For Calcs": 0.134028,
        "Normalized EBITDA": 2673445.0,
        "Total Unusual Items": NaN,
        "Total Unusual Items Excluding Goodwill": NaN,
        "Net Income From Continuing Operation Net Minority Interest": 1701169.0,
        "Reconciled Depreciation": 437964.0,
        "Reconciled Cost Of Revenue": 12503374.0,
        "EBITDA": 2673445.0,
        "EBIT": 2235481.0,
        "Net Interest Income": -48548.0,
        "Interest Expense": 77758.0,
        "Interest Income": 29210.0,
        "Normalized Income": 1701169.0,
        "Net Income From Continuing And Discontinued Operation": 1701169.0,
        "Total Expenses": 21117316.0,
        "Total Operating Income As Reported": 2206271.0,
        "Diluted Average Shares": 9723671.0,
        "Basic Average Shares": 9427598.0,
        "Diluted EPS": 0.17,
        "Basic EPS": 0.18,
        "Diluted NI Availto Com Stockholders": 1701169.0,
        "Net Income Common Stockholders": 1701169.0,
        "Net Income": 1701169.0,
        "Minority Interests": -167359.0,
        "Net Income Including Noncontrolling Interests": 1868528.0,
        "Net Income Continuous Operations": 1868528.0,
        "Tax Provision": 289195.0,
        "Pretax Income": 2157723.0,
        "Other Income Expense": 2481049.0,
        "Special Income Charges": NaN,
        "Restructuring And Mergern Acquisition": NaN,
        "Earnings From Equity Interest": 2481049.0,
        "Net Non Operating Interest Income Expense": -48548.0,
        "Interest Expense Non Operating": 77758.0,
        "Interest Income Non Operating": 29210.0,
        "Operating Income": -274778.0,
        "Operating Expense": 8613942.0,
        "Research And Development": 1242256.0,
        "Selling General And Administration": 7371686.0,
        "Selling And Marketing Expense": 4134894.0,
        "General And Administrative Expense": 3236792.0,
        "Other Gand A": 3236792.0,
        "Gross Profit": 8339164.0,
        "Cost Of Revenue": 12503374.0,
        "Total Revenue": 20842538.0,
        "Operating Revenue": 20842538.0
    },
    "2024-05-31": {
        "Tax Effect Of Unusual Items": 0.0,
        "Tax Rate For Calcs": 0.223429,
        "Normalized EBITDA": 1982428.0,
        "Total Unusual Items": NaN,
        "Total Unusual Items Excluding Goodwill": NaN,
        "Net Income From Continuing Operation Net Minority Interest": 976604.0,
        "Reconciled Depreciation": 434767.0,
        "Reconciled Cost Of Revenue": 12793103.0,
        "EBITDA": 1982428.0,
        "EBIT": 1547661.0,
        "Net Interest Income": -36195.0,
        "Interest Expense": 59939.0,
        "Interest Income": 23744.0,
        "Normalized Income": 976604.0,
        "Net Income From Continuing And Discontinued Operation": 976604.0,
        "Total Expenses": 21771508.0,
        "Total Operating Income As Reported": 1523917.0,
        "Diluted Average Shares": 10015674.0,
        "Basic Average Shares": 9431134.0,
        "Diluted EPS": 0.1,
        "Basic EPS": 0.1,
        "Diluted NI Availto Com Stockholders": 976604.0,
        "Net Income Common Stockholders": 976604.0,
        "Net Income": 976604.0,
        "Minority Interests": -178718.0,
        "Net Income Including Noncontrolling Interests": 1155322.0,
        "Net Income Continuous Operations": 1155322.0,
        "Tax Provision": 332400.0,
        "Pretax Income": 1487722.0,
        "Other Income Expense": 2609228.0,
        "Special Income Charges": NaN,
        "Restructuring And Mergern Acquisition": NaN,
        "Earnings From Equity Interest": 2609228.0,
        "Net Non Operating Interest Income Expense": -36195.0,
        "Interest Expense Non Operating": 59939.0,
        "Interest Income Non Operating": 23744.0,
        "Operating Income": -1085311.0,
        "Operating Expense": 8978405.0,
        "Research And Development": 1245405.0,
        "Selling General And Administration": 7733000.0,
        "Selling And Marketing Expense": 4232887.0,
        "General And Administrative Expense": 3500113.0,
        "Other Gand A": 3500113.0,
        "Gross Profit": 7893094.0,
        "Cost Of Revenue": 12793103.0,
        "Total Revenue": 20686197.0,
        "Operating Revenue": 20686197.0
    },
    "2024-08-31": {
        "Tax Effect Of Unusual Items": 0.0,
        "Tax Rate For Calcs": 0.177474,
        "Normalized EBITDA": 3206961.0,
        "Total Unusual Items": NaN,
        "Total Unusual Items Excluding Goodwill": NaN,
        "Net Income From Continuing Operation Net Minority Interest": 1835788.0,
        "Reconciled Depreciation": 425668.0,
        "Reconciled Cost Of Revenue": 13129277.0,
        "EBITDA": 3206961.0,
        "EBIT": 2781293.0,
        "Net Interest Income": -71863.0,
        "Interest Expense": 91294.0,
        "Interest Income": 19431.0,
        "Normalized Income": 1835788.0,
        "Net Income From Continuing And Discontinued Operation": 1835788.0,
        "Total Expenses": 22620847.0,
        "Total Operating Income As Reported": 2761862.0,
        "Diluted Average Shares": 9884611.0,
        "Basic Average Shares": 9446498.0,
        "Diluted EPS": 0.19,
        "Basic EPS": 0.2,
        "Diluted NI Availto Com Stockholders": 1835788.0,
        "Net Income Common Stockholders": 1835788.0,
        "Net Income": 1835788.0,
        "Minority Interests": -376805.0,
        "Net Income Including Noncontrolling Interests": 2212593.0,
        "Net Income Continuous Operations": 2212593.0,
        "Tax Provision": 477406.0,
        "Pretax Income": 2689999.0,
        "Other Income Expense": 2033602.0,
        "Special Income Charges": NaN,
        "Restructuring And Mergern Acquisition": NaN,
        "Earnings From Equity Interest": 2033602.0,
        "Net Non Operating Interest Income Expense": -71863.0,
        "Interest Expense Non Operating": 91294.0,
        "Interest Income Non Operating": 19431.0,
        "Operating Income": 728260.0,
        "Operating Expense": 9491570.0,
        "Research And Development": 1209209.0,
        "Selling General And Administration": 8282361.0,
        "Selling And Marketing Expense": 4359833.0,
        "General And Administrative Expense": 3922528.0,
        "Other Gand A": 3922528.0,
        "Gross Profit": 10219830.0,
        "Cost Of Revenue": 13129277.0,
        "Total Revenue": 23349107.0,
        "Operating Revenue": 23349107.0
    },
    "2024-11-30": {
        "Tax Effect Of Unusual Items": 0.0,
        "Tax Rate For Calcs": 0.215284,
        "Normalized EBITDA": 1547113.0,
        "Total Unusual Items": NaN,
        "Total Unusual Items Excluding Goodwill": NaN,
        "Net Income From Continuing Operation Net Minority Interest": 561091.0,
        "Reconciled Depreciation": 414875.0,
        "Reconciled Cost Of Revenue": 13175440.0,
        "EBITDA": 1547113.0,
        "EBIT": 1132238.0,
        "Net Interest Income": -94653.0,
        "Interest Expense": 120220.0,
        "Interest Income": 25567.0,
        "Normalized Income": 561091.0,
        "Net Income From Continuing And Discontinued Operation": 561091.0,
        "Total Expenses": 22645434.0,
        "Total Operating Income As Reported": 1106671.0,
        "Diluted Average Shares": 9754209.0,
        "Basic Average Shares": 9470507.0,
        "Diluted EPS": 0.06,
        "Basic EPS": 0.06,
        "Diluted NI Availto Com Stockholders": 561091.0,
        "Net Income Common Stockholders": 561091.0,
        "Net Income": 561091.0,
        "Minority Interests": -233056.0,
        "Net Income Including Noncontrolling Interests": 794147.0,
        "Net Income Continuous Operations": 794147.0,
        "Tax Provision": 217871.0,
        "Pretax Income": 1012018.0,
        "Other Income Expense": 2413712.0,
        "Special Income Charges": NaN,
        "Restructuring And Mergern Acquisition": NaN,
        "Earnings From Equity Interest": 2413712.0,
        "Net Non Operating Interest Income Expense": -94653.0,
        "Interest Expense Non Operating": 120220.0,
        "Interest Income Non Operating": 25567.0,
        "Operating Income": -1307041.0,
        "Operating Expense": 9469994.0,
        "Research And Development": 1343397.0,
        "Selling General And Administration": 8126597.0,
        "Selling And Marketing Expense": 4267654.0,
        "General And Administrative Expense": 3858943.0,
        "Other Gand A": 3858943.0,
        "Gross Profit": 8162953.0,
        "Cost Of Revenue": 13175440.0,
        "Total Revenue": 21338393.0,
        "Operating Revenue": 21338393.0
    }
}