{
    "2023-03-31": {
        "Tax Effect Of Unusual Items": 0.0,
        "Tax Rate For Calcs": 0.0,
        "Normalized EBITDA": -109808000.0,
        "Total Unusual Items": -100000.0,
        "Total Unusual Items Excluding Goodwill": -100000.0,
        "Net Income From Continuing Operation Net Minority Interest": -103126000.0,
        "Reconciled Depreciation": 2050000.0,
        "EBITDA": -109908000.0,
        "EBIT": -111958000.0,
        "Net Interest Income": 11980000.0,
        "Interest Income": 11980000.0,
        "Normalized Income": -103026000.0,
        "Net Income From Continuing And Discontinued Operation": -103126000.0,
        "Total Expenses": 124564000.0,
        "Total Operating Income As Reported": -111958000.0,
        "Diluted NI Availto Com Stockholders": -103126000.0,
        "Net Income Common Stockholders": -103126000.0,
        "Net Income": -103126000.0,
        "Net Income Including Noncontrolling Interests": -103126000.0,
        "Net Income Continuous Operations": -103126000.0,
        "Pretax Income": -103126000.0,
        "Other Income Expense": -3148000.0,
        "Special Income Charges": -100000.0,
        "Restructuring And Mergern Acquisition": 100000.0,
        "Earnings From Equity Interest": -3048000.0,
        "Net Non Operating Interest Income Expense": 11980000.0,
        "Interest Income Non Operating": 11980000.0,
        "Operating Income": -111958000.0,
        "Operating Expense": 124564000.0,
        "Research And Development": 97116000.0,
        "Selling General And Administration": 27448000.0,
        "General And Administrative Expense": 27448000.0,
        "Other Gand A": 27448000.0,
        "Total Revenue": 12606000.0,
        "Operating Revenue": 12606000.0
    },
    "2022-12-31": {
        "Tax Effect Of Unusual Items": 0.0,
        "Tax Rate For Calcs": 0.0,
        "Normalized EBITDA": -102630000.0,
        "Total Unusual Items": -5426000.0,
        "Total Unusual Items Excluding Goodwill": -5426000.0,
        "Net Income From Continuing Operation Net Minority Interest": -113407000.0,
        "Reconciled Depreciation": 2031000.0,
        "EBITDA": -108056000.0,
        "EBIT": -110087000.0,
        "Net Interest Income": 5354000.0,
        "Interest Income": 5354000.0,
        "Normalized Income": -107981000.0,
        "Net Income From Continuing And Discontinued Operation": -113407000.0,
        "Total Expenses": 123660000.0,
        "Total Operating Income As Reported": -110087000.0,
        "Diluted NI Availto Com Stockholders": -113407000.0,
        "Net Income Common Stockholders": -113407000.0,
        "Net Income": -113407000.0,
        "Net Income Including Noncontrolling Interests": -113407000.0,
        "Net Income Continuous Operations": -113407000.0,
        "Pretax Income": -113407000.0,
        "Other Income Expense": -8674000.0,
        "Special Income Charges": -5426000.0,
        "Restructuring And Mergern Acquisition": 5426000.0,
        "Earnings From Equity Interest": -3248000.0,
        "Net Non Operating Interest Income Expense": 5354000.0,
        "Interest Income Non Operating": 5354000.0,
        "Operating Income": -110087000.0,
        "Operating Expense": 123660000.0,
        "Research And Development": 100034000.0,
        "Selling General And Administration": 23626000.0,
        "General And Administrative Expense": 23626000.0,
        "Other Gand A": 23626000.0,
        "Total Revenue": 13573000.0,
        "Operating Revenue": 13573000.0
    },
    "2022-09-30": {
        "Tax Effect Of Unusual Items": 0.0,
        "Tax Rate For Calcs": 0.0,
        "Normalized EBITDA": -95770000.0,
        "Total Unusual Items": -7810000.0,
        "Total Unusual Items Excluding Goodwill": -7810000.0,
        "Net Income From Continuing Operation Net Minority Interest": -113229000.0,
        "Reconciled Depreciation": 1950000.0,
        "EBITDA": -103580000.0,
        "EBIT": -105530000.0,
        "Net Interest Income": 1945000.0,
        "Interest Income": 1945000.0,
        "Normalized Income": -105419000.0,
        "Net Income From Continuing And Discontinued Operation": -113229000.0,
        "Total Expenses": 118796000.0,
        "Total Operating Income As Reported": -105530000.0,
        "Diluted Average Shares": 76047000.0,
        "Basic Average Shares": 76047000.0,
        "Diluted EPS": -1.49,
        "Basic EPS": -1.49,
        "Diluted NI Availto Com Stockholders": -113229000.0,
        "Net Income Common Stockholders": -113229000.0,
        "Net Income": -113229000.0,
        "Net Income Including Noncontrolling Interests": -113229000.0,
        "Net Income Continuous Operations": -113229000.0,
        "Pretax Income": -113229000.0,
        "Other Income Expense": -9644000.0,
        "Special Income Charges": -7810000.0,
        "Restructuring And Mergern Acquisition": 7810000.0,
        "Earnings From Equity Interest": -1834000.0,
        "Net Non Operating Interest Income Expense": 1945000.0,
        "Interest Income Non Operating": 1945000.0,
        "Operating Income": -105530000.0,
        "Operating Expense": 118796000.0,
        "Research And Development": 96651000.0,
        "Selling General And Administration": 22145000.0,
        "General And Administrative Expense": 22145000.0,
        "Other Gand A": 22145000.0,
        "Total Revenue": 13266000.0,
        "Operating Revenue": 13266000.0
    },
    "2022-06-30": {
        "Tax Effect Of Unusual Items": 0.0,
        "Tax Rate For Calcs": 0.0,
        "Normalized EBITDA": -98473000.0,
        "Total Unusual Items": 172000.0,
        "Total Unusual Items Excluding Goodwill": 172000.0,
        "Net Income From Continuing Operation Net Minority Interest": -100678000.0,
        "Reconciled Depreciation": 1837000.0,
        "EBITDA": -98301000.0,
        "EBIT": -98301000.0,
        "Net Interest Income": 703000.0,
        "Interest Income": 703000.0,
        "Normalized Income": -100850000.0,
        "Net Income From Continuing And Discontinued Operation": -100678000.0,
        "Total Expenses": 112331000.0,
        "Total Operating Income As Reported": -98301000.0,
        "Diluted Average Shares": 75823000.0,
        "Basic Average Shares": 75823000.0,
        "Diluted EPS": -1.33,
        "Basic EPS": -1.33,
        "Diluted NI Availto Com Stockholders": -100678000.0,
        "Net Income Common Stockholders": -100678000.0,
        "Net Income": -100678000.0,
        "Net Income Including Noncontrolling Interests": -100678000.0,
        "Net Income Continuous Operations": -100678000.0,
        "Pretax Income": -100678000.0,
        "Other Income Expense": -3080000.0,
        "Special Income Charges": 172000.0,
        "Restructuring And Mergern Acquisition": -172000.0,
        "Earnings From Equity Interest": -3252000.0,
        "Net Non Operating Interest Income Expense": 703000.0,
        "Interest Income Non Operating": 703000.0,
        "Operating Income": -98301000.0,
        "Operating Expense": 112331000.0,
        "Research And Development": 90199000.0,
        "Selling General And Administration": 22132000.0,
        "General And Administrative Expense": 22132000.0,
        "Other Gand A": 22132000.0,
        "Total Revenue": 14030000.0,
        "Operating Revenue": 14030000.0
    },
    "2023-06-30": {
        "Tax Effect Of Unusual Items": 0.0,
        "Tax Rate For Calcs": 0.0,
        "Normalized EBITDA": -130164000.0,
        "Total Unusual Items": 0.0,
        "Total Unusual Items Excluding Goodwill": 0.0,
        "Net Income From Continuing Operation Net Minority Interest": -123681000.0,
        "Reconciled Depreciation": 2170000.0,
        "EBITDA": -130164000.0,
        "EBIT": -132334000.0,
        "Net Interest Income": 12653000.0,
        "Interest Income": 12653000.0,
        "Normalized Income": -123681000.0,
        "Net Income From Continuing And Discontinued Operation": -123681000.0,
        "Total Expenses": 145928000.0,
        "Total Operating Income As Reported": -132334000.0,
        "Diluted NI Availto Com Stockholders": -123681000.0,
        "Net Income Common Stockholders": -123681000.0,
        "Net Income": -123681000.0,
        "Net Income Including Noncontrolling Interests": -123681000.0,
        "Net Income Continuous Operations": -123681000.0,
        "Pretax Income": -123681000.0,
        "Other Income Expense": -4000000.0,
        "Special Income Charges": 0.0,
        "Restructuring And Mergern Acquisition": 0.0,
        "Earnings From Equity Interest": -4000000.0,
        "Net Non Operating Interest Income Expense": 12653000.0,
        "Interest Income Non Operating": 12653000.0,
        "Operating Income": -132334000.0,
        "Operating Expense": 145928000.0,
        "Research And Development": 115276000.0,
        "Selling General And Administration": 30652000.0,
        "General And Administrative Expense": 30652000.0,
        "Other Gand A": 30652000.0,
        "Total Revenue": 13594000.0,
        "Operating Revenue": 13594000.0
    },
    "2022-03-31": {
        "Diluted EPS": -1.96,
        "Total Revenue": 11,
        "Gross Profit": 11,
        "Operating Income": -144,
        "EBIT": -142,
        "Net Income": -147
    },
    "2021-12-31": {
        "Diluted EPS": -1.11,
        "Total Revenue": 13,
        "Gross Profit": 13,
        "Operating Income": -80,
        "EBIT": -79,
        "Net Income": -81
    },
    "2021-09-30": {
        "Diluted EPS": -0.97,
        "Total Revenue": 7,
        "Gross Profit": 7,
        "Operating Income": -72,
        "EBIT": -70,
        "Net Income": -72
    },
    "2021-06-30": {
        "Diluted EPS": -1.01,
        "Total Revenue": 7,
        "Gross Profit": 7,
        "Operating Income": -69,
        "EBIT": -67,
        "Net Income": -69
    },
    "2021-03-31": {
        "Diluted EPS": -0.69,
        "Total Revenue": 6,
        "Gross Profit": 6,
        "Operating Income": -46,
        "EBIT": -45,
        "Net Income": -46
    },
    "2020-12-31": {
        "Diluted EPS": -0.69,
        "Total Revenue": 7,
        "Gross Profit": 7,
        "Operating Income": -42,
        "EBIT": -41,
        "Net Income": -42
    },
    "2020-09-30": {
        "Diluted EPS": -0.47,
        "Total Revenue": 22,
        "Gross Profit": 22,
        "Operating Income": -28,
        "EBIT": -27,
        "Net Income": -28
    },
    "2020-06-30": {
        "Diluted EPS": -0.61,
        "Total Revenue": 16,
        "Gross Profit": 16,
        "Operating Income": -33,
        "EBIT": -31,
        "Net Income": -32
    },
    "2020-03-31": {
        "Diluted EPS": -0.63,
        "Total Revenue": 13,
        "Gross Profit": 13,
        "Operating Income": -33,
        "EBIT": -32,
        "Net Income": -32
    },
    "2019-12-31": {
        "Diluted EPS": -0.57,
        "Total Revenue": 11,
        "Gross Profit": 11,
        "Operating Income": -30,
        "EBIT": -28,
        "Net Income": -28
    },
    "2019-09-30": {
        "Diluted EPS": -0.49,
        "Total Revenue": 11,
        "Gross Profit": 11,
        "Operating Income": -25,
        "EBIT": -24,
        "Net Income": -24
    },
    "2019-06-30": {
        "Diluted EPS": -0.56,
        "Total Revenue": 11,
        "Gross Profit": 11,
        "Operating Income": -27,
        "EBIT": -26,
        "Net Income": -26
    },
    "2019-03-31": {
        "Diluted EPS": -0.49,
        "Total Revenue": 10,
        "Gross Profit": 10,
        "Operating Income": -24,
        "EBIT": -23,
        "Net Income": -22
    },
    "2018-12-31": {
        "Diluted EPS": -0.42,
        "Total Revenue": 8,
        "Gross Profit": 8,
        "Operating Income": -21,
        "EBIT": -20,
        "Net Income": -19
    },
    "2018-09-30": {
        "Diluted EPS": -0.53,
        "Total Revenue": 7,
        "Gross Profit": 7,
        "Operating Income": -24,
        "EBIT": -23,
        "Net Income": -23
    },
    "2018-06-30": {
        "Diluted EPS": -0.52,
        "Total Revenue": 8,
        "Gross Profit": 8,
        "Operating Income": -24,
        "EBIT": -23,
        "Net Income": -22
    },
    "2018-03-31": {
        "Diluted EPS": -0.51,
        "Total Revenue": 7,
        "Gross Profit": 7,
        "Operating Income": -22,
        "EBIT": -21,
        "Net Income": -21
    },
    "2017-12-31": {
        "Diluted EPS": -0.63,
        "Total Revenue": 7,
        "Gross Profit": 7,
        "Operating Income": -25,
        "EBIT": -24,
        "Net Income": -24
    },
    "2017-09-30": {
        "Diluted EPS": -0.44,
        "Total Revenue": 7,
        "Gross Profit": 7,
        "Operating Income": -16,
        "EBIT": -15,
        "Net Income": -15
    },
    "2017-06-30": {
        "Diluted EPS": -0.45,
        "Total Revenue": 6,
        "Gross Profit": 6,
        "Operating Income": -16,
        "EBIT": -15,
        "Net Income": -16
    },
    "2017-03-31": {
        "Diluted EPS": -0.36,
        "Total Revenue": 6,
        "Gross Profit": 6,
        "Operating Income": -13,
        "EBIT": -12,
        "Net Income": -13
    },
    "2016-12-31": {
        "Diluted EPS": 9.05,
        "Total Revenue": 6,
        "Gross Profit": 6,
        "Operating Income": -11,
        "EBIT": -10,
        "Net Income": -11
    },
    "2016-09-30": {
        "Diluted EPS": -0.22,
        "Total Revenue": 5,
        "Gross Profit": 5,
        "Operating Income": -8,
        "EBIT": -7,
        "Net Income": -7
    },
    "2016-06-30": {
        "Diluted EPS": -0.36,
        "Total Revenue": 4,
        "Gross Profit": 4,
        "Operating Income": -7,
        "EBIT": -7,
        "Net Income": -7
    },
    "2016-03-31": {
        "Diluted EPS": -9.89,
        "Total Revenue": 2,
        "Gross Profit": 2,
        "Operating Income": -7,
        "EBIT": -7,
        "Net Income": -7
    },
    "2015-12-31": {
        "Diluted EPS": -37.53,
        "Total Revenue": 2,
        "Gross Profit": 2,
        "Operating Income": -5,
        "EBIT": -5,
        "Net Income": -5
    },
    "2015-09-30": {
        "Diluted EPS": -10.27,
        "Total Revenue": 2,
        "Gross Profit": 2,
        "Operating Income": -3,
        "EBIT": -3,
        "Net Income": -3
    },
    "2015-06-30": {
        "Diluted EPS": -2.37,
        "Total Revenue": 1,
        "Gross Profit": 1,
        "Operating Income": -3,
        "EBIT": -3,
        "Net Income": -3
    },
    "2015-03-31": {
        "Diluted EPS": -0.85,
        "Total Revenue": 1,
        "Gross Profit": 1,
        "Operating Income": -1,
        "EBIT": -1,
        "Net Income": -1
    },
    "2014-12-31": {
        "Diluted EPS": 0.0,
        "Total Revenue": NaN,
        "Gross Profit": NaN,
        "Operating Income": NaN,
        "EBIT": NaN,
        "Net Income": NaN
    },
    "2023-09-30": {
        "Tax Effect Of Unusual Items": 0.0,
        "Tax Rate For Calcs": 0.0,
        "Normalized EBITDA": -128817000.0,
        "Total Unusual Items": 0.0,
        "Total Unusual Items Excluding Goodwill": 0.0,
        "Net Income From Continuing Operation Net Minority Interest": -122224000.0,
        "Reconciled Depreciation": 2290000.0,
        "EBITDA": -128817000.0,
        "EBIT": -131107000.0,
        "Net Interest Income": 12740000.0,
        "Interest Income": 12740000.0,
        "Normalized Income": -122224000.0,
        "Net Income From Continuing And Discontinued Operation": -122224000.0,
        "Total Expenses": 143099000.0,
        "Total Operating Income As Reported": -131107000.0,
        "Diluted NI Availto Com Stockholders": -122224000.0,
        "Net Income Common Stockholders": -122224000.0,
        "Net Income": -122224000.0,
        "Net Income Including Noncontrolling Interests": -122224000.0,
        "Net Income Continuous Operations": -122224000.0,
        "Pretax Income": -122224000.0,
        "Other Income Expense": -3857000.0,
        "Special Income Charges": 0.0,
        "Restructuring And Mergern Acquisition": 0.0,
        "Earnings From Equity Interest": -3857000.0,
        "Net Non Operating Interest Income Expense": 12740000.0,
        "Interest Income Non Operating": 12740000.0,
        "Operating Income": -131107000.0,
        "Operating Expense": 143099000.0,
        "Research And Development": 113696000.0,
        "Selling General And Administration": 29403000.0,
        "General And Administrative Expense": 29403000.0,
        "Other Gand A": 29403000.0,
        "Total Revenue": 11992000.0,
        "Operating Revenue": 11992000.0
    }
}