{
    "2023-03-31": {
        "Tax Effect Of Unusual Items": NaN,
        "Tax Rate For Calcs": NaN,
        "Normalized EBITDA": NaN,
        "Net Income From Continuing Operation Net Minority Interest": NaN,
        "Reconciled Depreciation": NaN,
        "Reconciled Cost Of Revenue": NaN,
        "EBITDA": NaN,
        "EBIT": NaN,
        "Net Interest Income": NaN,
        "Interest Expense": NaN,
        "Interest Income": NaN,
        "Normalized Income": NaN,
        "Net Income From Continuing And Discontinued Operation": NaN,
        "Total Expenses": NaN,
        "Total Operating Income As Reported": NaN,
        "Diluted Average Shares": 111767000.0,
        "Basic Average Shares": 111767000.0,
        "Diluted EPS": -1.23,
        "Basic EPS": -1.23,
        "Diluted NI Availto Com Stockholders": NaN,
        "Net Income Common Stockholders": NaN,
        "Net Income": NaN,
        "Net Income Including Noncontrolling Interests": NaN,
        "Net Income Continuous Operations": NaN,
        "Tax Provision": NaN,
        "Pretax Income": NaN,
        "Net Non Operating Interest Income Expense": NaN,
        "Interest Expense Non Operating": NaN,
        "Interest Income Non Operating": NaN,
        "Operating Income": NaN,
        "Operating Expense": NaN,
        "Research And Development": NaN,
        "Selling General And Administration": NaN,
        "Gross Profit": NaN,
        "Cost Of Revenue": NaN,
        "Total Revenue": NaN,
        "Operating Revenue": NaN
    },
    "2022-12-31": {
        "Tax Effect Of Unusual Items": 0.0,
        "Tax Rate For Calcs": 0.21,
        "Normalized EBITDA": -135470000.0,
        "Net Income From Continuing Operation Net Minority Interest": -142573000.0,
        "Reconciled Depreciation": 3930000.0,
        "Reconciled Cost Of Revenue": 127292000.0,
        "EBITDA": -135470000.0,
        "EBIT": -139400000.0,
        "Net Interest Income": -379000.0,
        "Interest Expense": 2752000.0,
        "Interest Income": 2373000.0,
        "Normalized Income": -142573000.0,
        "Net Income From Continuing And Discontinued Operation": -142573000.0,
        "Total Expenses": 359025000.0,
        "Total Operating Income As Reported": -141773000.0,
        "Diluted Average Shares": NaN,
        "Basic Average Shares": NaN,
        "Diluted EPS": NaN,
        "Basic EPS": NaN,
        "Diluted NI Availto Com Stockholders": -142573000.0,
        "Net Income Common Stockholders": -142573000.0,
        "Net Income": -142573000.0,
        "Net Income Including Noncontrolling Interests": -142573000.0,
        "Net Income Continuous Operations": -142573000.0,
        "Tax Provision": 421000.0,
        "Pretax Income": -142152000.0,
        "Net Non Operating Interest Income Expense": -379000.0,
        "Interest Expense Non Operating": 2752000.0,
        "Interest Income Non Operating": 2373000.0,
        "Operating Income": -141773000.0,
        "Operating Expense": 231733000.0,
        "Research And Development": 87911000.0,
        "Selling General And Administration": 143822000.0,
        "Gross Profit": 89960000.0,
        "Cost Of Revenue": 127292000.0,
        "Total Revenue": 217252000.0,
        "Operating Revenue": 217252000.0
    },
    "2022-09-30": {
        "Tax Effect Of Unusual Items": NaN,
        "Tax Rate For Calcs": NaN,
        "Normalized EBITDA": NaN,
        "Net Income From Continuing Operation Net Minority Interest": NaN,
        "Reconciled Depreciation": NaN,
        "Reconciled Cost Of Revenue": NaN,
        "EBITDA": NaN,
        "EBIT": NaN,
        "Net Interest Income": NaN,
        "Interest Expense": NaN,
        "Interest Income": NaN,
        "Normalized Income": NaN,
        "Net Income From Continuing And Discontinued Operation": NaN,
        "Total Expenses": NaN,
        "Total Operating Income As Reported": NaN,
        "Diluted Average Shares": 97052000.0,
        "Basic Average Shares": 97052000.0,
        "Diluted EPS": -1.25,
        "Basic EPS": -1.25,
        "Diluted NI Availto Com Stockholders": NaN,
        "Net Income Common Stockholders": NaN,
        "Net Income": NaN,
        "Net Income Including Noncontrolling Interests": NaN,
        "Net Income Continuous Operations": NaN,
        "Tax Provision": NaN,
        "Pretax Income": NaN,
        "Net Non Operating Interest Income Expense": NaN,
        "Interest Expense Non Operating": NaN,
        "Interest Income Non Operating": NaN,
        "Operating Income": NaN,
        "Operating Expense": NaN,
        "Research And Development": NaN,
        "Selling General And Administration": NaN,
        "Gross Profit": NaN,
        "Cost Of Revenue": NaN,
        "Total Revenue": NaN,
        "Operating Revenue": NaN
    },
    "2022-06-30": {
        "Tax Effect Of Unusual Items": 0.0,
        "Tax Rate For Calcs": 0.4,
        "Normalized EBITDA": -138322000.0,
        "Net Income From Continuing Operation Net Minority Interest": -145151000.0,
        "Reconciled Depreciation": 4486000.0,
        "Reconciled Cost Of Revenue": 109237000.0,
        "EBITDA": -138322000.0,
        "EBIT": -142808000.0,
        "Net Interest Income": -1873000.0,
        "Interest Expense": 2150000.0,
        "Interest Income": 277000.0,
        "Normalized Income": -145151000.0,
        "Net Income From Continuing And Discontinued Operation": -145151000.0,
        "Total Expenses": 341285000.0,
        "Total Operating Income As Reported": -143085000.0,
        "Diluted Average Shares": 96579000.0,
        "Basic Average Shares": 96579000.0,
        "Diluted EPS": -1.5,
        "Basic EPS": -1.5,
        "Diluted NI Availto Com Stockholders": -145151000.0,
        "Net Income Common Stockholders": -145151000.0,
        "Net Income": -145151000.0,
        "Net Income Including Noncontrolling Interests": -145151000.0,
        "Net Income Continuous Operations": -145151000.0,
        "Tax Provision": 193000.0,
        "Pretax Income": -144958000.0,
        "Other Income Expense": 277000.0,
        "Other Non Operating Income Expenses": 277000.0,
        "Net Non Operating Interest Income Expense": -1873000.0,
        "Interest Expense Non Operating": 2150000.0,
        "Interest Income Non Operating": 277000.0,
        "Operating Income": -143085000.0,
        "Operating Expense": 232048000.0,
        "Research And Development": 82580000.0,
        "Selling General And Administration": 149468000.0,
        "Gross Profit": 88963000.0,
        "Cost Of Revenue": 109237000.0,
        "Total Revenue": 198200000.0,
        "Operating Revenue": 198200000.0
    },
    "2023-06-30": {
        "Tax Effect Of Unusual Items": NaN,
        "Tax Rate For Calcs": NaN,
        "Normalized EBITDA": NaN,
        "Net Income From Continuing Operation Net Minority Interest": NaN,
        "Reconciled Depreciation": NaN,
        "Reconciled Cost Of Revenue": NaN,
        "EBITDA": NaN,
        "EBIT": NaN,
        "Net Interest Income": NaN,
        "Interest Expense": NaN,
        "Interest Income": NaN,
        "Normalized Income": NaN,
        "Net Income From Continuing And Discontinued Operation": NaN,
        "Total Expenses": NaN,
        "Total Operating Income As Reported": NaN,
        "Diluted Average Shares": 113690000.0,
        "Basic Average Shares": 113690000.0,
        "Diluted EPS": -0.97,
        "Basic EPS": -0.97,
        "Diluted NI Availto Com Stockholders": NaN,
        "Net Income Common Stockholders": NaN,
        "Net Income": NaN,
        "Net Income Including Noncontrolling Interests": NaN,
        "Net Income Continuous Operations": NaN,
        "Tax Provision": NaN,
        "Pretax Income": NaN,
        "Net Non Operating Interest Income Expense": NaN,
        "Interest Expense Non Operating": NaN,
        "Interest Income Non Operating": NaN,
        "Operating Income": NaN,
        "Operating Expense": NaN,
        "Research And Development": NaN,
        "Selling General And Administration": NaN,
        "Gross Profit": NaN,
        "Cost Of Revenue": NaN,
        "Total Revenue": NaN,
        "Operating Revenue": NaN
    },
    "2022-03-31": {
        "Diluted EPS": -1.45,
        "Total Revenue": 194,
        "Gross Profit": 91,
        "Operating Income": -137,
        "EBIT": -132,
        "Net Income": -139
    },
    "2021-12-31": {
        "Diluted EPS": -1.52,
        "Total Revenue": 173,
        "Gross Profit": 79,
        "Operating Income": -140,
        "EBIT": -134,
        "Net Income": -141
    },
    "2021-09-30": {
        "Diluted EPS": -1.63,
        "Total Revenue": 158,
        "Gross Profit": 77,
        "Operating Income": -150,
        "EBIT": -145,
        "Net Income": -151
    },
    "2021-06-30": {
        "Diluted EPS": -1.32,
        "Total Revenue": 142,
        "Gross Profit": 66,
        "Operating Income": -115,
        "EBIT": -111,
        "Net Income": -116
    },
    "2021-03-31": {
        "Diluted EPS": -0.74,
        "Total Revenue": 152,
        "Gross Profit": 86,
        "Operating Income": -63,
        "EBIT": -58,
        "Net Income": -64
    },
    "2020-12-31": {
        "Diluted EPS": -0.92,
        "Total Revenue": 112,
        "Gross Profit": 52,
        "Operating Income": -74,
        "EBIT": -69,
        "Net Income": -76
    },
    "2020-09-30": {
        "Diluted EPS": -0.72,
        "Total Revenue": 98,
        "Gross Profit": 46,
        "Operating Income": -56,
        "EBIT": -54,
        "Net Income": -58
    },
    "2020-06-30": {
        "Diluted EPS": -0.75,
        "Total Revenue": 86,
        "Gross Profit": 40,
        "Operating Income": -52,
        "EBIT": -46,
        "Net Income": -60
    },
    "2020-03-31": {
        "Diluted EPS": -0.45,
        "Total Revenue": 94,
        "Gross Profit": 49,
        "Operating Income": -35,
        "EBIT": -32,
        "Net Income": -35
    },
    "2019-12-31": {
        "Diluted EPS": -0.44,
        "Total Revenue": 83,
        "Gross Profit": 39,
        "Operating Income": -35,
        "EBIT": -32,
        "Net Income": -35
    },
    "2019-09-30": {
        "Diluted EPS": -0.33,
        "Total Revenue": 78,
        "Gross Profit": 34,
        "Operating Income": -21,
        "EBIT": -19,
        "Net Income": -23
    },
    "2019-06-30": {
        "Diluted EPS": -0.48,
        "Total Revenue": 74,
        "Gross Profit": 31,
        "Operating Income": -29,
        "EBIT": -26,
        "Net Income": -32
    },
    "2019-03-31": {
        "Diluted EPS": -0.54,
        "Total Revenue": 67,
        "Gross Profit": 24,
        "Operating Income": -32,
        "EBIT": -30,
        "Net Income": -34
    },
    "2018-12-31": {
        "Diluted EPS": -0.5,
        "Total Revenue": 67,
        "Gross Profit": 24,
        "Operating Income": -30,
        "EBIT": -28,
        "Net Income": -32
    },
    "2018-09-30": {
        "Diluted EPS": -0.49,
        "Total Revenue": 65,
        "Gross Profit": 24,
        "Operating Income": -27,
        "EBIT": -25,
        "Net Income": -30
    },
    "2018-06-30": {
        "Diluted EPS": -0.62,
        "Total Revenue": 63,
        "Gross Profit": 22,
        "Operating Income": -27,
        "EBIT": -25,
        "Net Income": -34
    },
    "2018-03-31": {
        "Diluted EPS": -0.61,
        "Total Revenue": 62,
        "Gross Profit": 22,
        "Operating Income": -31,
        "EBIT": -28,
        "Net Income": -33
    },
    "2017-12-31": {
        "Diluted EPS": -0.87,
        "Total Revenue": 52,
        "Gross Profit": 15,
        "Operating Income": -47,
        "EBIT": -45,
        "Net Income": -47
    },
    "2017-09-30": {
        "Diluted EPS": -0.52,
        "Total Revenue": 56,
        "Gross Profit": 21,
        "Operating Income": -26,
        "EBIT": -24,
        "Net Income": -28
    },
    "2017-06-30": {
        "Diluted EPS": -0.55,
        "Total Revenue": 52,
        "Gross Profit": 18,
        "Operating Income": -28,
        "EBIT": -26,
        "Net Income": -29
    },
    "2017-03-31": {
        "Diluted EPS": -0.65,
        "Total Revenue": 49,
        "Gross Profit": 16,
        "Operating Income": -35,
        "EBIT": -33,
        "Net Income": -33
    },
    "2016-12-31": {
        "Diluted EPS": -0.82,
        "Total Revenue": 45,
        "Gross Profit": 7,
        "Operating Income": -42,
        "EBIT": -40,
        "Net Income": -42
    },
    "2016-09-30": {
        "Diluted EPS": -0.5,
        "Total Revenue": 54,
        "Gross Profit": 20,
        "Operating Income": -27,
        "EBIT": -25,
        "Net Income": -26
    },
    "2016-06-30": {
        "Diluted EPS": -0.46,
        "Total Revenue": 52,
        "Gross Profit": 21,
        "Operating Income": -23,
        "EBIT": -21,
        "Net Income": -23
    },
    "2016-03-31": {
        "Diluted EPS": -0.17,
        "Total Revenue": 62,
        "Gross Profit": 30,
        "Operating Income": -10,
        "EBIT": -8,
        "Net Income": -9
    },
    "2015-12-31": {
        "Diluted EPS": 3.18,
        "Total Revenue": 53,
        "Gross Profit": 21,
        "Operating Income": -17,
        "EBIT": -16,
        "Net Income": -23
    },
    "2015-09-30": {
        "Diluted EPS": -0.39,
        "Total Revenue": 45,
        "Gross Profit": 14,
        "Operating Income": -21,
        "EBIT": -19,
        "Net Income": -18
    },
    "2015-06-30": {
        "Diluted EPS": -3.58,
        "Total Revenue": 45,
        "Gross Profit": 19,
        "Operating Income": -15,
        "EBIT": -14,
        "Net Income": -20
    },
    "2015-03-31": {
        "Diluted EPS": -1.89,
        "Total Revenue": 47,
        "Gross Profit": 23,
        "Operating Income": -6,
        "EBIT": -5,
        "Net Income": -10
    },
    "2014-12-31": {
        "Diluted EPS": 0.0,
        "Total Revenue": NaN,
        "Gross Profit": NaN,
        "Operating Income": NaN,
        "EBIT": NaN,
        "Net Income": NaN
    },
    "2014-09-30": {
        "Diluted EPS": 0.03,
        "Total Revenue": 46,
        "Gross Profit": 25,
        "Operating Income": 5,
        "EBIT": 6,
        "Net Income": 0
    },
    "2014-06-30": {
        "Diluted EPS": -0.11,
        "Total Revenue": 36,
        "Gross Profit": 17,
        "Operating Income": -1,
        "EBIT": -1,
        "Net Income": -1
    },
    "2013-12-31": {
        "Diluted EPS": 0.0,
        "Total Revenue": NaN,
        "Gross Profit": NaN,
        "Operating Income": NaN,
        "EBIT": NaN,
        "Net Income": NaN
    },
    "2023-09-30": {
        "Tax Effect Of Unusual Items": 0.0,
        "Tax Rate For Calcs": 0.21,
        "Normalized EBITDA": -98591000.0,
        "Net Income From Continuing Operation Net Minority Interest": -109030000.0,
        "Reconciled Depreciation": 6985000.0,
        "Reconciled Cost Of Revenue": 147311000.0,
        "EBITDA": -98591000.0,
        "EBIT": -105576000.0,
        "Net Interest Income": 2154000.0,
        "Interest Expense": 3252000.0,
        "Interest Income": 5406000.0,
        "Normalized Income": -109030000.0,
        "Net Income From Continuing And Discontinued Operation": -109030000.0,
        "Total Expenses": 379288000.0,
        "Total Operating Income As Reported": -110982000.0,
        "Diluted Average Shares": 115171000.0,
        "Basic Average Shares": 115171000.0,
        "Diluted EPS": -0.95,
        "Basic EPS": -0.95,
        "Diluted NI Availto Com Stockholders": -109030000.0,
        "Net Income Common Stockholders": -109030000.0,
        "Net Income": -109030000.0,
        "Net Income Including Noncontrolling Interests": -109030000.0,
        "Net Income Continuous Operations": -109030000.0,
        "Tax Provision": 202000.0,
        "Pretax Income": -108828000.0,
        "Net Non Operating Interest Income Expense": 2154000.0,
        "Interest Expense Non Operating": 3252000.0,
        "Interest Income Non Operating": 5406000.0,
        "Operating Income": -110982000.0,
        "Operating Expense": 231977000.0,
        "Research And Development": 77235000.0,
        "Selling General And Administration": 154742000.0,
        "Gross Profit": 120995000.0,
        "Cost Of Revenue": 147311000.0,
        "Total Revenue": 268306000.0,
        "Operating Revenue": 268306000.0
    },
    "2023-12-31": {
        "Tax Effect Of Unusual Items": 0.0,
        "Tax Rate For Calcs": 0.21,
        "Normalized EBITDA": -67781000.0,
        "Net Income From Continuing Operation Net Minority Interest": -78031000.0,
        "Reconciled Depreciation": 6911000.0,
        "Reconciled Cost Of Revenue": 151247000.0,
        "EBITDA": -67781000.0,
        "EBIT": -74692000.0,
        "Net Interest Income": 6696000.0,
        "Interest Expense": 3148000.0,
        "Interest Income": 9844000.0,
        "Normalized Income": -78031000.0,
        "Net Income From Continuing And Discontinued Operation": -78031000.0,
        "Total Expenses": 395641000.0,
        "Total Operating Income As Reported": -84536000.0,
        "Diluted Average Shares": NaN,
        "Basic Average Shares": NaN,
        "Diluted EPS": NaN,
        "Basic EPS": NaN,
        "Diluted NI Availto Com Stockholders": -78031000.0,
        "Net Income Common Stockholders": -78031000.0,
        "Net Income": -78031000.0,
        "Net Income Including Noncontrolling Interests": -78031000.0,
        "Net Income Continuous Operations": -78031000.0,
        "Tax Provision": 191000.0,
        "Pretax Income": -77840000.0,
        "Net Non Operating Interest Income Expense": 6696000.0,
        "Interest Expense Non Operating": 3148000.0,
        "Interest Income Non Operating": 9844000.0,
        "Operating Income": -84536000.0,
        "Operating Expense": 244394000.0,
        "Research And Development": 82964000.0,
        "Selling General And Administration": 161430000.0,
        "Gross Profit": 159858000.0,
        "Cost Of Revenue": 151247000.0,
        "Total Revenue": 311105000.0,
        "Operating Revenue": 311105000.0
    },
    "2024-03-31": {
        "Tax Effect Of Unusual Items": 0.0,
        "Tax Rate For Calcs": 0.21,
        "Normalized EBITDA": -56984000.0,
        "Net Income From Continuing Operation Net Minority Interest": -67599000.0,
        "Reconciled Depreciation": 7063000.0,
        "Reconciled Cost Of Revenue": 159140000.0,
        "EBITDA": -56984000.0,
        "EBIT": -64047000.0,
        "Net Interest Income": 7143000.0,
        "Interest Expense": 3124000.0,
        "Interest Income": 10267000.0,
        "Normalized Income": -67599000.0,
        "Net Income From Continuing And Discontinued Operation": -67599000.0,
        "Total Expenses": 442055000.0,
        "Total Operating Income As Reported": -74314000.0,
        "Diluted Average Shares": 120814000.0,
        "Basic Average Shares": 120814000.0,
        "Diluted EPS": -0.56,
        "Basic EPS": -0.56,
        "Diluted NI Availto Com Stockholders": -67599000.0,
        "Net Income Common Stockholders": -67599000.0,
        "Net Income": -67599000.0,
        "Net Income Including Noncontrolling Interests": -67599000.0,
        "Net Income Continuous Operations": -67599000.0,
        "Tax Provision": 428000.0,
        "Pretax Income": -67171000.0,
        "Net Non Operating Interest Income Expense": 7143000.0,
        "Interest Expense Non Operating": 3124000.0,
        "Interest Income Non Operating": 10267000.0,
        "Operating Income": -74314000.0,
        "Operating Expense": 282915000.0,
        "Research And Development": 88637000.0,
        "Selling General And Administration": 194278000.0,
        "Gross Profit": 208601000.0,
        "Cost Of Revenue": 159140000.0,
        "Total Revenue": 367741000.0,
        "Operating Revenue": 367741000.0
    },
    "2024-06-30": {
        "Tax Effect Of Unusual Items": 0.0,
        "Tax Rate For Calcs": 0.21,
        "Normalized EBITDA": -25530000.0,
        "Net Income From Continuing Operation Net Minority Interest": -37464000.0,
        "Reconciled Depreciation": 7915000.0,
        "Reconciled Cost Of Revenue": 170179000.0,
        "EBITDA": -25530000.0,
        "EBIT": -33445000.0,
        "Net Interest Income": 7330000.0,
        "Interest Expense": 3127000.0,
        "Interest Income": 10457000.0,
        "Normalized Income": -37464000.0,
        "Net Income From Continuing And Discontinued Operation": -37464000.0,
        "Total Expenses": 457253000.0,
        "Total Operating Income As Reported": -43902000.0,
        "Diluted Average Shares": 122853000.0,
        "Basic Average Shares": 122853000.0,
        "Diluted EPS": -0.3,
        "Basic EPS": -0.3,
        "Diluted NI Availto Com Stockholders": -37464000.0,
        "Net Income Common Stockholders": -37464000.0,
        "Net Income": -37464000.0,
        "Net Income Including Noncontrolling Interests": -37464000.0,
        "Net Income Continuous Operations": -37464000.0,
        "Tax Provision": 892000.0,
        "Pretax Income": -36572000.0,
        "Net Non Operating Interest Income Expense": 7330000.0,
        "Interest Expense Non Operating": 3127000.0,
        "Interest Income Non Operating": 10457000.0,
        "Operating Income": -43902000.0,
        "Operating Expense": 287074000.0,
        "Research And Development": 89109000.0,
        "Selling General And Administration": 197965000.0,
        "Gross Profit": 243172000.0,
        "Cost Of Revenue": 170179000.0,
        "Total Revenue": 413351000.0,
        "Operating Revenue": 413351000.0
    },
    "2024-09-30": {
        "Tax Effect Of Unusual Items": 0.0,
        "Tax Rate For Calcs": 0.21,
        "Normalized EBITDA": -19520000.0,
        "Net Income From Continuing Operation Net Minority Interest": -31592000.0,
        "Reconciled Depreciation": 8200000.0,
        "Reconciled Cost Of Revenue": 168011000.0,
        "EBITDA": -19520000.0,
        "EBIT": -27720000.0,
        "Net Interest Income": 8476000.0,
        "Interest Expense": 3142000.0,
        "Interest Income": 11618000.0,
        "Normalized Income": -31592000.0,
        "Net Income From Continuing And Discontinued Operation": -31592000.0,
        "Total Expenses": 479096000.0,
        "Total Operating Income As Reported": -39338000.0,
        "Diluted Average Shares": 123775000.0,
        "Basic Average Shares": 123775000.0,
        "Diluted EPS": -0.26,
        "Basic EPS": -0.26,
        "Diluted NI Availto Com Stockholders": -31592000.0,
        "Net Income Common Stockholders": -31592000.0,
        "Net Income": -31592000.0,
        "Net Income Including Noncontrolling Interests": -31592000.0,
        "Net Income Continuous Operations": -31592000.0,
        "Tax Provision": 730000.0,
        "Pretax Income": -30862000.0,
        "Net Non Operating Interest Income Expense": 8476000.0,
        "Interest Expense Non Operating": 3142000.0,
        "Interest Income Non Operating": 11618000.0,
        "Operating Income": -39338000.0,
        "Operating Expense": 311085000.0,
        "Research And Development": 96931000.0,
        "Selling General And Administration": 214154000.0,
        "Gross Profit": 271747000.0,
        "Cost Of Revenue": 168011000.0,
        "Total Revenue": 439758000.0,
        "Operating Revenue": 439758000.0
    }
}