{
    "2023-03-31": {
        "Tax Effect Of Unusual Items": NaN,
        "Tax Rate For Calcs": NaN,
        "Normalized EBITDA": NaN,
        "Total Unusual Items": NaN,
        "Total Unusual Items Excluding Goodwill": NaN,
        "Net Income From Continuing Operation Net Minority Interest": NaN,
        "Reconciled Depreciation": NaN,
        "Reconciled Cost Of Revenue": NaN,
        "EBITDA": NaN,
        "EBIT": NaN,
        "Net Interest Income": NaN,
        "Interest Expense": NaN,
        "Interest Income": NaN,
        "Normalized Income": NaN,
        "Net Income From Continuing And Discontinued Operation": NaN,
        "Total Expenses": NaN,
        "Total Operating Income As Reported": NaN,
        "Diluted Average Shares": 11283954.0,
        "Basic Average Shares": 11283954.0,
        "Diluted EPS": 0.23,
        "Basic EPS": 0.23,
        "Diluted NI Availto Com Stockholders": NaN,
        "Net Income Common Stockholders": NaN,
        "Net Income": NaN,
        "Minority Interests": NaN,
        "Net Income Including Noncontrolling Interests": NaN,
        "Net Income Continuous Operations": NaN,
        "Tax Provision": NaN,
        "Pretax Income": NaN,
        "Other Income Expense": NaN,
        "Other Non Operating Income Expenses": NaN,
        "Special Income Charges": -84838.0,
        "Gain On Sale Of Ppe": -84838.0,
        "Earnings From Equity Interest": 2377.0,
        "Gain On Sale Of Security": NaN,
        "Net Non Operating Interest Income Expense": NaN,
        "Interest Expense Non Operating": NaN,
        "Interest Income Non Operating": NaN,
        "Operating Income": NaN,
        "Operating Expense": NaN,
        "Other Operating Expenses": 180137.0,
        "Depreciation Amortization Depletion Income Statement": 180137.0,
        "Depreciation And Amortization In Income Statement": 180137.0,
        "Research And Development": NaN,
        "Selling General And Administration": NaN,
        "Selling And Marketing Expense": 1643853.0,
        "General And Administrative Expense": 3509212.0,
        "Other Gand A": 3509212.0,
        "Gross Profit": NaN,
        "Cost Of Revenue": NaN,
        "Total Revenue": NaN,
        "Operating Revenue": NaN
    },
    "2022-12-31": {
        "Tax Effect Of Unusual Items": NaN,
        "Tax Rate For Calcs": NaN,
        "Normalized EBITDA": NaN,
        "Total Unusual Items": NaN,
        "Total Unusual Items Excluding Goodwill": NaN,
        "Net Income From Continuing Operation Net Minority Interest": NaN,
        "Reconciled Depreciation": NaN,
        "Reconciled Cost Of Revenue": NaN,
        "EBITDA": NaN,
        "EBIT": NaN,
        "Net Interest Income": NaN,
        "Interest Expense": NaN,
        "Interest Income": NaN,
        "Normalized Income": NaN,
        "Net Income From Continuing And Discontinued Operation": NaN,
        "Total Expenses": NaN,
        "Total Operating Income As Reported": NaN,
        "Diluted Average Shares": 11270199.0,
        "Basic Average Shares": 11270199.0,
        "Diluted EPS": -0.19,
        "Basic EPS": -0.19,
        "Diluted NI Availto Com Stockholders": NaN,
        "Net Income Common Stockholders": NaN,
        "Net Income": NaN,
        "Minority Interests": NaN,
        "Net Income Including Noncontrolling Interests": NaN,
        "Net Income Continuous Operations": NaN,
        "Tax Provision": NaN,
        "Pretax Income": NaN,
        "Other Income Expense": NaN,
        "Other Non Operating Income Expenses": NaN,
        "Special Income Charges": 5048.0,
        "Gain On Sale Of Ppe": 5048.0,
        "Earnings From Equity Interest": 5133.0,
        "Gain On Sale Of Security": NaN,
        "Net Non Operating Interest Income Expense": NaN,
        "Interest Expense Non Operating": NaN,
        "Interest Income Non Operating": NaN,
        "Operating Income": NaN,
        "Operating Expense": NaN,
        "Other Operating Expenses": NaN,
        "Depreciation Amortization Depletion Income Statement": 198222.0,
        "Depreciation And Amortization In Income Statement": 198222.0,
        "Research And Development": NaN,
        "Selling General And Administration": NaN,
        "Selling And Marketing Expense": 2007462.0,
        "General And Administrative Expense": 3510389.0,
        "Other Gand A": 3510389.0,
        "Gross Profit": NaN,
        "Cost Of Revenue": NaN,
        "Total Revenue": NaN,
        "Operating Revenue": NaN
    },
    "2022-09-30": {
        "Tax Effect Of Unusual Items": NaN,
        "Tax Rate For Calcs": NaN,
        "Normalized EBITDA": NaN,
        "Total Unusual Items": NaN,
        "Total Unusual Items Excluding Goodwill": NaN,
        "Net Income From Continuing Operation Net Minority Interest": NaN,
        "Reconciled Depreciation": NaN,
        "Reconciled Cost Of Revenue": NaN,
        "EBITDA": NaN,
        "EBIT": NaN,
        "Net Interest Income": NaN,
        "Interest Expense": NaN,
        "Interest Income": NaN,
        "Normalized Income": NaN,
        "Net Income From Continuing And Discontinued Operation": NaN,
        "Total Expenses": NaN,
        "Total Operating Income As Reported": NaN,
        "Diluted Average Shares": NaN,
        "Basic Average Shares": NaN,
        "Diluted EPS": NaN,
        "Basic EPS": NaN,
        "Diluted NI Availto Com Stockholders": NaN,
        "Net Income Common Stockholders": NaN,
        "Net Income": NaN,
        "Minority Interests": NaN,
        "Net Income Including Noncontrolling Interests": NaN,
        "Net Income Continuous Operations": NaN,
        "Tax Provision": NaN,
        "Pretax Income": NaN,
        "Other Income Expense": NaN,
        "Other Non Operating Income Expenses": NaN,
        "Special Income Charges": 23296.0,
        "Gain On Sale Of Ppe": 23296.0,
        "Earnings From Equity Interest": NaN,
        "Gain On Sale Of Security": NaN,
        "Net Non Operating Interest Income Expense": NaN,
        "Interest Expense Non Operating": NaN,
        "Interest Income Non Operating": NaN,
        "Operating Income": NaN,
        "Operating Expense": NaN,
        "Other Operating Expenses": NaN,
        "Depreciation Amortization Depletion Income Statement": 190954.0,
        "Depreciation And Amortization In Income Statement": 190954.0,
        "Research And Development": NaN,
        "Selling General And Administration": NaN,
        "Selling And Marketing Expense": 1762177.0,
        "General And Administrative Expense": 3725430.0,
        "Other Gand A": 3725430.0,
        "Gross Profit": NaN,
        "Cost Of Revenue": NaN,
        "Total Revenue": NaN,
        "Operating Revenue": NaN
    },
    "2022-06-30": {
        "Tax Effect Of Unusual Items": 647830.8,
        "Tax Rate For Calcs": 0.4,
        "Normalized EBITDA": -1993478.0,
        "Total Unusual Items": 1619577.0,
        "Total Unusual Items Excluding Goodwill": 1619577.0,
        "Net Income From Continuing Operation Net Minority Interest": -2167440.0,
        "Reconciled Depreciation": 942602.0,
        "Reconciled Cost Of Revenue": 8014533.0,
        "EBITDA": -373901.0,
        "EBIT": -1316503.0,
        "Net Interest Income": 440272.0,
        "Interest Expense": 92064.0,
        "Interest Income": 532336.0,
        "Normalized Income": -3139186.2,
        "Net Income From Continuing And Discontinued Operation": -2167440.0,
        "Total Expenses": 15097706.0,
        "Total Operating Income As Reported": -1553276.0,
        "Diluted Average Shares": 11252529.0,
        "Basic Average Shares": 11252529.0,
        "Diluted EPS": -0.2,
        "Basic EPS": -0.2,
        "Diluted NI Availto Com Stockholders": -2167440.0,
        "Net Income Common Stockholders": -2167440.0,
        "Net Income": -2167440.0,
        "Minority Interests": -296672.0,
        "Net Income Including Noncontrolling Interests": -1870768.0,
        "Net Income Continuous Operations": -1870768.0,
        "Tax Provision": 462201.0,
        "Pretax Income": -1408567.0,
        "Other Income Expense": -295563.0,
        "Other Non Operating Income Expenses": -211241.0,
        "Special Income Charges": -23333.0,
        "Gain On Sale Of Ppe": -23333.0,
        "Earnings From Equity Interest": -1703899.0,
        "Gain On Sale Of Security": 1642910.0,
        "Net Non Operating Interest Income Expense": 440272.0,
        "Interest Expense Non Operating": 92064.0,
        "Interest Income Non Operating": 532336.0,
        "Operating Income": -1553276.0,
        "Operating Expense": 6370270.0,
        "Depreciation Amortization Depletion Income Statement": 229699.0,
        "Depreciation And Amortization In Income Statement": 229699.0,
        "Research And Development": 580533.0,
        "Selling General And Administration": 5560038.0,
        "Selling And Marketing Expense": 1717994.0,
        "General And Administrative Expense": 3842044.0,
        "Other Gand A": 3842044.0,
        "Gross Profit": 4816994.0,
        "Cost Of Revenue": 8727436.0,
        "Total Revenue": 13544430.0,
        "Operating Revenue": 13544430.0
    },
    "2022-03-31": {
        "Diluted EPS": -0.02,
        "Total Revenue": 15,
        "Gross Profit": 6,
        "Operating Income": -1,
        "EBIT": 0,
        "Net Income": 0
    },
    "2021-12-31": {
        "Diluted EPS": 0.13,
        "Total Revenue": 15,
        "Gross Profit": 8,
        "Operating Income": 2,
        "EBIT": 3,
        "Net Income": 1
    },
    "2021-09-30": {
        "Diluted EPS": 0.02,
        "Total Revenue": 13,
        "Gross Profit": 5,
        "Operating Income": -1,
        "EBIT": 0,
        "Net Income": 0
    },
    "2021-06-30": {
        "Diluted EPS": 0.16,
        "Total Revenue": 15,
        "Gross Profit": 8,
        "Operating Income": 1,
        "EBIT": 2,
        "Net Income": 2
    },
    "2021-03-31": {
        "Diluted EPS": -0.05,
        "Total Revenue": 14,
        "Gross Profit": 6,
        "Operating Income": 0,
        "EBIT": 1,
        "Net Income": -1
    },
    "2020-12-31": {
        "Diluted EPS": -0.02,
        "Total Revenue": 13,
        "Gross Profit": 6,
        "Operating Income": 0,
        "EBIT": 1,
        "Net Income": 0
    },
    "2020-09-30": {
        "Diluted EPS": 0.06,
        "Total Revenue": 13,
        "Gross Profit": 6,
        "Operating Income": 1,
        "EBIT": 2,
        "Net Income": 1
    },
    "2020-06-30": {
        "Diluted EPS": 0.1,
        "Total Revenue": 14,
        "Gross Profit": 7,
        "Operating Income": 1,
        "EBIT": 2,
        "Net Income": 1
    },
    "2020-03-31": {
        "Diluted EPS": 0.09,
        "Total Revenue": 14,
        "Gross Profit": 6,
        "Operating Income": 0,
        "EBIT": 1,
        "Net Income": 1
    },
    "2019-12-31": {
        "Diluted EPS": 0.05,
        "Total Revenue": 16,
        "Gross Profit": 8,
        "Operating Income": 1,
        "EBIT": 2,
        "Net Income": 1
    },
    "2019-09-30": {
        "Diluted EPS": -0.16,
        "Total Revenue": 14,
        "Gross Profit": 6,
        "Operating Income": 0,
        "EBIT": 0,
        "Net Income": -2
    },
    "2019-06-30": {
        "Diluted EPS": 0.3,
        "Total Revenue": 17,
        "Gross Profit": 9,
        "Operating Income": 1,
        "EBIT": 2,
        "Net Income": 3
    },
    "2019-03-31": {
        "Diluted EPS": 0.11,
        "Total Revenue": 17,
        "Gross Profit": 9,
        "Operating Income": 2,
        "EBIT": 3,
        "Net Income": 1
    },
    "2018-12-31": {
        "Diluted EPS": 0.25,
        "Total Revenue": 17,
        "Gross Profit": 9,
        "Operating Income": 2,
        "EBIT": 3,
        "Net Income": 3
    },
    "2018-09-30": {
        "Diluted EPS": 0.08,
        "Total Revenue": 16,
        "Gross Profit": 8,
        "Operating Income": 2,
        "EBIT": 3,
        "Net Income": 1
    },
    "2018-06-30": {
        "Diluted EPS": 0.1,
        "Total Revenue": 17,
        "Gross Profit": 9,
        "Operating Income": 1,
        "EBIT": 3,
        "Net Income": 1
    },
    "2018-03-31": {
        "Diluted EPS": 0.25,
        "Total Revenue": 17,
        "Gross Profit": 9,
        "Operating Income": 3,
        "EBIT": 4,
        "Net Income": 3
    },
    "2017-12-31": {
        "Diluted EPS": 0.06,
        "Total Revenue": 14,
        "Gross Profit": 7,
        "Operating Income": 0,
        "EBIT": 2,
        "Net Income": 1
    },
    "2017-09-30": {
        "Diluted EPS": -0.03,
        "Total Revenue": 13,
        "Gross Profit": 5,
        "Operating Income": -1,
        "EBIT": 0,
        "Net Income": 0
    },
    "2017-06-30": {
        "Diluted EPS": -0.28,
        "Total Revenue": 14,
        "Gross Profit": 5,
        "Operating Income": -3,
        "EBIT": -2,
        "Net Income": -3
    },
    "2017-03-31": {
        "Diluted EPS": 0.06,
        "Total Revenue": 18,
        "Gross Profit": 9,
        "Operating Income": 2,
        "EBIT": 3,
        "Net Income": 1
    },
    "2016-12-31": {
        "Diluted EPS": -0.2,
        "Total Revenue": 16,
        "Gross Profit": 7,
        "Operating Income": 0,
        "EBIT": 1,
        "Net Income": -2
    },
    "2016-09-30": {
        "Diluted EPS": -0.04,
        "Total Revenue": 17,
        "Gross Profit": 8,
        "Operating Income": 1,
        "EBIT": 2,
        "Net Income": 0
    },
    "2016-06-30": {
        "Diluted EPS": 0.2,
        "Total Revenue": 19,
        "Gross Profit": 10,
        "Operating Income": 3,
        "EBIT": 5,
        "Net Income": 2
    },
    "2016-03-31": {
        "Diluted EPS": 0.08,
        "Total Revenue": 16,
        "Gross Profit": 7,
        "Operating Income": 1,
        "EBIT": 3,
        "Net Income": 1
    },
    "2015-12-31": {
        "Diluted EPS": 0.08,
        "Total Revenue": 16,
        "Gross Profit": 8,
        "Operating Income": 2,
        "EBIT": 4,
        "Net Income": 1
    },
    "2015-09-30": {
        "Diluted EPS": -0.04,
        "Total Revenue": 13,
        "Gross Profit": 5,
        "Operating Income": 0,
        "EBIT": 2,
        "Net Income": 0
    },
    "2015-06-30": {
        "Diluted EPS": -0.06,
        "Total Revenue": 15,
        "Gross Profit": 5,
        "Operating Income": 0,
        "EBIT": 3,
        "Net Income": -1
    },
    "2015-03-31": {
        "Diluted EPS": -0.17,
        "Total Revenue": 13,
        "Gross Profit": 5,
        "Operating Income": -2,
        "EBIT": 1,
        "Net Income": -2
    },
    "2014-12-31": {
        "Diluted EPS": -0.14,
        "Total Revenue": 12,
        "Gross Profit": 5,
        "Operating Income": -1,
        "EBIT": 1,
        "Net Income": -1
    },
    "2014-09-30": {
        "Diluted EPS": -0.2,
        "Total Revenue": 10,
        "Gross Profit": 3,
        "Operating Income": -2,
        "EBIT": 0,
        "Net Income": -2
    },
    "2014-06-30": {
        "Diluted EPS": -0.81,
        "Total Revenue": 10,
        "Gross Profit": 0,
        "Operating Income": -8,
        "EBIT": -4,
        "Net Income": -7
    },
    "2014-03-31": {
        "Diluted EPS": -0.14,
        "Total Revenue": 9,
        "Gross Profit": 2,
        "Operating Income": -3,
        "EBIT": -1,
        "Net Income": -1
    },
    "2013-12-31": {
        "Diluted EPS": -0.18,
        "Total Revenue": 9,
        "Gross Profit": 3,
        "Operating Income": -1,
        "EBIT": 0,
        "Net Income": -2
    },
    "2013-09-30": {
        "Diluted EPS": -0.12,
        "Total Revenue": 9,
        "Gross Profit": 4,
        "Operating Income": -1,
        "EBIT": 0,
        "Net Income": -1
    },
    "2013-06-30": {
        "Diluted EPS": 0.36,
        "Total Revenue": 14,
        "Gross Profit": 11,
        "Operating Income": 6,
        "EBIT": 7,
        "Net Income": 3
    },
    "2013-03-31": {
        "Diluted EPS": 0.19,
        "Total Revenue": 13,
        "Gross Profit": 7,
        "Operating Income": 3,
        "EBIT": 5,
        "Net Income": 2
    },
    "2012-12-31": {
        "Diluted EPS": 0.28,
        "Total Revenue": 12,
        "Gross Profit": 7,
        "Operating Income": 3,
        "EBIT": 4,
        "Net Income": 2
    },
    "2012-09-30": {
        "Diluted EPS": 0.12,
        "Total Revenue": 11,
        "Gross Profit": 5,
        "Operating Income": 2,
        "EBIT": 3,
        "Net Income": 1
    },
    "2012-06-30": {
        "Diluted EPS": 0.32,
        "Total Revenue": 14,
        "Gross Profit": 9,
        "Operating Income": 5,
        "EBIT": 6,
        "Net Income": 2
    },
    "2012-03-31": {
        "Diluted EPS": 0.27,
        "Total Revenue": 11,
        "Gross Profit": 6,
        "Operating Income": 2,
        "EBIT": 3,
        "Net Income": 2
    },
    "2011-12-31": {
        "Diluted EPS": 0.06,
        "Total Revenue": 9,
        "Gross Profit": 5,
        "Operating Income": 1,
        "EBIT": 2,
        "Net Income": 0
    },
    "2011-09-30": {
        "Diluted EPS": -0.26,
        "Total Revenue": 6,
        "Gross Profit": 2,
        "Operating Income": -1,
        "EBIT": 0,
        "Net Income": -1
    },
    "2011-06-30": {
        "Diluted EPS": -0.24,
        "Total Revenue": 7,
        "Gross Profit": 3,
        "Operating Income": -1,
        "EBIT": 1,
        "Net Income": -1
    },
    "2011-03-31": {
        "Diluted EPS": 0.6,
        "Total Revenue": 11,
        "Gross Profit": 7,
        "Operating Income": 5,
        "EBIT": 6,
        "Net Income": 3
    },
    "2010-12-31": {
        "Diluted EPS": 0.4,
        "Total Revenue": 10,
        "Gross Profit": 7,
        "Operating Income": 4,
        "EBIT": 5,
        "Net Income": 2
    },
    "2010-09-30": {
        "Diluted EPS": 0.4,
        "Total Revenue": 8,
        "Gross Profit": 5,
        "Operating Income": 2,
        "EBIT": 3,
        "Net Income": 2
    },
    "2010-06-30": {
        "Diluted EPS": 0.4,
        "Total Revenue": 11,
        "Gross Profit": 7,
        "Operating Income": 4,
        "EBIT": 5,
        "Net Income": 2
    },
    "2010-03-31": {
        "Diluted EPS": 0.2,
        "Total Revenue": 9,
        "Gross Profit": 5,
        "Operating Income": 3,
        "EBIT": 4,
        "Net Income": 1
    },
    "2009-12-31": {
        "Diluted EPS": -0.1,
        "Total Revenue": 10,
        "Gross Profit": 6,
        "Operating Income": 2,
        "EBIT": 3,
        "Net Income": 0
    },
    "2009-09-30": {
        "Diluted EPS": -0.1,
        "Total Revenue": 8,
        "Gross Profit": 4,
        "Operating Income": 1,
        "EBIT": 2,
        "Net Income": 0
    },
    "2009-06-30": {
        "Diluted EPS": -0.3,
        "Total Revenue": 7,
        "Gross Profit": 3,
        "Operating Income": -1,
        "EBIT": 1,
        "Net Income": -1
    },
    "2009-03-31": {
        "Diluted EPS": -1.9,
        "Total Revenue": 5,
        "Gross Profit": 1,
        "Operating Income": -4,
        "EBIT": -3,
        "Net Income": -5
    },
    "2023-06-30": {
        "Tax Effect Of Unusual Items": NaN,
        "Tax Rate For Calcs": NaN,
        "Normalized EBITDA": NaN,
        "Total Unusual Items": NaN,
        "Total Unusual Items Excluding Goodwill": NaN,
        "Net Income From Continuing Operation Net Minority Interest": NaN,
        "Reconciled Depreciation": NaN,
        "Reconciled Cost Of Revenue": NaN,
        "EBITDA": NaN,
        "EBIT": NaN,
        "Net Interest Income": NaN,
        "Interest Expense": NaN,
        "Interest Income": NaN,
        "Normalized Income": NaN,
        "Net Income From Continuing And Discontinued Operation": NaN,
        "Total Expenses": NaN,
        "Total Operating Income As Reported": NaN,
        "Diluted Average Shares": NaN,
        "Basic Average Shares": NaN,
        "Diluted EPS": NaN,
        "Basic EPS": NaN,
        "Diluted NI Availto Com Stockholders": NaN,
        "Net Income Common Stockholders": NaN,
        "Net Income": NaN,
        "Minority Interests": NaN,
        "Net Income Including Noncontrolling Interests": NaN,
        "Net Income Continuous Operations": NaN,
        "Tax Provision": NaN,
        "Pretax Income": NaN,
        "Other Income Expense": NaN,
        "Other Non Operating Income Expenses": NaN,
        "Earnings From Equity Interest": -1040753.0,
        "Gain On Sale Of Security": NaN,
        "Net Non Operating Interest Income Expense": NaN,
        "Interest Expense Non Operating": NaN,
        "Interest Income Non Operating": NaN,
        "Operating Income": NaN,
        "Operating Expense": NaN,
        "Other Operating Expenses": NaN,
        "Research And Development": NaN,
        "Selling General And Administration": NaN,
        "Selling And Marketing Expense": NaN,
        "General And Administrative Expense": NaN,
        "Other Gand A": NaN,
        "Gross Profit": NaN,
        "Cost Of Revenue": NaN,
        "Total Revenue": NaN,
        "Operating Revenue": NaN
    },
    "2023-09-30": {
        "Tax Effect Of Unusual Items": -39628.169051,
        "Tax Rate For Calcs": 0.295175,
        "Normalized EBITDA": 1354014.0,
        "Total Unusual Items": -134253.0,
        "Total Unusual Items Excluding Goodwill": -134253.0,
        "Net Income From Continuing Operation Net Minority Interest": 30890.0,
        "Reconciled Depreciation": 530786.0,
        "Reconciled Cost Of Revenue": 8080164.0,
        "EBITDA": 1219761.0,
        "EBIT": 688975.0,
        "Net Interest Income": 138701.0,
        "Interest Expense": 276017.0,
        "Interest Income": 414718.0,
        "Normalized Income": 125514.830949,
        "Net Income From Continuing And Discontinued Operation": 30890.0,
        "Total Expenses": 13891552.0,
        "Total Operating Income As Reported": 350629.0,
        "Diluted Average Shares": 11345856.0,
        "Basic Average Shares": 11345856.0,
        "Diluted EPS": 0.003,
        "Basic EPS": 0.003,
        "Diluted NI Availto Com Stockholders": 30890.0,
        "Net Income Common Stockholders": 30890.0,
        "Net Income": 30890.0,
        "Minority Interests": -260173.0,
        "Net Income Including Noncontrolling Interests": 291063.0,
        "Net Income Continuous Operations": 291063.0,
        "Tax Provision": 121895.0,
        "Pretax Income": 412958.0,
        "Other Income Expense": -76372.0,
        "Other Non Operating Income Expenses": 57881.0,
        "Earnings From Equity Interest": NaN,
        "Gain On Sale Of Security": -134253.0,
        "Net Non Operating Interest Income Expense": 138701.0,
        "Interest Expense Non Operating": 276017.0,
        "Interest Income Non Operating": 414718.0,
        "Operating Income": 350629.0,
        "Operating Expense": 5811388.0,
        "Other Operating Expenses": NaN,
        "Research And Development": 378419.0,
        "Selling General And Administration": 5432969.0,
        "Selling And Marketing Expense": NaN,
        "General And Administrative Expense": NaN,
        "Other Gand A": NaN,
        "Gross Profit": 6162017.0,
        "Cost Of Revenue": 8080164.0,
        "Total Revenue": 14242181.0,
        "Operating Revenue": 14242181.0
    },
    "2023-12-31": {
        "Tax Effect Of Unusual Items": -1936.081433,
        "Tax Rate For Calcs": 0.132454,
        "Normalized EBITDA": 1866970.0,
        "Total Unusual Items": -14617.0,
        "Total Unusual Items Excluding Goodwill": -14617.0,
        "Net Income From Continuing Operation Net Minority Interest": 408316.0,
        "Reconciled Depreciation": 429163.0,
        "Reconciled Cost Of Revenue": 8062204.0,
        "EBITDA": 1852353.0,
        "EBIT": 1423190.0,
        "Net Interest Income": 177958.0,
        "Interest Expense": 290322.0,
        "Interest Income": 468280.0,
        "Normalized Income": 420996.918567,
        "Net Income From Continuing And Discontinued Operation": 408316.0,
        "Total Expenses": 14211109.0,
        "Total Operating Income As Reported": 1026832.0,
        "Diluted Average Shares": 11372819.0,
        "Basic Average Shares": 11372819.0,
        "Diluted EPS": 0.04,
        "Basic EPS": 0.04,
        "Diluted NI Availto Com Stockholders": 408316.0,
        "Net Income Common Stockholders": 408316.0,
        "Net Income": 408316.0,
        "Minority Interests": -574499.0,
        "Net Income Including Noncontrolling Interests": 982815.0,
        "Net Income Continuous Operations": 982815.0,
        "Tax Provision": 150053.0,
        "Pretax Income": 1132868.0,
        "Other Income Expense": -71922.0,
        "Other Non Operating Income Expenses": -57305.0,
        "Earnings From Equity Interest": 0.0,
        "Gain On Sale Of Security": -14617.0,
        "Net Non Operating Interest Income Expense": 177958.0,
        "Interest Expense Non Operating": 290322.0,
        "Interest Income Non Operating": 468280.0,
        "Operating Income": 1026832.0,
        "Operating Expense": 6148905.0,
        "Other Operating Expenses": NaN,
        "Research And Development": 341411.0,
        "Selling General And Administration": 5807494.0,
        "Selling And Marketing Expense": NaN,
        "General And Administrative Expense": NaN,
        "Other Gand A": NaN,
        "Gross Profit": 7175737.0,
        "Cost Of Revenue": 8062204.0,
        "Total Revenue": 15237941.0,
        "Operating Revenue": 15237941.0
    },
    "2024-03-31": {
        "Tax Effect Of Unusual Items": -305501.814732,
        "Tax Rate For Calcs": 0.316948,
        "Normalized EBITDA": 2107293.0,
        "Total Unusual Items": -963887.0,
        "Total Unusual Items Excluding Goodwill": -963887.0,
        "Net Income From Continuing Operation Net Minority Interest": 327549.0,
        "Reconciled Depreciation": 391290.0,
        "Reconciled Cost Of Revenue": 7989696.0,
        "EBITDA": 1143406.0,
        "EBIT": 752116.0,
        "Net Interest Income": 86789.0,
        "Interest Expense": 289677.0,
        "Interest Income": 376466.0,
        "Normalized Income": 985934.185268,
        "Net Income From Continuing And Discontinued Operation": 327549.0,
        "Total Expenses": 14146613.0,
        "Total Operating Income As Reported": 1317903.0,
        "Diluted Average Shares": 11430493.0,
        "Basic Average Shares": 11390888.0,
        "Diluted EPS": 0.03,
        "Basic EPS": 0.03,
        "Diluted NI Availto Com Stockholders": 327549.0,
        "Net Income Common Stockholders": 327549.0,
        "Net Income": 327549.0,
        "Minority Interests": 11679.0,
        "Net Income Including Noncontrolling Interests": 315870.0,
        "Net Income Continuous Operations": 315870.0,
        "Tax Provision": 146569.0,
        "Pretax Income": 462439.0,
        "Other Income Expense": -942253.0,
        "Other Non Operating Income Expenses": 21634.0,
        "Earnings From Equity Interest": 0.0,
        "Gain On Sale Of Security": -963887.0,
        "Net Non Operating Interest Income Expense": 86789.0,
        "Interest Expense Non Operating": 289677.0,
        "Interest Income Non Operating": 376466.0,
        "Operating Income": 1317903.0,
        "Operating Expense": 6156917.0,
        "Other Operating Expenses": 141164.0,
        "Research And Development": 345582.0,
        "Selling General And Administration": 5670171.0,
        "Selling And Marketing Expense": 1830025.0,
        "General And Administrative Expense": 3840146.0,
        "Other Gand A": 3840146.0,
        "Gross Profit": 7474820.0,
        "Cost Of Revenue": 7989696.0,
        "Total Revenue": 15464516.0,
        "Operating Revenue": 15464516.0
    },
    "2024-06-30": {
        "Tax Effect Of Unusual Items": -15658.23,
        "Tax Rate For Calcs": 0.21,
        "Normalized EBITDA": 1946456.0,
        "Total Unusual Items": -74563.0,
        "Total Unusual Items Excluding Goodwill": -74563.0,
        "Net Income From Continuing Operation Net Minority Interest": -82882.0,
        "Reconciled Depreciation": 370561.0,
        "Reconciled Cost Of Revenue": 7976157.0,
        "EBITDA": 1871893.0,
        "EBIT": 1501332.0,
        "Net Interest Income": 365644.0,
        "Interest Expense": 286150.0,
        "Interest Income": 651794.0,
        "Normalized Income": -23977.23,
        "Net Income From Continuing And Discontinued Operation": -82882.0,
        "Total Expenses": 15650262.0,
        "Total Operating Income As Reported": 798191.0,
        "Diluted Average Shares": NaN,
        "Basic Average Shares": NaN,
        "Diluted EPS": NaN,
        "Basic EPS": NaN,
        "Diluted NI Availto Com Stockholders": -82882.0,
        "Net Income Common Stockholders": -82882.0,
        "Net Income": -82882.0,
        "Minority Interests": -571063.0,
        "Net Income Including Noncontrolling Interests": 488181.0,
        "Net Income Continuous Operations": 488181.0,
        "Tax Provision": 727001.0,
        "Pretax Income": 1215182.0,
        "Other Income Expense": 51347.0,
        "Other Non Operating Income Expenses": 125910.0,
        "Earnings From Equity Interest": 0.0,
        "Gain On Sale Of Security": -74563.0,
        "Net Non Operating Interest Income Expense": 365644.0,
        "Interest Expense Non Operating": 286150.0,
        "Interest Income Non Operating": 651794.0,
        "Operating Income": 798191.0,
        "Operating Expense": 7674105.0,
        "Other Operating Expenses": NaN,
        "Research And Development": 337189.0,
        "Selling General And Administration": 7780672.0,
        "Selling And Marketing Expense": NaN,
        "General And Administrative Expense": NaN,
        "Other Gand A": NaN,
        "Gross Profit": 8472296.0,
        "Cost Of Revenue": 7976157.0,
        "Total Revenue": 16448453.0,
        "Operating Revenue": 16448453.0
    },
    "2024-09-30": {
        "Tax Effect Of Unusual Items": 113934.45,
        "Tax Rate For Calcs": 0.21,
        "Normalized EBITDA": 529197.0,
        "Total Unusual Items": 542545.0,
        "Total Unusual Items Excluding Goodwill": 542545.0,
        "Net Income From Continuing Operation Net Minority Interest": 70795.0,
        "Reconciled Depreciation": 365997.0,
        "Reconciled Cost Of Revenue": 8034386.0,
        "EBITDA": 1071742.0,
        "EBIT": 705745.0,
        "Net Interest Income": 511648.0,
        "Interest Expense": 258219.0,
        "Interest Income": 769867.0,
        "Normalized Income": -357815.55,
        "Net Income From Continuing And Discontinued Operation": 70795.0,
        "Total Expenses": 15358656.0,
        "Total Operating Income As Reported": -760158.0,
        "Diluted Average Shares": 11482754.0,
        "Basic Average Shares": 11429695.0,
        "Diluted EPS": 0.006,
        "Basic EPS": 0.006,
        "Diluted NI Availto Com Stockholders": 70795.0,
        "Net Income Common Stockholders": 70795.0,
        "Net Income": 70795.0,
        "Minority Interests": -146914.0,
        "Net Income Including Noncontrolling Interests": 217709.0,
        "Net Income Continuous Operations": 217709.0,
        "Tax Provision": 229817.0,
        "Pretax Income": 447526.0,
        "Other Income Expense": 696036.0,
        "Other Non Operating Income Expenses": 153491.0,
        "Earnings From Equity Interest": NaN,
        "Gain On Sale Of Security": 542545.0,
        "Net Non Operating Interest Income Expense": 511648.0,
        "Interest Expense Non Operating": 258219.0,
        "Interest Income Non Operating": 769867.0,
        "Operating Income": -760158.0,
        "Operating Expense": 7324270.0,
        "Other Operating Expenses": NaN,
        "Research And Development": 359949.0,
        "Selling General And Administration": 6964321.0,
        "Selling And Marketing Expense": NaN,
        "General And Administrative Expense": NaN,
        "Other Gand A": NaN,
        "Gross Profit": 6564112.0,
        "Cost Of Revenue": 8034386.0,
        "Total Revenue": 14598498.0,
        "Operating Revenue": 14598498.0
    }
}