{
    "2023-03-31": {
        "Tax Effect Of Unusual Items": NaN,
        "Tax Rate For Calcs": NaN,
        "Net Income From Continuing Operation Net Minority Interest": NaN,
        "Reconciled Depreciation": NaN,
        "Net Interest Income": NaN,
        "Interest Expense": NaN,
        "Interest Income": NaN,
        "Normalized Income": NaN,
        "Net Income From Continuing And Discontinued Operation": NaN,
        "Diluted Average Shares": NaN,
        "Basic Average Shares": NaN,
        "Diluted EPS": NaN,
        "Basic EPS": NaN,
        "Diluted NI Availto Com Stockholders": NaN,
        "Net Income Common Stockholders": NaN,
        "Net Income": NaN,
        "Minority Interests": 0.0,
        "Net Income Including Noncontrolling Interests": NaN,
        "Net Income Continuous Operations": NaN,
        "Tax Provision": NaN,
        "Pretax Income": NaN,
        "Other Non Operating Income Expenses": NaN,
        "Depreciation Amortization Depletion Income Statement": NaN,
        "Depreciation And Amortization In Income Statement": NaN,
        "Selling General And Administration": NaN,
        "Selling And Marketing Expense": NaN,
        "General And Administrative Expense": NaN,
        "Other Gand A": NaN,
        "Salaries And Wages": NaN,
        "Total Revenue": NaN,
        "Operating Revenue": NaN,
        "Other Non Interest Expense": NaN
    },
    "2022-12-31": {
        "Tax Effect Of Unusual Items": NaN,
        "Tax Rate For Calcs": NaN,
        "Net Income From Continuing Operation Net Minority Interest": NaN,
        "Reconciled Depreciation": NaN,
        "Net Interest Income": NaN,
        "Interest Expense": NaN,
        "Interest Income": NaN,
        "Normalized Income": NaN,
        "Net Income From Continuing And Discontinued Operation": NaN,
        "Diluted Average Shares": NaN,
        "Basic Average Shares": NaN,
        "Diluted EPS": NaN,
        "Basic EPS": NaN,
        "Diluted NI Availto Com Stockholders": NaN,
        "Net Income Common Stockholders": NaN,
        "Net Income": NaN,
        "Minority Interests": 0.0,
        "Net Income Including Noncontrolling Interests": NaN,
        "Net Income Continuous Operations": NaN,
        "Tax Provision": NaN,
        "Pretax Income": NaN,
        "Other Non Operating Income Expenses": NaN,
        "Depreciation Amortization Depletion Income Statement": NaN,
        "Depreciation And Amortization In Income Statement": NaN,
        "Selling General And Administration": NaN,
        "Selling And Marketing Expense": NaN,
        "General And Administrative Expense": NaN,
        "Other Gand A": NaN,
        "Salaries And Wages": NaN,
        "Total Revenue": NaN,
        "Operating Revenue": NaN,
        "Other Non Interest Expense": NaN
    },
    "2022-09-30": {
        "Tax Effect Of Unusual Items": NaN,
        "Tax Rate For Calcs": NaN,
        "Net Income From Continuing Operation Net Minority Interest": NaN,
        "Reconciled Depreciation": NaN,
        "Net Interest Income": NaN,
        "Interest Expense": NaN,
        "Interest Income": NaN,
        "Normalized Income": NaN,
        "Net Income From Continuing And Discontinued Operation": NaN,
        "Diluted Average Shares": 4685563942.0,
        "Basic Average Shares": 4685563942.0,
        "Diluted EPS": 0.001672,
        "Basic EPS": 0.001672,
        "Diluted NI Availto Com Stockholders": NaN,
        "Net Income Common Stockholders": NaN,
        "Net Income": NaN,
        "Minority Interests": NaN,
        "Net Income Including Noncontrolling Interests": NaN,
        "Net Income Continuous Operations": NaN,
        "Tax Provision": NaN,
        "Pretax Income": NaN,
        "Other Non Operating Income Expenses": NaN,
        "Depreciation Amortization Depletion Income Statement": NaN,
        "Depreciation And Amortization In Income Statement": NaN,
        "Selling General And Administration": NaN,
        "Selling And Marketing Expense": NaN,
        "General And Administrative Expense": NaN,
        "Other Gand A": NaN,
        "Salaries And Wages": NaN,
        "Total Revenue": NaN,
        "Operating Revenue": NaN
    },
    "2022-06-30": {
        "Tax Effect Of Unusual Items": 0.0,
        "Tax Rate For Calcs": 0.4,
        "Net Income From Continuing Operation Net Minority Interest": -29697000.0,
        "Reconciled Depreciation": 10433000.0,
        "Net Interest Income": 445513000.0,
        "Interest Expense": 407500000.0,
        "Interest Income": 853013000.0,
        "Normalized Income": -29697000.0,
        "Net Income From Continuing And Discontinued Operation": -29697000.0,
        "Diluted Average Shares": 4670972000.0,
        "Basic Average Shares": 4670972000.0,
        "Diluted EPS": -0.0064,
        "Basic EPS": -0.0064,
        "Diluted NI Availto Com Stockholders": -29697000.0,
        "Net Income Common Stockholders": -29697000.0,
        "Net Income": -29697000.0,
        "Minority Interests": 153000.0,
        "Net Income Including Noncontrolling Interests": -29850000.0,
        "Net Income Continuous Operations": -29850000.0,
        "Tax Provision": 5238000.0,
        "Pretax Income": -24612000.0,
        "Other Non Operating Income Expenses": -44729000.0,
        "Depreciation Amortization Depletion Income Statement": 10433000.0,
        "Depreciation And Amortization In Income Statement": 10433000.0,
        "Selling General And Administration": 307706000.0,
        "Selling And Marketing Expense": 36208000.0,
        "General And Administrative Expense": 271498000.0,
        "Other Gand A": 118199000.0,
        "Salaries And Wages": 153299000.0,
        "Total Revenue": 676748000.0,
        "Operating Revenue": 676748000.0
    },
    "2023-06-30": {
        "Tax Effect Of Unusual Items": NaN,
        "Tax Rate For Calcs": NaN,
        "Net Income From Continuing Operation Net Minority Interest": NaN,
        "Reconciled Depreciation": NaN,
        "Net Interest Income": NaN,
        "Interest Expense": NaN,
        "Interest Income": NaN,
        "Normalized Income": NaN,
        "Net Income From Continuing And Discontinued Operation": NaN,
        "Diluted Average Shares": 4843835000.0,
        "Basic Average Shares": 4730272000.0,
        "Diluted EPS": 0.0464,
        "Basic EPS": 0.0475,
        "Diluted NI Availto Com Stockholders": NaN,
        "Net Income Common Stockholders": NaN,
        "Net Income": NaN,
        "Minority Interests": 0.0,
        "Net Income Including Noncontrolling Interests": NaN,
        "Net Income Continuous Operations": NaN,
        "Tax Provision": NaN,
        "Pretax Income": NaN,
        "Other Non Operating Income Expenses": NaN,
        "Depreciation Amortization Depletion Income Statement": NaN,
        "Depreciation And Amortization In Income Statement": NaN,
        "Selling General And Administration": NaN,
        "Selling And Marketing Expense": NaN,
        "General And Administrative Expense": NaN,
        "Other Gand A": NaN,
        "Salaries And Wages": NaN,
        "Total Revenue": NaN,
        "Operating Revenue": NaN,
        "Other Non Interest Expense": NaN
    },
    "2023-09-30": {
        "Tax Effect Of Unusual Items": 0.0,
        "Tax Rate For Calcs": 0.263663,
        "Net Income From Continuing Operation Net Minority Interest": 303036000.0,
        "Reconciled Depreciation": 19194000.0,
        "Net Interest Income": 1195050000.0,
        "Interest Expense": 537649000.0,
        "Interest Income": 1732699000.0,
        "Normalized Income": 303036000.0,
        "Net Income From Continuing And Discontinued Operation": 303036000.0,
        "Diluted Average Shares": 4856845000.0,
        "Basic Average Shares": 4752303000.0,
        "Diluted EPS": 0.0624,
        "Basic EPS": 0.0638,
        "Diluted NI Availto Com Stockholders": 303036000.0,
        "Net Income Common Stockholders": 303036000.0,
        "Net Income": 303036000.0,
        "Minority Interests": 0.0,
        "Net Income Including Noncontrolling Interests": 303036000.0,
        "Net Income Continuous Operations": 303036000.0,
        "Tax Provision": 108509000.0,
        "Pretax Income": 411545000.0,
        "Other Non Operating Income Expenses": -65242000.0,
        "Depreciation Amortization Depletion Income Statement": 19194000.0,
        "Depreciation And Amortization In Income Statement": 19194000.0,
        "Selling General And Administration": 279851000.0,
        "Selling And Marketing Expense": 46483000.0,
        "General And Administrative Expense": 233368000.0,
        "Other Gand A": 53589000.0,
        "Salaries And Wages": 179779000.0,
        "Total Revenue": 1493263000.0,
        "Operating Revenue": 1493263000.0,
        "Other Non Interest Expense": 89925000.0
    },
    "2023-12-31": {
        "Tax Effect Of Unusual Items": 0.0,
        "Tax Rate For Calcs": 0.355493,
        "Net Income From Continuing Operation Net Minority Interest": 360877000.0,
        "Reconciled Depreciation": 16545000.0,
        "Net Interest Income": 1345696000.0,
        "Interest Expense": 605638000.0,
        "Interest Income": 1951334000.0,
        "Normalized Income": 360877000.0,
        "Net Income From Continuing And Discontinued Operation": 360877000.0,
        "Diluted Average Shares": NaN,
        "Basic Average Shares": NaN,
        "Diluted EPS": NaN,
        "Basic EPS": NaN,
        "Diluted NI Availto Com Stockholders": 360877000.0,
        "Net Income Common Stockholders": 360877000.0,
        "Net Income": 360877000.0,
        "Minority Interests": 0.0,
        "Net Income Including Noncontrolling Interests": 360877000.0,
        "Net Income Continuous Operations": 360877000.0,
        "Tax Provision": 199050000.0,
        "Pretax Income": 559927000.0,
        "Other Non Operating Income Expenses": -87538000.0,
        "Depreciation Amortization Depletion Income Statement": 16545000.0,
        "Depreciation And Amortization In Income Statement": 16545000.0,
        "Selling General And Administration": 332836000.0,
        "Selling And Marketing Expense": 71344000.0,
        "General And Administrative Expense": 261492000.0,
        "Other Gand A": 78459000.0,
        "Salaries And Wages": 183033000.0,
        "Total Revenue": 1692505000.0,
        "Operating Revenue": 1692505000.0,
        "Other Non Interest Expense": 103176000.0
    },
    "2024-03-31": {
        "Tax Effect Of Unusual Items": 0.0,
        "Tax Rate For Calcs": 0.345221,
        "Net Income From Continuing Operation Net Minority Interest": 378814000.0,
        "Reconciled Depreciation": 18465000.0,
        "Net Interest Income": 1619533000.0,
        "Interest Expense": 660715000.0,
        "Interest Income": 2280248000.0,
        "Normalized Income": 378814000.0,
        "Net Income From Continuing And Discontinued Operation": 378814000.0,
        "Diluted Average Shares": 4886361000.0,
        "Basic Average Shares": 4773284000.0,
        "Diluted EPS": 0.0775,
        "Basic EPS": 0.0794,
        "Diluted NI Availto Com Stockholders": 378814000.0,
        "Net Income Common Stockholders": 378814000.0,
        "Net Income": 378814000.0,
        "Minority Interests": NaN,
        "Net Income Including Noncontrolling Interests": 378814000.0,
        "Net Income Continuous Operations": 378814000.0,
        "Tax Provision": 199723000.0,
        "Pretax Income": 578537000.0,
        "Other Non Operating Income Expenses": -79491000.0,
        "Depreciation Amortization Depletion Income Statement": 18465000.0,
        "Depreciation And Amortization In Income Statement": 18465000.0,
        "Selling General And Administration": 362612000.0,
        "Selling And Marketing Expense": 46827000.0,
        "General And Administrative Expense": 315785000.0,
        "Other Gand A": 83044000.0,
        "Salaries And Wages": 232741000.0,
        "Total Revenue": 1978015000.0,
        "Operating Revenue": 1978015000.0,
        "Other Non Interest Expense": 108191000.0
    },
    "2024-06-30": {
        "Tax Effect Of Unusual Items": 0.0,
        "Tax Rate For Calcs": 0.328291,
        "Net Income From Continuing Operation Net Minority Interest": 487272000.0,
        "Reconciled Depreciation": 18333000.0,
        "Net Interest Income": 1718116000.0,
        "Interest Expense": 665191000.0,
        "Interest Income": 2383307000.0,
        "Normalized Income": 487272000.0,
        "Net Income From Continuing And Discontinued Operation": 487272000.0,
        "Diluted Average Shares": 4880953000.0,
        "Basic Average Shares": 4788239000.0,
        "Diluted EPS": 0.0998,
        "Basic EPS": 0.1018,
        "Diluted NI Availto Com Stockholders": 487272000.0,
        "Net Income Common Stockholders": 487272000.0,
        "Net Income": 487272000.0,
        "Minority Interests": NaN,
        "Net Income Including Noncontrolling Interests": 487272000.0,
        "Net Income Continuous Operations": 487272000.0,
        "Tax Provision": 238149000.0,
        "Pretax Income": 725421000.0,
        "Other Non Operating Income Expenses": -96781000.0,
        "Depreciation Amortization Depletion Income Statement": 18333000.0,
        "Depreciation And Amortization In Income Statement": 18333000.0,
        "Selling General And Administration": 367464000.0,
        "Selling And Marketing Expense": 47751000.0,
        "General And Administrative Expense": 319713000.0,
        "Other Gand A": 80842000.0,
        "Salaries And Wages": 238871000.0,
        "Total Revenue": 2084972000.0,
        "Operating Revenue": 2084972000.0,
        "Other Non Interest Expense": 117208000.0
    },
    "2024-09-30": {
        "Tax Effect Of Unusual Items": 0.0,
        "Tax Rate For Calcs": 0.235433,
        "Net Income From Continuing Operation Net Minority Interest": 553386000.0,
        "Reconciled Depreciation": 19269000.0,
        "Net Interest Income": 1712848000.0,
        "Interest Expense": 760959000.0,
        "Interest Income": 2473807000.0,
        "Normalized Income": 553386000.0,
        "Net Income From Continuing And Discontinued Operation": 553386000.0,
        "Diluted Average Shares": 4889409000.0,
        "Basic Average Shares": 4797673000.0,
        "Diluted EPS": 0.1132,
        "Basic EPS": 0.1153,
        "Diluted NI Availto Com Stockholders": 553386000.0,
        "Net Income Common Stockholders": 553386000.0,
        "Net Income": 553386000.0,
        "Minority Interests": NaN,
        "Net Income Including Noncontrolling Interests": 553386000.0,
        "Net Income Continuous Operations": 553386000.0,
        "Tax Provision": 170404000.0,
        "Pretax Income": 723790000.0,
        "Other Non Operating Income Expenses": -105121000.0,
        "Depreciation Amortization Depletion Income Statement": 19269000.0,
        "Depreciation And Amortization In Income Statement": 19269000.0,
        "Selling General And Administration": 375939000.0,
        "Selling And Marketing Expense": 99818000.0,
        "General And Administrative Expense": 276121000.0,
        "Other Gand A": 77774000.0,
        "Salaries And Wages": 198347000.0,
        "Total Revenue": 2096449000.0,
        "Operating Revenue": 2096449000.0,
        "Other Non Interest Expense": 98186000.0
    }
}