{
    "2023-03-31": {
        "Tax Effect Of Unusual Items": NaN,
        "Tax Rate For Calcs": NaN,
        "Normalized EBITDA": NaN,
        "Total Unusual Items": NaN,
        "Total Unusual Items Excluding Goodwill": NaN,
        "Net Income From Continuing Operation Net Minority Interest": NaN,
        "Reconciled Depreciation": NaN,
        "Reconciled Cost Of Revenue": NaN,
        "EBITDA": NaN,
        "EBIT": NaN,
        "Net Interest Income": -4888000.0,
        "Interest Expense": 4888000.0,
        "Normalized Income": NaN,
        "Net Income From Continuing And Discontinued Operation": NaN,
        "Total Expenses": NaN,
        "Total Operating Income As Reported": NaN,
        "Diluted Average Shares": NaN,
        "Basic Average Shares": NaN,
        "Diluted EPS": NaN,
        "Basic EPS": NaN,
        "Diluted NI Availto Com Stockholders": NaN,
        "Net Income Common Stockholders": NaN,
        "Net Income": NaN,
        "Net Income Including Noncontrolling Interests": NaN,
        "Net Income Continuous Operations": NaN,
        "Tax Provision": NaN,
        "Pretax Income": NaN,
        "Other Income Expense": NaN,
        "Other Non Operating Income Expenses": NaN,
        "Special Income Charges": NaN,
        "Restructuring And Mergern Acquisition": NaN,
        "Net Non Operating Interest Income Expense": -4888000.0,
        "Interest Expense Non Operating": 4888000.0,
        "Operating Income": NaN,
        "Operating Expense": NaN,
        "Selling General And Administration": NaN,
        "Selling And Marketing Expense": NaN,
        "General And Administrative Expense": NaN,
        "Other Gand A": NaN,
        "Gross Profit": NaN,
        "Cost Of Revenue": NaN,
        "Total Revenue": NaN,
        "Operating Revenue": NaN
    },
    "2022-12-31": {
        "Tax Effect Of Unusual Items": -3857700.0,
        "Tax Rate For Calcs": 0.21,
        "Normalized EBITDA": 82770000.0,
        "Total Unusual Items": -18370000.0,
        "Total Unusual Items Excluding Goodwill": -18370000.0,
        "Net Income From Continuing Operation Net Minority Interest": 57215000.0,
        "Reconciled Depreciation": 18571000.0,
        "Reconciled Cost Of Revenue": 147816000.0,
        "EBITDA": 64400000.0,
        "EBIT": 45829000.0,
        "Normalized Income": 71727300.0,
        "Net Income From Continuing And Discontinued Operation": 57215000.0,
        "Total Expenses": 476511000.0,
        "Total Operating Income As Reported": 27459000.0,
        "Diluted Average Shares": 49783000.0,
        "Basic Average Shares": 49452000.0,
        "Diluted EPS": 1.15,
        "Basic EPS": 1.16,
        "Diluted NI Availto Com Stockholders": 57215000.0,
        "Net Income Common Stockholders": 57215000.0,
        "Net Income": 57215000.0,
        "Net Income Including Noncontrolling Interests": 57215000.0,
        "Net Income Continuous Operations": 57215000.0,
        "Tax Provision": -32860000.0,
        "Pretax Income": 24355000.0,
        "Other Income Expense": -21474000.0,
        "Other Non Operating Income Expenses": -3104000.0,
        "Special Income Charges": -18370000.0,
        "Restructuring And Mergern Acquisition": 18370000.0,
        "Operating Income": 45829000.0,
        "Operating Expense": 328695000.0,
        "Selling General And Administration": 328695000.0,
        "Selling And Marketing Expense": 201031000.0,
        "General And Administrative Expense": 127664000.0,
        "Other Gand A": 127664000.0,
        "Gross Profit": 374524000.0,
        "Cost Of Revenue": 147816000.0,
        "Total Revenue": 522340000.0,
        "Operating Revenue": 522340000.0
    },
    "2022-09-30": {
        "Tax Effect Of Unusual Items": -3705252.0,
        "Tax Rate For Calcs": 0.123,
        "Normalized EBITDA": 39964000.0,
        "Total Unusual Items": -30124000.0,
        "Total Unusual Items Excluding Goodwill": -30124000.0,
        "Net Income From Continuing Operation Net Minority Interest": -25390000.0,
        "Reconciled Depreciation": 18171000.0,
        "Reconciled Cost Of Revenue": 173500000.0,
        "EBITDA": 9840000.0,
        "EBIT": 9840000.0,
        "Normalized Income": 1028748.0,
        "Net Income From Continuing And Discontinued Operation": -25390000.0,
        "Total Expenses": 527965000.0,
        "Total Operating Income As Reported": -20284000.0,
        "Diluted Average Shares": 50199000.0,
        "Basic Average Shares": 50199000.0,
        "Diluted EPS": -0.51,
        "Basic EPS": -0.51,
        "Diluted NI Availto Com Stockholders": -25390000.0,
        "Net Income Common Stockholders": -25390000.0,
        "Net Income": -25390000.0,
        "Net Income Including Noncontrolling Interests": -25390000.0,
        "Net Income Continuous Operations": -25390000.0,
        "Tax Provision": -3574000.0,
        "Pretax Income": -28964000.0,
        "Other Income Expense": -38804000.0,
        "Other Non Operating Income Expenses": -8680000.0,
        "Special Income Charges": -30124000.0,
        "Restructuring And Mergern Acquisition": 30124000.0,
        "Operating Income": 9840000.0,
        "Operating Expense": 354465000.0,
        "Selling General And Administration": 354465000.0,
        "Selling And Marketing Expense": 216478000.0,
        "General And Administrative Expense": 137987000.0,
        "Other Gand A": 137987000.0,
        "Gross Profit": 364305000.0,
        "Cost Of Revenue": 173500000.0,
        "Total Revenue": 537805000.0,
        "Operating Revenue": 537805000.0
    },
    "2022-06-30": {
        "Tax Effect Of Unusual Items": 0.0,
        "Tax Rate For Calcs": 0.202,
        "Normalized EBITDA": 70161000.0,
        "Total Unusual Items": NaN,
        "Total Unusual Items Excluding Goodwill": NaN,
        "Net Income From Continuing Operation Net Minority Interest": 34237000.0,
        "Reconciled Depreciation": 18634000.0,
        "Reconciled Cost Of Revenue": 148100000.0,
        "EBITDA": 70161000.0,
        "EBIT": 51527000.0,
        "Normalized Income": 34237000.0,
        "Net Income From Continuing And Discontinued Operation": 34237000.0,
        "Total Expenses": 509088000.0,
        "Total Operating Income As Reported": 51527000.0,
        "Diluted Average Shares": 50960000.0,
        "Basic Average Shares": 50368000.0,
        "Diluted EPS": 0.67,
        "Basic EPS": 0.68,
        "Diluted NI Availto Com Stockholders": 34237000.0,
        "Net Income Common Stockholders": 34237000.0,
        "Net Income": 34237000.0,
        "Net Income Including Noncontrolling Interests": 34237000.0,
        "Net Income Continuous Operations": 34237000.0,
        "Tax Provision": 8650000.0,
        "Pretax Income": 42887000.0,
        "Other Income Expense": -8640000.0,
        "Other Non Operating Income Expenses": -8640000.0,
        "Special Income Charges": NaN,
        "Restructuring And Mergern Acquisition": NaN,
        "Operating Income": 51527000.0,
        "Operating Expense": 360988000.0,
        "Selling General And Administration": 360988000.0,
        "Selling And Marketing Expense": 219426000.0,
        "General And Administrative Expense": 141562000.0,
        "Other Gand A": 141562000.0,
        "Gross Profit": 412515000.0,
        "Cost Of Revenue": 148100000.0,
        "Total Revenue": 560615000.0,
        "Operating Revenue": 560615000.0
    },
    "2023-06-30": {
        "Tax Effect Of Unusual Items": NaN,
        "Tax Rate For Calcs": NaN,
        "Normalized EBITDA": NaN,
        "Total Unusual Items": NaN,
        "Total Unusual Items Excluding Goodwill": NaN,
        "Net Income From Continuing Operation Net Minority Interest": NaN,
        "Reconciled Depreciation": NaN,
        "Reconciled Cost Of Revenue": NaN,
        "EBITDA": NaN,
        "EBIT": NaN,
        "Net Interest Income": -5769000.0,
        "Interest Expense": 5769000.0,
        "Normalized Income": NaN,
        "Net Income From Continuing And Discontinued Operation": NaN,
        "Total Expenses": NaN,
        "Total Operating Income As Reported": NaN,
        "Diluted Average Shares": NaN,
        "Basic Average Shares": NaN,
        "Diluted EPS": NaN,
        "Basic EPS": NaN,
        "Diluted NI Availto Com Stockholders": NaN,
        "Net Income Common Stockholders": NaN,
        "Net Income": NaN,
        "Net Income Including Noncontrolling Interests": NaN,
        "Net Income Continuous Operations": NaN,
        "Tax Provision": NaN,
        "Pretax Income": NaN,
        "Other Income Expense": NaN,
        "Other Non Operating Income Expenses": NaN,
        "Special Income Charges": NaN,
        "Restructuring And Mergern Acquisition": NaN,
        "Net Non Operating Interest Income Expense": -5769000.0,
        "Interest Expense Non Operating": 5769000.0,
        "Operating Income": NaN,
        "Operating Expense": NaN,
        "Selling General And Administration": NaN,
        "Selling And Marketing Expense": NaN,
        "General And Administrative Expense": NaN,
        "Other Gand A": NaN,
        "Gross Profit": NaN,
        "Cost Of Revenue": NaN,
        "Total Revenue": NaN,
        "Operating Revenue": NaN
    },
    "2022-03-31": {
        "Diluted EPS": 0.76,
        "Total Revenue": 605,
        "Gross Profit": 443,
        "Operating Income": 52,
        "EBIT": 69,
        "Net Income": 39
    },
    "2021-12-31": {
        "Diluted EPS": -0.17,
        "Total Revenue": 673,
        "Gross Profit": 500,
        "Operating Income": 20,
        "EBIT": 39,
        "Net Income": -9
    },
    "2021-09-30": {
        "Diluted EPS": 0.97,
        "Total Revenue": 641,
        "Gross Profit": 482,
        "Operating Income": 65,
        "EBIT": 85,
        "Net Income": 50
    },
    "2021-06-30": {
        "Diluted EPS": 1.15,
        "Total Revenue": 704,
        "Gross Profit": 532,
        "Operating Income": 85,
        "EBIT": 105,
        "Net Income": 59
    },
    "2021-03-31": {
        "Diluted EPS": 0.91,
        "Total Revenue": 677,
        "Gross Profit": 506,
        "Operating Income": 63,
        "EBIT": 81,
        "Net Income": 47
    },
    "2020-12-31": {
        "Diluted EPS": 1.38,
        "Total Revenue": 748,
        "Gross Profit": 553,
        "Operating Income": 89,
        "EBIT": 107,
        "Net Income": 73
    },
    "2020-09-30": {
        "Diluted EPS": 1.08,
        "Total Revenue": 703,
        "Gross Profit": 520,
        "Operating Income": 74,
        "EBIT": 92,
        "Net Income": 56
    },
    "2020-06-30": {
        "Diluted EPS": 0.81,
        "Total Revenue": 612,
        "Gross Profit": 458,
        "Operating Income": 58,
        "EBIT": 76,
        "Net Income": 42
    },
    "2020-03-31": {
        "Diluted EPS": 0.36,
        "Total Revenue": 518,
        "Gross Profit": 392,
        "Operating Income": 37,
        "EBIT": 56,
        "Net Income": 20
    },
    "2019-12-31": {
        "Diluted EPS": 0.71,
        "Total Revenue": 583,
        "Gross Profit": 443,
        "Operating Income": 55,
        "EBIT": 73,
        "Net Income": 40
    },
    "2019-09-30": {
        "Diluted EPS": 0.79,
        "Total Revenue": 590,
        "Gross Profit": 450,
        "Operating Income": 70,
        "EBIT": 89,
        "Net Income": 44
    },
    "2019-06-30": {
        "Diluted EPS": 0.83,
        "Total Revenue": 624,
        "Gross Profit": 469,
        "Operating Income": 74,
        "EBIT": 93,
        "Net Income": 46
    },
    "2019-03-31": {
        "Diluted EPS": 0.77,
        "Total Revenue": 624,
        "Gross Profit": 477,
        "Operating Income": 69,
        "EBIT": 88,
        "Net Income": 43
    },
    "2018-12-31": {
        "Diluted EPS": -0.32,
        "Total Revenue": 683,
        "Gross Profit": 521,
        "Operating Income": 18,
        "EBIT": 39,
        "Net Income": -18
    },
    "2018-09-30": {
        "Diluted EPS": 0.94,
        "Total Revenue": 675,
        "Gross Profit": 518,
        "Operating Income": 81,
        "EBIT": 103,
        "Net Income": 53
    },
    "2018-06-30": {
        "Diluted EPS": 0.9,
        "Total Revenue": 704,
        "Gross Profit": 536,
        "Operating Income": 83,
        "EBIT": 104,
        "Net Income": 51
    },
    "2018-03-31": {
        "Diluted EPS": 0.64,
        "Total Revenue": 616,
        "Gross Profit": 470,
        "Operating Income": 59,
        "EBIT": 78,
        "Net Income": 36
    },
    "2017-12-31": {
        "Diluted EPS": 0.32,
        "Total Revenue": 666,
        "Gross Profit": 518,
        "Operating Income": 99,
        "EBIT": 118,
        "Net Income": 18
    },
    "2017-09-30": {
        "Diluted EPS": 0.76,
        "Total Revenue": 564,
        "Gross Profit": 443,
        "Operating Income": 64,
        "EBIT": 82,
        "Net Income": 42
    },
    "2017-06-30": {
        "Diluted EPS": 0.77,
        "Total Revenue": 550,
        "Gross Profit": 429,
        "Operating Income": 65,
        "EBIT": 82,
        "Net Income": 42
    },
    "2017-03-31": {
        "Diluted EPS": 0.51,
        "Total Revenue": 499,
        "Gross Profit": 388,
        "Operating Income": 46,
        "EBIT": 64,
        "Net Income": 27
    },
    "2016-12-31": {
        "Diluted EPS": 0.72,
        "Total Revenue": 531,
        "Gross Profit": 423,
        "Operating Income": 61,
        "EBIT": 80,
        "Net Income": 38
    },
    "2016-09-30": {
        "Diluted EPS": 0.98,
        "Total Revenue": 604,
        "Gross Profit": 478,
        "Operating Income": 82,
        "EBIT": 101,
        "Net Income": 57
    },
    "2016-06-30": {
        "Diluted EPS": 0.79,
        "Total Revenue": 600,
        "Gross Profit": 472,
        "Operating Income": 80,
        "EBIT": 98,
        "Net Income": 45
    },
    "2016-03-31": {
        "Diluted EPS": 0.06,
        "Total Revenue": 472,
        "Gross Profit": 334,
        "Operating Income": 8,
        "EBIT": 25,
        "Net Income": 3
    },
    "2015-12-31": {
        "Diluted EPS": 0.62,
        "Total Revenue": 572,
        "Gross Profit": 451,
        "Operating Income": 62,
        "EBIT": 81,
        "Net Income": 36
    },
    "2015-09-30": {
        "Diluted EPS": 0.28,
        "Total Revenue": 571,
        "Gross Profit": 419,
        "Operating Income": 43,
        "EBIT": 61,
        "Net Income": 16
    },
    "2015-06-30": {
        "Diluted EPS": 0.75,
        "Total Revenue": 560,
        "Gross Profit": 450,
        "Operating Income": 72,
        "EBIT": 89,
        "Net Income": 45
    },
    "2015-03-31": {
        "Diluted EPS": 0.6,
        "Total Revenue": 543,
        "Gross Profit": 438,
        "Operating Income": 69,
        "EBIT": 85,
        "Net Income": 36
    },
    "2014-12-31": {
        "Diluted EPS": 0.77,
        "Total Revenue": 610,
        "Gross Profit": 503,
        "Operating Income": 91,
        "EBIT": 107,
        "Net Income": 47
    },
    "2014-09-30": {
        "Diluted EPS": 1.12,
        "Total Revenue": 639,
        "Gross Profit": 530,
        "Operating Income": 105,
        "EBIT": 119,
        "Net Income": 68
    },
    "2014-06-30": {
        "Diluted EPS": 0.32,
        "Total Revenue": 650,
        "Gross Profit": 494,
        "Operating Income": 55,
        "EBIT": 67,
        "Net Income": 20
    },
    "2014-03-31": {
        "Diluted EPS": 0.9,
        "Total Revenue": 671,
        "Gross Profit": 564,
        "Operating Income": 101,
        "EBIT": 113,
        "Net Income": 55
    },
    "2013-12-31": {
        "Diluted EPS": 2.02,
        "Total Revenue": NaN,
        "Gross Profit": 891,
        "Operating Income": 189,
        "EBIT": 199,
        "Net Income": 125
    },
    "2013-09-30": {
        "Diluted EPS": 1.8,
        "Total Revenue": 908,
        "Gross Profit": 768,
        "Operating Income": 168,
        "EBIT": 177,
        "Net Income": 111
    },
    "2013-06-30": {
        "Diluted EPS": 1.22,
        "Total Revenue": 671,
        "Gross Profit": 560,
        "Operating Income": 115,
        "EBIT": 122,
        "Net Income": 74
    },
    "2013-03-31": {
        "Diluted EPS": 0.9,
        "Total Revenue": 541,
        "Gross Profit": 451,
        "Operating Income": 83,
        "EBIT": 90,
        "Net Income": 54
    },
    "2012-12-31": {
        "Diluted EPS": 0.97,
        "Total Revenue": 551,
        "Gross Profit": 456,
        "Operating Income": 89,
        "EBIT": 97,
        "Net Income": 59
    },
    "2012-09-30": {
        "Diluted EPS": 0.87,
        "Total Revenue": 526,
        "Gross Profit": 439,
        "Operating Income": 82,
        "EBIT": 91,
        "Net Income": 54
    },
    "2012-06-30": {
        "Diluted EPS": 0.94,
        "Total Revenue": 593,
        "Gross Profit": 498,
        "Operating Income": 98,
        "EBIT": 106,
        "Net Income": 60
    },
    "2012-03-31": {
        "Diluted EPS": 0.74,
        "Total Revenue": 462,
        "Gross Profit": 386,
        "Operating Income": 72,
        "EBIT": 80,
        "Net Income": 48
    },
    "2011-12-31": {
        "Diluted EPS": 0.77,
        "Total Revenue": 471,
        "Gross Profit": 391,
        "Operating Income": 76,
        "EBIT": 84,
        "Net Income": 50
    },
    "2011-09-30": {
        "Diluted EPS": 0.72,
        "Total Revenue": 428,
        "Gross Profit": 358,
        "Operating Income": 67,
        "EBIT": 75,
        "Net Income": 47
    },
    "2011-06-30": {
        "Diluted EPS": 0.65,
        "Total Revenue": 424,
        "Gross Profit": 353,
        "Operating Income": 66,
        "EBIT": 74,
        "Net Income": 42
    },
    "2011-03-31": {
        "Diluted EPS": 0.24,
        "Total Revenue": 396,
        "Gross Profit": 295,
        "Operating Income": 25,
        "EBIT": 33,
        "Net Income": 15
    },
    "2010-12-31": {
        "Diluted EPS": 0.58,
        "Total Revenue": 401,
        "Gross Profit": 330,
        "Operating Income": 59,
        "EBIT": 66,
        "Net Income": 37
    },
    "2010-09-30": {
        "Diluted EPS": 0.55,
        "Total Revenue": 384,
        "Gross Profit": 315,
        "Operating Income": 53,
        "EBIT": 60,
        "Net Income": 35
    },
    "2010-06-30": {
        "Diluted EPS": 0.5,
        "Total Revenue": 388,
        "Gross Profit": 320,
        "Operating Income": 59,
        "EBIT": 67,
        "Net Income": 32
    },
    "2010-03-31": {
        "Diluted EPS": 0.48,
        "Total Revenue": 364,
        "Gross Profit": 299,
        "Operating Income": 46,
        "EBIT": 53,
        "Net Income": 31
    },
    "2009-12-31": {
        "Diluted EPS": 0.46,
        "Total Revenue": 378,
        "Gross Profit": 311,
        "Operating Income": 52,
        "EBIT": 59,
        "Net Income": 30
    },
    "2009-09-30": {
        "Diluted EPS": 0.4,
        "Total Revenue": 334,
        "Gross Profit": 272,
        "Operating Income": 41,
        "EBIT": 48,
        "Net Income": 26
    },
    "2009-06-30": {
        "Diluted EPS": 0.35,
        "Total Revenue": 323,
        "Gross Profit": 262,
        "Operating Income": 34,
        "EBIT": 42,
        "Net Income": 22
    },
    "2009-03-31": {
        "Diluted EPS": 0.19,
        "Total Revenue": 296,
        "Gross Profit": 242,
        "Operating Income": 20,
        "EBIT": 28,
        "Net Income": 12
    },
    "2023-09-30": {
        "Tax Effect Of Unusual Items": 0.0,
        "Tax Rate For Calcs": 0.21,
        "Normalized EBITDA": -8724000.0,
        "Total Unusual Items": 0.0,
        "Total Unusual Items Excluding Goodwill": 0.0,
        "Net Income From Continuing Operation Net Minority Interest": -36955000.0,
        "Reconciled Depreciation": 18192000.0,
        "Reconciled Cost Of Revenue": 206505000.0,
        "EBITDA": -8724000.0,
        "EBIT": -26916000.0,
        "Net Interest Income": -7535000.0,
        "Interest Expense": 7535000.0,
        "Normalized Income": -36955000.0,
        "Net Income From Continuing And Discontinued Operation": -36955000.0,
        "Total Expenses": 525137000.0,
        "Total Operating Income As Reported": -26365000.0,
        "Diluted Average Shares": 49859000.0,
        "Basic Average Shares": 49859000.0,
        "Diluted EPS": -0.74,
        "Basic EPS": -0.74,
        "Diluted NI Availto Com Stockholders": -36955000.0,
        "Net Income Common Stockholders": -36955000.0,
        "Net Income": -36955000.0,
        "Net Income Including Noncontrolling Interests": -36955000.0,
        "Net Income Continuous Operations": -36955000.0,
        "Tax Provision": 2504000.0,
        "Pretax Income": -34451000.0,
        "Other Income Expense": -551000.0,
        "Other Non Operating Income Expenses": -551000.0,
        "Special Income Charges": 0.0,
        "Restructuring And Mergern Acquisition": 0.0,
        "Net Non Operating Interest Income Expense": -7535000.0,
        "Interest Expense Non Operating": 7535000.0,
        "Operating Income": -26365000.0,
        "Operating Expense": 318632000.0,
        "Selling General And Administration": 318632000.0,
        "Selling And Marketing Expense": 187750000.0,
        "General And Administrative Expense": 130882000.0,
        "Other Gand A": 130882000.0,
        "Gross Profit": 292267000.0,
        "Cost Of Revenue": 206505000.0,
        "Total Revenue": 498772000.0,
        "Operating Revenue": 498772000.0
    },
    "2023-12-31": {
        "Tax Effect Of Unusual Items": -2194054.245283,
        "Tax Rate For Calcs": 0.21934,
        "Normalized EBITDA": 54653000.0,
        "Total Unusual Items": -10003000.0,
        "Total Unusual Items Excluding Goodwill": -10003000.0,
        "Net Income From Continuing Operation Net Minority Interest": 7282000.0,
        "Reconciled Depreciation": 18584000.0,
        "Reconciled Cost Of Revenue": 136215000.0,
        "EBITDA": 44650000.0,
        "EBIT": 26066000.0,
        "Net Interest Income": NaN,
        "Interest Expense": NaN,
        "Normalized Income": 15090945.754717,
        "Net Income From Continuing And Discontinued Operation": 7282000.0,
        "Total Expenses": 462574000.0,
        "Total Operating Income As Reported": 16063000.0,
        "Diluted Average Shares": 49479000.0,
        "Basic Average Shares": 49411000.0,
        "Diluted EPS": 0.15,
        "Basic EPS": 0.15,
        "Diluted NI Availto Com Stockholders": 7282000.0,
        "Net Income Common Stockholders": 7282000.0,
        "Net Income": 7282000.0,
        "Net Income Including Noncontrolling Interests": 7282000.0,
        "Net Income Continuous Operations": 7282000.0,
        "Tax Provision": 2046000.0,
        "Pretax Income": 9328000.0,
        "Other Income Expense": -16738000.0,
        "Other Non Operating Income Expenses": -6735000.0,
        "Special Income Charges": -10003000.0,
        "Restructuring And Mergern Acquisition": 10003000.0,
        "Net Non Operating Interest Income Expense": NaN,
        "Interest Expense Non Operating": NaN,
        "Operating Income": 26066000.0,
        "Operating Expense": 326359000.0,
        "Selling General And Administration": 326359000.0,
        "Selling And Marketing Expense": 181326000.0,
        "General And Administrative Expense": 145033000.0,
        "Other Gand A": 145033000.0,
        "Gross Profit": 352425000.0,
        "Cost Of Revenue": 136215000.0,
        "Total Revenue": 488640000.0,
        "Operating Revenue": 488640000.0
    },
    "2024-03-31": {
        "Tax Effect Of Unusual Items": -1498140.0,
        "Tax Rate For Calcs": 0.21,
        "Normalized EBITDA": 33997000.0,
        "Total Unusual Items": -7134000.0,
        "Total Unusual Items Excluding Goodwill": -7134000.0,
        "Net Income From Continuing Operation Net Minority Interest": -533000.0,
        "Reconciled Depreciation": 18437000.0,
        "Reconciled Cost Of Revenue": 123242000.0,
        "EBITDA": 26863000.0,
        "EBIT": 8426000.0,
        "Net Interest Income": -7325000.0,
        "Interest Expense": 7325000.0,
        "Normalized Income": 5102860.0,
        "Net Income From Continuing And Discontinued Operation": -533000.0,
        "Total Expenses": 401350000.0,
        "Total Operating Income As Reported": 8822000.0,
        "Diluted Average Shares": 49538000.0,
        "Basic Average Shares": 49538000.0,
        "Diluted EPS": -0.01,
        "Basic EPS": -0.01,
        "Diluted NI Availto Com Stockholders": -533000.0,
        "Net Income Common Stockholders": -533000.0,
        "Net Income": -533000.0,
        "Net Income Including Noncontrolling Interests": -533000.0,
        "Net Income Continuous Operations": -533000.0,
        "Tax Provision": 1634000.0,
        "Pretax Income": 1101000.0,
        "Other Income Expense": -7530000.0,
        "Other Non Operating Income Expenses": -396000.0,
        "Special Income Charges": -7134000.0,
        "Restructuring And Mergern Acquisition": 7134000.0,
        "Net Non Operating Interest Income Expense": -7325000.0,
        "Interest Expense Non Operating": 7325000.0,
        "Operating Income": 15956000.0,
        "Operating Expense": 278108000.0,
        "Selling General And Administration": 278108000.0,
        "Selling And Marketing Expense": 153542000.0,
        "General And Administrative Expense": 124566000.0,
        "Other Gand A": 124566000.0,
        "Gross Profit": 294064000.0,
        "Cost Of Revenue": 123242000.0,
        "Total Revenue": 417306000.0,
        "Operating Revenue": 417306000.0
    },
    "2024-06-30": {
        "Tax Effect Of Unusual Items": -15233700.0,
        "Tax Rate For Calcs": 0.102,
        "Normalized EBITDA": 42025000.0,
        "Total Unusual Items": -149350000.0,
        "Total Unusual Items Excluding Goodwill": -149350000.0,
        "Net Income From Continuing Operation Net Minority Interest": -118258000.0,
        "Reconciled Depreciation": 17603000.0,
        "Reconciled Cost Of Revenue": 131904000.0,
        "EBITDA": -107325000.0,
        "EBIT": -124928000.0,
        "Net Interest Income": -6720000.0,
        "Interest Expense": 6720000.0,
        "Normalized Income": 15858300.0,
        "Net Income From Continuing And Discontinued Operation": -118258000.0,
        "Total Expenses": 415288000.0,
        "Total Operating Income As Reported": -125557000.0,
        "Diluted Average Shares": 49688000.0,
        "Basic Average Shares": 49688000.0,
        "Diluted EPS": -2.38,
        "Basic EPS": -2.38,
        "Diluted NI Availto Com Stockholders": -118258000.0,
        "Net Income Common Stockholders": -118258000.0,
        "Net Income": -118258000.0,
        "Net Income Including Noncontrolling Interests": -118258000.0,
        "Net Income Continuous Operations": -118258000.0,
        "Tax Provision": -13390000.0,
        "Pretax Income": -131648000.0,
        "Other Income Expense": -148721000.0,
        "Other Non Operating Income Expenses": 629000.0,
        "Special Income Charges": -149350000.0,
        "Restructuring And Mergern Acquisition": 149350000.0,
        "Net Non Operating Interest Income Expense": -6720000.0,
        "Interest Expense Non Operating": 6720000.0,
        "Operating Income": 23793000.0,
        "Operating Expense": 283384000.0,
        "Selling General And Administration": 283384000.0,
        "Selling And Marketing Expense": 165463000.0,
        "General And Administrative Expense": 117921000.0,
        "Other Gand A": 117921000.0,
        "Gross Profit": 307177000.0,
        "Cost Of Revenue": 131904000.0,
        "Total Revenue": 439081000.0,
        "Operating Revenue": 439081000.0
    },
    "2024-09-30": {
        "Tax Effect Of Unusual Items": 0.0,
        "Tax Rate For Calcs": 0.375696,
        "Normalized EBITDA": 37119000.0,
        "Total Unusual Items": 0.0,
        "Total Unusual Items Excluding Goodwill": 0.0,
        "Net Income From Continuing Operation Net Minority Interest": 8302000.0,
        "Reconciled Depreciation": 17321000.0,
        "Reconciled Cost Of Revenue": 128682000.0,
        "EBITDA": 37119000.0,
        "EBIT": 19798000.0,
        "Net Interest Income": -6500000.0,
        "Interest Expense": 6500000.0,
        "Normalized Income": 8302000.0,
        "Net Income From Continuing And Discontinued Operation": 8302000.0,
        "Total Expenses": 411914000.0,
        "Total Operating Income As Reported": 18231000.0,
        "Diluted Average Shares": 49733000.0,
        "Basic Average Shares": 49707000.0,
        "Diluted EPS": 0.17,
        "Basic EPS": 0.17,
        "Diluted NI Availto Com Stockholders": 8302000.0,
        "Net Income Common Stockholders": 8302000.0,
        "Net Income": 8302000.0,
        "Net Income Including Noncontrolling Interests": 8302000.0,
        "Net Income Continuous Operations": 8302000.0,
        "Tax Provision": 4996000.0,
        "Pretax Income": 13298000.0,
        "Other Income Expense": 1567000.0,
        "Other Non Operating Income Expenses": 1567000.0,
        "Special Income Charges": 0.0,
        "Restructuring And Mergern Acquisition": 0.0,
        "Net Non Operating Interest Income Expense": -6500000.0,
        "Interest Expense Non Operating": 6500000.0,
        "Operating Income": 18231000.0,
        "Operating Expense": 283232000.0,
        "Selling General And Administration": 283232000.0,
        "Selling And Marketing Expense": 167612000.0,
        "General And Administrative Expense": 115620000.0,
        "Other Gand A": 115620000.0,
        "Gross Profit": 301463000.0,
        "Cost Of Revenue": 128682000.0,
        "Total Revenue": 430145000.0,
        "Operating Revenue": 430145000.0
    }
}