{
    "2023-03-31": {
        "Tax Effect Of Unusual Items": -1845600.0,
        "Tax Rate For Calcs": 0.4,
        "Normalized EBITDA": 42639000.0,
        "Total Unusual Items": -4614000.0,
        "Total Unusual Items Excluding Goodwill": -4614000.0,
        "Net Income From Continuing Operation Net Minority Interest": -1013000.0,
        "Reconciled Depreciation": 33467000.0,
        "Reconciled Cost Of Revenue": 61699000.0,
        "EBIT": 4558000.0,
        "Net Interest Income": -2550000.0,
        "Interest Expense": 4378000.0,
        "Interest Income": 1828000.0,
        "Normalized Income": 1755400.0,
        "Net Income From Continuing And Discontinued Operation": -1013000.0,
        "Total Expenses": 295931000.0,
        "Diluted Average Shares": 52242000.0,
        "Basic Average Shares": 52242000.0,
        "Diluted EPS": -0.02,
        "Basic EPS": -0.02,
        "Diluted NI Availto Com Stockholders": -1013000.0,
        "Average Dilution Earnings": 0.0,
        "Net Income Common Stockholders": -1013000.0,
        "Net Income": -1013000.0,
        "Net Income Including Noncontrolling Interests": -1013000.0,
        "Net Income Continuous Operations": -1013000.0,
        "Tax Provision": 1193000.0,
        "Pretax Income": 180000.0,
        "Other Income Expense": -9050000.0,
        "Other Non Operating Income Expenses": -4436000.0,
        "Special Income Charges": -4614000.0,
        "Restructuring And Mergern Acquisition": 4614000.0,
        "Net Non Operating Interest Income Expense": -2550000.0,
        "Interest Expense Non Operating": 4378000.0,
        "Interest Income Non Operating": 1828000.0,
        "Operating Income": 11780000.0,
        "Operating Expense": 209561000.0,
        "Depreciation Amortization Depletion Income Statement": 8796000.0,
        "Depreciation And Amortization In Income Statement": 8796000.0,
        "Amortization": 8796000.0,
        "Amortization Of Intangibles Income Statement": 8796000.0,
        "Research And Development": 24573000.0,
        "Selling General And Administration": 176192000.0,
        "Gross Profit": 221341000.0,
        "Cost Of Revenue": 86370000.0,
        "Total Revenue": 307711000.0,
        "Operating Revenue": 307711000.0
    },
    "2022-12-31": {
        "Tax Effect Of Unusual Items": 797792.224028,
        "Tax Rate For Calcs": 0.247531,
        "Normalized EBITDA": 44663000.0,
        "Total Unusual Items": 3223000.0,
        "Total Unusual Items Excluding Goodwill": 3223000.0,
        "Net Income From Continuing Operation Net Minority Interest": 24076000.0,
        "Reconciled Depreciation": 11550000.0,
        "Reconciled Cost Of Revenue": 90780000.0,
        "EBIT": 36336000.0,
        "Net Interest Income": -2706000.0,
        "Interest Expense": 4340000.0,
        "Interest Income": 1634000.0,
        "Normalized Income": 21650792.224028,
        "Net Income From Continuing And Discontinued Operation": 24076000.0,
        "Total Expenses": 287030000.0,
        "Diluted Average Shares": 71900000.0,
        "Basic Average Shares": 52114000.0,
        "Diluted EPS": 0.42,
        "Basic EPS": 0.46,
        "Diluted NI Availto Com Stockholders": 24076000.0,
        "Average Dilution Earnings": 3283000.0,
        "Net Income Common Stockholders": 24076000.0,
        "Net Income": 24076000.0,
        "Net Income Including Noncontrolling Interests": 24076000.0,
        "Net Income Continuous Operations": 24076000.0,
        "Tax Provision": 7920000.0,
        "Pretax Income": 31996000.0,
        "Other Income Expense": 16283000.0,
        "Other Non Operating Income Expenses": 13060000.0,
        "Special Income Charges": 3223000.0,
        "Restructuring And Mergern Acquisition": -3223000.0,
        "Net Non Operating Interest Income Expense": -2706000.0,
        "Interest Expense Non Operating": 4340000.0,
        "Interest Income Non Operating": 1634000.0,
        "Operating Income": 18419000.0,
        "Operating Expense": 196250000.0,
        "Depreciation Amortization Depletion Income Statement": 11550000.0,
        "Depreciation And Amortization In Income Statement": 11550000.0,
        "Amortization": 11550000.0,
        "Amortization Of Intangibles Income Statement": 11550000.0,
        "Research And Development": 25587000.0,
        "Selling General And Administration": 159113000.0,
        "Gross Profit": 214669000.0,
        "Cost Of Revenue": 90780000.0,
        "Total Revenue": 305449000.0,
        "Operating Revenue": 305449000.0
    },
    "2022-09-30": {
        "Tax Effect Of Unusual Items": -843300.0,
        "Tax Rate For Calcs": 0.3,
        "Normalized EBITDA": 41262000.0,
        "Total Unusual Items": -2811000.0,
        "Total Unusual Items Excluding Goodwill": -2811000.0,
        "Net Income From Continuing Operation Net Minority Interest": -1977000.0,
        "Reconciled Depreciation": 36915000.0,
        "Reconciled Cost Of Revenue": 56114000.0,
        "EBIT": 1536000.0,
        "Net Interest Income": -3532000.0,
        "Interest Expense": 4352000.0,
        "Interest Income": 820000.0,
        "Normalized Income": -9300.0,
        "Net Income From Continuing And Discontinued Operation": -1977000.0,
        "Total Expenses": 270700000.0,
        "Diluted Average Shares": 52067000.0,
        "Basic Average Shares": 52067000.0,
        "Diluted EPS": -0.04,
        "Basic EPS": -0.04,
        "Diluted NI Availto Com Stockholders": -1977000.0,
        "Average Dilution Earnings": 0.0,
        "Net Income Common Stockholders": -1977000.0,
        "Net Income": -1977000.0,
        "Net Income Including Noncontrolling Interests": -1977000.0,
        "Net Income Continuous Operations": -1977000.0,
        "Tax Provision": -839000.0,
        "Pretax Income": -2816000.0,
        "Other Income Expense": -23864000.0,
        "Other Non Operating Income Expenses": -21053000.0,
        "Special Income Charges": -2811000.0,
        "Restructuring And Mergern Acquisition": 2811000.0,
        "Net Non Operating Interest Income Expense": -3532000.0,
        "Interest Expense Non Operating": 4352000.0,
        "Interest Income Non Operating": 820000.0,
        "Operating Income": 24580000.0,
        "Operating Expense": 189828000.0,
        "Depreciation Amortization Depletion Income Statement": 12157000.0,
        "Depreciation And Amortization In Income Statement": 12157000.0,
        "Amortization": 12157000.0,
        "Amortization Of Intangibles Income Statement": 12157000.0,
        "Research And Development": 23666000.0,
        "Selling General And Administration": 154005000.0,
        "Gross Profit": 214408000.0,
        "Cost Of Revenue": 80872000.0,
        "Total Revenue": 295280000.0,
        "Operating Revenue": 295280000.0
    },
    "2022-06-30": {
        "Tax Effect Of Unusual Items": 3049600.0,
        "Tax Rate For Calcs": 0.4,
        "Normalized EBITDA": 32512000.0,
        "Total Unusual Items": 7624000.0,
        "Total Unusual Items Excluding Goodwill": 7624000.0,
        "Net Income From Continuing Operation Net Minority Interest": -893000.0,
        "Reconciled Depreciation": 36484000.0,
        "Reconciled Cost Of Revenue": 61911000.0,
        "EBIT": 3652000.0,
        "Net Interest Income": -4090000.0,
        "Interest Expense": 4352000.0,
        "Interest Income": 262000.0,
        "Normalized Income": -5467400.0,
        "Net Income From Continuing And Discontinued Operation": -893000.0,
        "Total Expenses": 285004000.0,
        "Diluted Average Shares": 52022000.0,
        "Basic Average Shares": 52022000.0,
        "Diluted EPS": -0.02,
        "Basic EPS": -0.02,
        "Diluted NI Availto Com Stockholders": -893000.0,
        "Average Dilution Earnings": 0.0,
        "Net Income Common Stockholders": -893000.0,
        "Net Income": -893000.0,
        "Net Income Including Noncontrolling Interests": -893000.0,
        "Net Income Continuous Operations": -893000.0,
        "Tax Provision": 193000.0,
        "Pretax Income": -700000.0,
        "Other Income Expense": -22057000.0,
        "Other Non Operating Income Expenses": -29681000.0,
        "Special Income Charges": 7624000.0,
        "Restructuring And Mergern Acquisition": -7624000.0,
        "Net Non Operating Interest Income Expense": -4090000.0,
        "Interest Expense Non Operating": 4352000.0,
        "Interest Income Non Operating": 262000.0,
        "Operating Income": 25447000.0,
        "Operating Expense": 199246000.0,
        "Depreciation Amortization Depletion Income Statement": 12637000.0,
        "Depreciation And Amortization In Income Statement": 12637000.0,
        "Amortization": 12637000.0,
        "Amortization Of Intangibles Income Statement": 12637000.0,
        "Research And Development": 25913000.0,
        "Selling General And Administration": 160696000.0,
        "Gross Profit": 224693000.0,
        "Cost Of Revenue": 85758000.0,
        "Total Revenue": 310451000.0,
        "Operating Revenue": 310451000.0
    },
    "2023-06-30": {
        "Tax Effect Of Unusual Items": -3924800.0,
        "Tax Rate For Calcs": 0.4,
        "Normalized EBITDA": 61224000.0,
        "Total Unusual Items": -9812000.0,
        "Total Unusual Items Excluding Goodwill": -9812000.0,
        "Net Income From Continuing Operation Net Minority Interest": 7364000.0,
        "Reconciled Depreciation": 32918000.0,
        "Reconciled Cost Of Revenue": 64578000.0,
        "EBIT": 18494000.0,
        "Net Interest Income": -4653000.0,
        "Interest Expense": 6008000.0,
        "Interest Income": 1355000.0,
        "Normalized Income": 13251200.0,
        "Net Income From Continuing And Discontinued Operation": 7364000.0,
        "Total Expenses": 290009000.0,
        "Diluted Average Shares": 52907000.0,
        "Basic Average Shares": 52418000.0,
        "Diluted EPS": 0.14,
        "Basic EPS": 0.14,
        "Diluted NI Availto Com Stockholders": 7364000.0,
        "Average Dilution Earnings": 0.0,
        "Net Income Common Stockholders": 7364000.0,
        "Net Income": 7364000.0,
        "Net Income Including Noncontrolling Interests": 7364000.0,
        "Net Income Continuous Operations": 7364000.0,
        "Tax Provision": 5122000.0,
        "Pretax Income": 12486000.0,
        "Other Income Expense": -10638000.0,
        "Other Non Operating Income Expenses": -826000.0,
        "Special Income Charges": -9812000.0,
        "Restructuring And Mergern Acquisition": 9812000.0,
        "Net Non Operating Interest Income Expense": -4653000.0,
        "Interest Expense Non Operating": 6008000.0,
        "Interest Income Non Operating": 1355000.0,
        "Operating Income": 27777000.0,
        "Operating Expense": 200534000.0,
        "Depreciation Amortization Depletion Income Statement": 8021000.0,
        "Depreciation And Amortization In Income Statement": 8021000.0,
        "Amortization": 8021000.0,
        "Amortization Of Intangibles Income Statement": 8021000.0,
        "Research And Development": 28654000.0,
        "Selling General And Administration": 163859000.0,
        "Gross Profit": 228311000.0,
        "Cost Of Revenue": 89475000.0,
        "Total Revenue": 317786000.0,
        "Operating Revenue": 317786000.0
    },
    "2022-03-31": {
        "Diluted EPS": 0.35,
        "Total Revenue": 291,
        "Gross Profit": 212,
        "Operating Income": 12,
        "EBIT": 51,
        "Net Income": 19
    },
    "2021-12-31": {
        "Diluted EPS": -0.7,
        "Total Revenue": 302,
        "Gross Profit": 219,
        "Operating Income": -28,
        "EBIT": 11,
        "Net Income": -37
    },
    "2021-09-30": {
        "Diluted EPS": -0.42,
        "Total Revenue": 271,
        "Gross Profit": 182,
        "Operating Income": -7,
        "EBIT": 33,
        "Net Income": -22
    },
    "2021-06-30": {
        "Diluted EPS": 0.03,
        "Total Revenue": 295,
        "Gross Profit": 217,
        "Operating Income": 11,
        "EBIT": 50,
        "Net Income": 2
    },
    "2021-03-31": {
        "Diluted EPS": -0.15,
        "Total Revenue": 271,
        "Gross Profit": 199,
        "Operating Income": 12,
        "EBIT": 51,
        "Net Income": -8
    },
    "2020-12-31": {
        "Diluted EPS": 0.05,
        "Total Revenue": 292,
        "Gross Profit": 207,
        "Operating Income": 20,
        "EBIT": 70,
        "Net Income": 2
    },
    "2020-09-30": {
        "Diluted EPS": 0.11,
        "Total Revenue": 295,
        "Gross Profit": 211,
        "Operating Income": 27,
        "EBIT": 78,
        "Net Income": 6
    },
    "2020-06-30": {
        "Diluted EPS": -0.98,
        "Total Revenue": 204,
        "Gross Profit": 123,
        "Operating Income": -37,
        "EBIT": 9,
        "Net Income": -50
    },
    "2020-03-31": {
        "Diluted EPS": 0.1,
        "Total Revenue": 260,
        "Gross Profit": 188,
        "Operating Income": 28,
        "EBIT": 70,
        "Net Income": 5
    },
    "2019-12-31": {
        "Diluted EPS": 0.55,
        "Total Revenue": 310,
        "Gross Profit": 227,
        "Operating Income": 42,
        "EBIT": 82,
        "Net Income": 30
    },
    "2019-09-30": {
        "Diluted EPS": 0.21,
        "Total Revenue": 291,
        "Gross Profit": 214,
        "Operating Income": 31,
        "EBIT": 70,
        "Net Income": 11
    },
    "2019-06-30": {
        "Diluted EPS": 0.29,
        "Total Revenue": 292,
        "Gross Profit": 215,
        "Operating Income": 30,
        "EBIT": 69,
        "Net Income": 15
    },
    "2019-03-31": {
        "Diluted EPS": 0.18,
        "Total Revenue": 275,
        "Gross Profit": 200,
        "Operating Income": 20,
        "EBIT": 59,
        "Net Income": 9
    },
    "2018-12-31": {
        "Diluted EPS": 0.25,
        "Total Revenue": 288,
        "Gross Profit": 202,
        "Operating Income": 26,
        "EBIT": 64,
        "Net Income": 12
    },
    "2018-09-30": {
        "Diluted EPS": 0.3,
        "Total Revenue": 271,
        "Gross Profit": 197,
        "Operating Income": 18,
        "EBIT": 55,
        "Net Income": 16
    },
    "2018-06-30": {
        "Diluted EPS": 0.22,
        "Total Revenue": 282,
        "Gross Profit": 205,
        "Operating Income": 29,
        "EBIT": 66,
        "Net Income": 12
    },
    "2018-03-31": {
        "Diluted EPS": -0.53,
        "Total Revenue": 261,
        "Gross Profit": 187,
        "Operating Income": -18,
        "EBIT": 19,
        "Net Income": -27
    },
    "2017-12-31": {
        "Diluted EPS": 0.41,
        "Total Revenue": 271,
        "Gross Profit": 196,
        "Operating Income": 29,
        "EBIT": 67,
        "Net Income": 23
    },
    "2017-09-30": {
        "Diluted EPS": 0.64,
        "Total Revenue": 247,
        "Gross Profit": 182,
        "Operating Income": 30,
        "EBIT": 65,
        "Net Income": 34
    },
    "2017-06-30": {
        "Diluted EPS": 0.21,
        "Total Revenue": 259,
        "Gross Profit": 193,
        "Operating Income": 29,
        "EBIT": 64,
        "Net Income": 12
    },
    "2017-03-31": {
        "Diluted EPS": 0.22,
        "Total Revenue": 249,
        "Gross Profit": 188,
        "Operating Income": 23,
        "EBIT": 58,
        "Net Income": 12
    },
    "2016-12-31": {
        "Diluted EPS": 0.12,
        "Total Revenue": 271,
        "Gross Profit": 204,
        "Operating Income": 30,
        "EBIT": 65,
        "Net Income": 6
    },
    "2016-09-30": {
        "Diluted EPS": 0.07,
        "Total Revenue": 240,
        "Gross Profit": 180,
        "Operating Income": 21,
        "EBIT": 55,
        "Net Income": 4
    },
    "2016-06-30": {
        "Diluted EPS": 0.57,
        "Total Revenue": 236,
        "Gross Profit": 176,
        "Operating Income": 60,
        "EBIT": 91,
        "Net Income": 30
    },
    "2016-03-31": {
        "Diluted EPS": -0.07,
        "Total Revenue": 215,
        "Gross Profit": 161,
        "Operating Income": 12,
        "EBIT": 39,
        "Net Income": -3
    },
    "2015-12-31": {
        "Diluted EPS": 0.21,
        "Total Revenue": 215,
        "Gross Profit": 164,
        "Operating Income": 30,
        "EBIT": 51,
        "Net Income": 12
    },
    "2015-09-30": {
        "Diluted EPS": 0.24,
        "Total Revenue": 201,
        "Gross Profit": 151,
        "Operating Income": 28,
        "EBIT": 49,
        "Net Income": 13
    },
    "2015-06-30": {
        "Diluted EPS": 0.2,
        "Total Revenue": 203,
        "Gross Profit": 154,
        "Operating Income": 26,
        "EBIT": 47,
        "Net Income": 10
    },
    "2015-03-31": {
        "Diluted EPS": 0.61,
        "Total Revenue": 192,
        "Gross Profit": 147,
        "Operating Income": 56,
        "EBIT": 76,
        "Net Income": 32
    },
    "2014-12-31": {
        "Diluted EPS": 0.17,
        "Total Revenue": 204,
        "Gross Profit": 158,
        "Operating Income": 25,
        "EBIT": 48,
        "Net Income": 7
    },
    "2014-09-30": {
        "Diluted EPS": -0.04,
        "Total Revenue": 190,
        "Gross Profit": 142,
        "Operating Income": 16,
        "EBIT": 36,
        "Net Income": -2
    },
    "2014-06-30": {
        "Diluted EPS": -0.09,
        "Total Revenue": 191,
        "Gross Profit": 146,
        "Operating Income": 5,
        "EBIT": 24,
        "Net Income": -4
    },
    "2014-03-31": {
        "Diluted EPS": -0.4,
        "Total Revenue": 177,
        "Gross Profit": 134,
        "Operating Income": -27,
        "EBIT": -8,
        "Net Income": -18
    },
    "2013-12-31": {
        "Diluted EPS": 0.14,
        "Total Revenue": 191,
        "Gross Profit": 141,
        "Operating Income": 15,
        "EBIT": 36,
        "Net Income": 6
    },
    "2013-09-30": {
        "Diluted EPS": 0.16,
        "Total Revenue": 169,
        "Gross Profit": 126,
        "Operating Income": 12,
        "EBIT": 31,
        "Net Income": 8
    },
    "2013-06-30": {
        "Diluted EPS": -0.15,
        "Total Revenue": 166,
        "Gross Profit": 117,
        "Operating Income": 0,
        "EBIT": 20,
        "Net Income": -6
    },
    "2013-03-31": {
        "Diluted EPS": 0.02,
        "Total Revenue": 160,
        "Gross Profit": 120,
        "Operating Income": 6,
        "EBIT": 25,
        "Net Income": 1
    },
    "2012-12-31": {
        "Diluted EPS": -0.06,
        "Total Revenue": 166,
        "Gross Profit": 124,
        "Operating Income": 4,
        "EBIT": 22,
        "Net Income": -3
    },
    "2012-09-30": {
        "Diluted EPS": 0.05,
        "Total Revenue": 148,
        "Gross Profit": 111,
        "Operating Income": 13,
        "EBIT": 29,
        "Net Income": 2
    },
    "2012-06-30": {
        "Diluted EPS": 0.06,
        "Total Revenue": 154,
        "Gross Profit": 118,
        "Operating Income": 13,
        "EBIT": 30,
        "Net Income": 3
    },
    "2012-03-31": {
        "Diluted EPS": 0.02,
        "Total Revenue": 152,
        "Gross Profit": 115,
        "Operating Income": 7,
        "EBIT": 23,
        "Net Income": 1
    },
    "2011-12-31": {
        "Diluted EPS": -0.23,
        "Total Revenue": 150,
        "Gross Profit": 113,
        "Operating Income": -10,
        "EBIT": 4,
        "Net Income": -10
    },
    "2011-09-30": {
        "Diluted EPS": -1.69,
        "Total Revenue": 133,
        "Gross Profit": 107,
        "Operating Income": -91,
        "EBIT": -78,
        "Net Income": -68
    },
    "2011-06-30": {
        "Diluted EPS": 0.13,
        "Total Revenue": 133,
        "Gross Profit": 107,
        "Operating Income": 11,
        "EBIT": 20,
        "Net Income": 5
    },
    "2011-03-31": {
        "Diluted EPS": 0.06,
        "Total Revenue": 124,
        "Gross Profit": 101,
        "Operating Income": 5,
        "EBIT": 13,
        "Net Income": 2
    },
    "2010-12-31": {
        "Diluted EPS": 1.44,
        "Total Revenue": 129,
        "Gross Profit": 106,
        "Operating Income": 11,
        "EBIT": 21,
        "Net Income": 62
    },
    "2010-09-30": {
        "Diluted EPS": 0.21,
        "Total Revenue": 120,
        "Gross Profit": 99,
        "Operating Income": 10,
        "EBIT": 21,
        "Net Income": 9
    },
    "2010-06-30": {
        "Diluted EPS": 0.17,
        "Total Revenue": 120,
        "Gross Profit": 99,
        "Operating Income": 8,
        "EBIT": 17,
        "Net Income": 7
    },
    "2010-03-31": {
        "Diluted EPS": 0.03,
        "Total Revenue": 109,
        "Gross Profit": 90,
        "Operating Income": 3,
        "EBIT": 11,
        "Net Income": 1
    },
    "2009-12-31": {
        "Diluted EPS": 0.07,
        "Total Revenue": 107,
        "Gross Profit": 89,
        "Operating Income": 4,
        "EBIT": 12,
        "Net Income": 2
    },
    "2009-09-30": {
        "Diluted EPS": 0.13,
        "Total Revenue": 95,
        "Gross Profit": 79,
        "Operating Income": 6,
        "EBIT": 16,
        "Net Income": 5
    },
    "2009-06-30": {
        "Diluted EPS": 0.07,
        "Total Revenue": 88,
        "Gross Profit": 74,
        "Operating Income": 4,
        "EBIT": 12,
        "Net Income": 3
    },
    "2009-03-31": {
        "Diluted EPS": -0.12,
        "Total Revenue": 80,
        "Gross Profit": 67,
        "Operating Income": -3,
        "EBIT": 2,
        "Net Income": -4
    }
}