{
    "2023-06-30": {
        "Tax Effect Of Unusual Items": 0.0,
        "Tax Rate For Calcs": 0.4,
        "Normalized EBITDA": -59939000.0,
        "Net Income From Continuing Operation Net Minority Interest": -57418000.0,
        "Reconciled Depreciation": 2721000.0,
        "Reconciled Cost Of Revenue": 34018000.0,
        "EBITDA": -59939000.0,
        "EBIT": -62660000.0,
        "Net Interest Income": 8756000.0,
        "Normalized Income": -57418000.0,
        "Net Income From Continuing And Discontinued Operation": -57418000.0,
        "Total Expenses": 188711000.0,
        "Total Operating Income As Reported": -62660000.0,
        "Diluted Average Shares": 106289073.0,
        "Basic Average Shares": 106289073.0,
        "Diluted EPS": -0.54,
        "Basic EPS": -0.54,
        "Diluted NI Availto Com Stockholders": -57418000.0,
        "Net Income Common Stockholders": -57418000.0,
        "Net Income": -57418000.0,
        "Net Income Including Noncontrolling Interests": -57418000.0,
        "Net Income Continuous Operations": -57418000.0,
        "Tax Provision": 3514000.0,
        "Pretax Income": -53904000.0,
        "Net Non Operating Interest Income Expense": 8756000.0,
        "Total Other Finance Cost": -8756000.0,
        "Operating Income": -62660000.0,
        "Operating Expense": 154693000.0,
        "Research And Development": 55427000.0,
        "Selling General And Administration": 99266000.0,
        "Selling And Marketing Expense": 58488000.0,
        "General And Administrative Expense": 40778000.0,
        "Other Gand A": 40778000.0,
        "Gross Profit": 92033000.0,
        "Cost Of Revenue": 34018000.0,
        "Total Revenue": 126051000.0,
        "Operating Revenue": 126051000.0
    },
    "2023-03-31": {
        "Tax Effect Of Unusual Items": 0.0,
        "Tax Rate For Calcs": 0.21,
        "Normalized EBITDA": -60249000.0,
        "Net Income From Continuing Operation Net Minority Interest": -53061000.0,
        "Reconciled Depreciation": 2722000.0,
        "Reconciled Cost Of Revenue": 29614000.0,
        "EBITDA": -60249000.0,
        "EBIT": -60249000.0,
        "Net Interest Income": 9169000.0,
        "Normalized Income": -53061000.0,
        "Net Income From Continuing And Discontinued Operation": -53061000.0,
        "Total Expenses": 182431000.0,
        "Total Operating Income As Reported": -60249000.0,
        "Diluted Average Shares": 105667072.0,
        "Basic Average Shares": 105667072.0,
        "Diluted EPS": -0.5,
        "Basic EPS": -0.5,
        "Diluted NI Availto Com Stockholders": -53061000.0,
        "Net Income Common Stockholders": -53061000.0,
        "Net Income": -53061000.0,
        "Net Income Including Noncontrolling Interests": -53061000.0,
        "Net Income Continuous Operations": -53061000.0,
        "Tax Provision": 1981000.0,
        "Pretax Income": -51080000.0,
        "Net Non Operating Interest Income Expense": 9169000.0,
        "Total Other Finance Cost": -9169000.0,
        "Operating Income": -60249000.0,
        "Operating Expense": 152817000.0,
        "Research And Development": 59704000.0,
        "Selling General And Administration": 93113000.0,
        "Selling And Marketing Expense": 51169000.0,
        "General And Administrative Expense": 41944000.0,
        "Other Gand A": 41944000.0,
        "Gross Profit": 92568000.0,
        "Cost Of Revenue": 29614000.0,
        "Total Revenue": 122182000.0,
        "Operating Revenue": 122182000.0
    },
    "2022-12-31": {
        "Tax Effect Of Unusual Items": 0.0,
        "Tax Rate For Calcs": 0.21,
        "Normalized EBITDA": -42978000.0,
        "Net Income From Continuing Operation Net Minority Interest": -37303000.0,
        "Reconciled Depreciation": 2700000.0,
        "Reconciled Cost Of Revenue": 28888000.0,
        "EBITDA": -42978000.0,
        "EBIT": -42978000.0,
        "Net Interest Income": 10420000.0,
        "Normalized Income": -37303000.0,
        "Net Income From Continuing And Discontinued Operation": -37303000.0,
        "Total Expenses": 171407000.0,
        "Total Operating Income As Reported": -42978000.0,
        "Diluted Average Shares": 105026945.0,
        "Basic Average Shares": 105026945.0,
        "Diluted EPS": -0.36,
        "Basic EPS": -0.36,
        "Diluted NI Availto Com Stockholders": -37303000.0,
        "Net Income Common Stockholders": -37303000.0,
        "Net Income": -37303000.0,
        "Net Income Including Noncontrolling Interests": -37303000.0,
        "Net Income Continuous Operations": -37303000.0,
        "Tax Provision": 4745000.0,
        "Pretax Income": -32558000.0,
        "Net Non Operating Interest Income Expense": 10420000.0,
        "Total Other Finance Cost": -10420000.0,
        "Operating Income": -42978000.0,
        "Operating Expense": 142519000.0,
        "Research And Development": 54820000.0,
        "Selling General And Administration": 87699000.0,
        "Selling And Marketing Expense": 49629000.0,
        "General And Administrative Expense": 38070000.0,
        "Other Gand A": 38070000.0,
        "Gross Profit": 99541000.0,
        "Cost Of Revenue": 28888000.0,
        "Total Revenue": 128429000.0,
        "Operating Revenue": 128429000.0
    },
    "2022-09-30": {
        "Tax Effect Of Unusual Items": 0.0,
        "Tax Rate For Calcs": 0.4,
        "Normalized EBITDA": -21952000.0,
        "Net Income From Continuing Operation Net Minority Interest": -26576000.0,
        "Reconciled Depreciation": 2659000.0,
        "Reconciled Cost Of Revenue": 29749000.0,
        "EBITDA": -21952000.0,
        "EBIT": -24611000.0,
        "Net Interest Income": 1194000.0,
        "Normalized Income": -26576000.0,
        "Net Income From Continuing And Discontinued Operation": -26576000.0,
        "Total Expenses": 155609000.0,
        "Total Operating Income As Reported": -24611000.0,
        "Diluted Average Shares": 104884583.0,
        "Basic Average Shares": 104884583.0,
        "Diluted EPS": -0.25,
        "Basic EPS": -0.25,
        "Diluted NI Availto Com Stockholders": -26576000.0,
        "Net Income Common Stockholders": -26576000.0,
        "Net Income": -26576000.0,
        "Net Income Including Noncontrolling Interests": -26576000.0,
        "Net Income Continuous Operations": -26576000.0,
        "Tax Provision": 3159000.0,
        "Pretax Income": -23417000.0,
        "Net Non Operating Interest Income Expense": 1194000.0,
        "Total Other Finance Cost": -1194000.0,
        "Operating Income": -24611000.0,
        "Operating Expense": 125860000.0,
        "Research And Development": 51956000.0,
        "Selling General And Administration": 73904000.0,
        "Selling And Marketing Expense": 41395000.0,
        "General And Administrative Expense": 32509000.0,
        "Other Gand A": 32509000.0,
        "Gross Profit": 101249000.0,
        "Cost Of Revenue": 29749000.0,
        "Total Revenue": 130998000.0,
        "Operating Revenue": 130998000.0
    },
    "2022-06-30": {
        "Tax Effect Of Unusual Items": 0.0,
        "Tax Rate For Calcs": 0.4,
        "Normalized EBITDA": -18474000.0,
        "Net Income From Continuing Operation Net Minority Interest": -24008000.0,
        "Reconciled Depreciation": 2654000.0,
        "Reconciled Cost Of Revenue": 28503000.0,
        "EBITDA": -18474000.0,
        "EBIT": -21128000.0,
        "Net Interest Income": -2228000.0,
        "Normalized Income": -24008000.0,
        "Net Income From Continuing And Discontinued Operation": -24008000.0,
        "Total Expenses": 161994000.0,
        "Total Operating Income As Reported": -21128000.0,
        "Diluted Average Shares": 104627789.0,
        "Basic Average Shares": 104627789.0,
        "Diluted EPS": -0.23,
        "Basic EPS": -0.23,
        "Diluted NI Availto Com Stockholders": -24008000.0,
        "Net Income Common Stockholders": -24008000.0,
        "Net Income": -24008000.0,
        "Net Income Including Noncontrolling Interests": -24008000.0,
        "Net Income Continuous Operations": -24008000.0,
        "Tax Provision": 652000.0,
        "Pretax Income": -23356000.0,
        "Net Non Operating Interest Income Expense": -2228000.0,
        "Total Other Finance Cost": 2228000.0,
        "Operating Income": -21128000.0,
        "Operating Expense": 133491000.0,
        "Research And Development": 57075000.0,
        "Selling General And Administration": 76416000.0,
        "Selling And Marketing Expense": 44750000.0,
        "General And Administrative Expense": 31666000.0,
        "Other Gand A": 31666000.0,
        "Gross Profit": 112363000.0,
        "Cost Of Revenue": 28503000.0,
        "Total Revenue": 140866000.0,
        "Operating Revenue": 140866000.0
    },
    "2022-03-31": {
        "Diluted EPS": -0.04,
        "Total Revenue": 138,
        "Gross Profit": 110,
        "Operating Income": -1,
        "EBIT": 2,
        "Net Income": -5
    },
    "2021-12-31": {
        "Diluted EPS": -0.25,
        "Total Revenue": 133,
        "Gross Profit": 104,
        "Operating Income": -23,
        "EBIT": -20,
        "Net Income": -26
    },
    "2021-09-30": {
        "Diluted EPS": -0.13,
        "Total Revenue": 134,
        "Gross Profit": 103,
        "Operating Income": -9,
        "EBIT": -5,
        "Net Income": -13
    },
    "2021-06-30": {
        "Diluted EPS": -0.14,
        "Total Revenue": 134,
        "Gross Profit": 105,
        "Operating Income": -12,
        "EBIT": -9,
        "Net Income": -15
    },
    "2021-03-31": {
        "Diluted EPS": -0.04,
        "Total Revenue": 135,
        "Gross Profit": 108,
        "Operating Income": 0,
        "EBIT": 3,
        "Net Income": -4
    },
    "2020-12-31": {
        "Diluted EPS": 0.03,
        "Total Revenue": 144,
        "Gross Profit": 116,
        "Operating Income": 12,
        "EBIT": 18,
        "Net Income": 5
    },
    "2020-09-30": {
        "Diluted EPS": 0.09,
        "Total Revenue": 133,
        "Gross Profit": 104,
        "Operating Income": 15,
        "EBIT": 18,
        "Net Income": 9
    },
    "2020-06-30": {
        "Diluted EPS": 0.02,
        "Total Revenue": 116,
        "Gross Profit": 90,
        "Operating Income": 7,
        "EBIT": 9,
        "Net Income": 2
    },
    "2020-03-31": {
        "Diluted EPS": 0.04,
        "Total Revenue": 102,
        "Gross Profit": 77,
        "Operating Income": -3,
        "EBIT": -2,
        "Net Income": 4
    },
    "2019-12-31": {
        "Diluted EPS": 0.05,
        "Total Revenue": 99,
        "Gross Profit": 74,
        "Operating Income": 0,
        "EBIT": 2,
        "Net Income": 4
    },
    "2019-09-30": {
        "Diluted EPS": 0.02,
        "Total Revenue": 92,
        "Gross Profit": 69,
        "Operating Income": 4,
        "EBIT": 5,
        "Net Income": 2
    },
    "2019-06-30": {
        "Diluted EPS": -0.01,
        "Total Revenue": 87,
        "Gross Profit": 66,
        "Operating Income": 1,
        "EBIT": 3,
        "Net Income": -1
    },
    "2019-03-31": {
        "Diluted EPS": -0.13,
        "Total Revenue": 73,
        "Gross Profit": 53,
        "Operating Income": -6,
        "EBIT": -5,
        "Net Income": -12
    },
    "2018-12-31": {
        "Diluted EPS": -0.16,
        "Total Revenue": 70,
        "Gross Profit": 47,
        "Operating Income": -9,
        "EBIT": -7,
        "Net Income": -16
    },
    "2018-09-30": {
        "Diluted EPS": -0.13,
        "Total Revenue": 65,
        "Gross Profit": 46,
        "Operating Income": -5,
        "EBIT": -3,
        "Net Income": -12
    },
    "2018-06-30": {
        "Diluted EPS": -0.17,
        "Total Revenue": 62,
        "Gross Profit": 42,
        "Operating Income": -7,
        "EBIT": -5,
        "Net Income": -16
    },
    "2018-03-31": {
        "Diluted EPS": -0.23,
        "Total Revenue": 52,
        "Gross Profit": 34,
        "Operating Income": -13,
        "EBIT": -8,
        "Net Income": -21
    },
    "2017-12-31": {
        "Diluted EPS": -0.12,
        "Total Revenue": 54,
        "Gross Profit": 38,
        "Operating Income": -5,
        "EBIT": -2,
        "Net Income": -11
    },
    "2017-09-30": {
        "Diluted EPS": -0.13,
        "Total Revenue": 50,
        "Gross Profit": 35,
        "Operating Income": -6,
        "EBIT": -4,
        "Net Income": -11
    },
    "2017-06-30": {
        "Diluted EPS": -0.24,
        "Total Revenue": 38,
        "Gross Profit": 25,
        "Operating Income": -16,
        "EBIT": -14,
        "Net Income": -21
    },
    "2017-03-31": {
        "Diluted EPS": -0.21,
        "Total Revenue": 35,
        "Gross Profit": 23,
        "Operating Income": -13,
        "EBIT": -12,
        "Net Income": -18
    },
    "2016-12-31": {
        "Diluted EPS": -0.25,
        "Total Revenue": 30,
        "Gross Profit": 19,
        "Operating Income": -18,
        "EBIT": -16,
        "Net Income": -22
    },
    "2016-09-30": {
        "Diluted EPS": -0.39,
        "Total Revenue": 22,
        "Gross Profit": 11,
        "Operating Income": -28,
        "EBIT": -27,
        "Net Income": -34
    },
    "2016-06-30": {
        "Diluted EPS": -0.48,
        "Total Revenue": 18,
        "Gross Profit": 2,
        "Operating Income": -37,
        "EBIT": -36,
        "Net Income": -41
    },
    "2016-03-31": {
        "Diluted EPS": -0.42,
        "Total Revenue": 13,
        "Gross Profit": 5,
        "Operating Income": -32,
        "EBIT": -31,
        "Net Income": -35
    },
    "2015-12-31": {
        "Diluted EPS": 2.55,
        "Total Revenue": 12,
        "Gross Profit": 6,
        "Operating Income": -31,
        "EBIT": -29,
        "Net Income": -33
    },
    "2015-09-30": {
        "Diluted EPS": -2.09,
        "Total Revenue": 9,
        "Gross Profit": 3,
        "Operating Income": -24,
        "EBIT": -23,
        "Net Income": -26
    },
    "2015-06-30": {
        "Diluted EPS": 0.0,
        "Total Revenue": NaN,
        "Gross Profit": NaN,
        "Operating Income": NaN,
        "Net Income": NaN
    },
    "2015-03-31": {
        "Diluted EPS": -1.77,
        "Total Revenue": 5,
        "Gross Profit": 1,
        "Operating Income": -22,
        "EBIT": -21,
        "Net Income": -23
    },
    "2014-12-31": {
        "Diluted EPS": 0.0,
        "Total Revenue": NaN,
        "Gross Profit": NaN,
        "Operating Income": NaN,
        "EBIT": NaN,
        "Net Income": NaN
    },
    "2014-09-30": {
        "Diluted EPS": -1.45,
        "Total Revenue": 4,
        "Gross Profit": 2,
        "Operating Income": -18,
        "EBIT": -18,
        "Net Income": -18
    },
    "2013-12-31": {
        "Diluted EPS": 0.0,
        "Total Revenue": NaN,
        "Gross Profit": NaN,
        "Operating Income": NaN,
        "EBIT": NaN,
        "Net Income": NaN
    },
    "2023-09-30": {
        "Tax Effect Of Unusual Items": 0.0,
        "Tax Rate For Calcs": 0.21,
        "Normalized EBITDA": -55442000.0,
        "Net Income From Continuing Operation Net Minority Interest": -49485000.0,
        "Reconciled Depreciation": 2803000.0,
        "Reconciled Cost Of Revenue": 32092000.0,
        "EBITDA": -55442000.0,
        "EBIT": -58245000.0,
        "Net Interest Income": 10023000.0,
        "Normalized Income": -49485000.0,
        "Net Income From Continuing And Discontinued Operation": -49485000.0,
        "Total Expenses": 185566000.0,
        "Total Operating Income As Reported": -58245000.0,
        "Diluted Average Shares": 106772814.0,
        "Basic Average Shares": 106772814.0,
        "Diluted EPS": -0.46,
        "Basic EPS": -0.46,
        "Diluted NI Availto Com Stockholders": -49485000.0,
        "Net Income Common Stockholders": -49485000.0,
        "Net Income": -49485000.0,
        "Net Income Including Noncontrolling Interests": -49485000.0,
        "Net Income Continuous Operations": -49485000.0,
        "Tax Provision": 1263000.0,
        "Pretax Income": -48222000.0,
        "Net Non Operating Interest Income Expense": 10023000.0,
        "Total Other Finance Cost": -10023000.0,
        "Operating Income": -58245000.0,
        "Operating Expense": 153474000.0,
        "Research And Development": 53623000.0,
        "Selling General And Administration": 99851000.0,
        "Selling And Marketing Expense": 57964000.0,
        "General And Administrative Expense": 41887000.0,
        "Other Gand A": 41887000.0,
        "Gross Profit": 95229000.0,
        "Cost Of Revenue": 32092000.0,
        "Total Revenue": 127321000.0,
        "Operating Revenue": 127321000.0
    }
}