{
    "2023-03-31": {
        "Tax Effect Of Unusual Items": NaN,
        "Tax Rate For Calcs": NaN,
        "Normalized EBITDA": NaN,
        "Net Income From Continuing Operation Net Minority Interest": NaN,
        "EBITDA": NaN,
        "EBIT": NaN,
        "Net Interest Income": NaN,
        "Interest Income": NaN,
        "Normalized Income": NaN,
        "Net Income From Continuing And Discontinued Operation": NaN,
        "Total Expenses": NaN,
        "Total Operating Income As Reported": NaN,
        "Diluted Average Shares": 14724249.0,
        "Basic Average Shares": 14724249.0,
        "Diluted EPS": -0.27,
        "Basic EPS": -0.27,
        "Diluted NI Availto Com Stockholders": NaN,
        "Net Income Common Stockholders": NaN,
        "Net Income": NaN,
        "Net Income Including Noncontrolling Interests": NaN,
        "Net Income Continuous Operations": NaN,
        "Pretax Income": NaN,
        "Net Non Operating Interest Income Expense": NaN,
        "Interest Income Non Operating": NaN,
        "Operating Income": NaN,
        "Operating Expense": NaN,
        "Research And Development": NaN,
        "Selling General And Administration": NaN,
        "General And Administrative Expense": NaN,
        "Other Gand A": NaN,
        "Insurance And Claims": NaN,
        "Salaries And Wages": NaN,
        "Total Revenue": NaN,
        "Operating Revenue": NaN
    },
    "2022-12-31": {
        "Tax Effect Of Unusual Items": 0.0,
        "Tax Rate For Calcs": 0.0,
        "Normalized EBITDA": -6778000.0,
        "Net Income From Continuing Operation Net Minority Interest": -6696000.0,
        "EBITDA": -6778000.0,
        "EBIT": -6778000.0,
        "Net Interest Income": 82000.0,
        "Interest Income": 82000.0,
        "Normalized Income": -6696000.0,
        "Net Income From Continuing And Discontinued Operation": -6696000.0,
        "Total Expenses": 6778000.0,
        "Total Operating Income As Reported": -6778000.0,
        "Diluted Average Shares": NaN,
        "Basic Average Shares": NaN,
        "Diluted EPS": NaN,
        "Basic EPS": NaN,
        "Diluted NI Availto Com Stockholders": -6696000.0,
        "Net Income Common Stockholders": -6696000.0,
        "Net Income": -6696000.0,
        "Net Income Including Noncontrolling Interests": -6696000.0,
        "Net Income Continuous Operations": -6696000.0,
        "Pretax Income": -6696000.0,
        "Net Non Operating Interest Income Expense": 82000.0,
        "Interest Income Non Operating": 82000.0,
        "Operating Income": -6778000.0,
        "Operating Expense": 6778000.0,
        "Research And Development": 4397000.0,
        "Selling General And Administration": 2381000.0,
        "General And Administrative Expense": 2381000.0,
        "Other Gand A": 1655000.0,
        "Insurance And Claims": -4000.0,
        "Salaries And Wages": 730000.0,
        "Total Revenue": 0.0,
        "Operating Revenue": 0.0
    },
    "2022-09-30": {
        "Tax Effect Of Unusual Items": NaN,
        "Tax Rate For Calcs": NaN,
        "Normalized EBITDA": NaN,
        "Net Income From Continuing Operation Net Minority Interest": NaN,
        "EBITDA": NaN,
        "EBIT": NaN,
        "Net Interest Income": NaN,
        "Interest Income": NaN,
        "Normalized Income": NaN,
        "Net Income From Continuing And Discontinued Operation": NaN,
        "Total Expenses": NaN,
        "Total Operating Income As Reported": NaN,
        "Diluted Average Shares": 14050271.0,
        "Basic Average Shares": 14050271.0,
        "Diluted EPS": -0.42,
        "Basic EPS": -0.42,
        "Diluted NI Availto Com Stockholders": NaN,
        "Net Income Common Stockholders": NaN,
        "Net Income": NaN,
        "Net Income Including Noncontrolling Interests": NaN,
        "Net Income Continuous Operations": NaN,
        "Pretax Income": NaN,
        "Net Non Operating Interest Income Expense": NaN,
        "Interest Income Non Operating": NaN,
        "Operating Income": NaN,
        "Operating Expense": NaN,
        "Research And Development": NaN,
        "Selling General And Administration": NaN,
        "General And Administrative Expense": NaN,
        "Other Gand A": NaN,
        "Insurance And Claims": NaN,
        "Salaries And Wages": NaN,
        "Total Revenue": NaN,
        "Operating Revenue": NaN
    },
    "2022-06-30": {
        "Tax Effect Of Unusual Items": 0.0,
        "Tax Rate For Calcs": 0.0,
        "Normalized EBITDA": -3573000.0,
        "Net Income From Continuing Operation Net Minority Interest": -3569000.0,
        "EBITDA": -3573000.0,
        "EBIT": -3573000.0,
        "Net Interest Income": 4000.0,
        "Interest Income": 4000.0,
        "Normalized Income": -3569000.0,
        "Net Income From Continuing And Discontinued Operation": -3569000.0,
        "Total Expenses": 3573000.0,
        "Total Operating Income As Reported": -3573000.0,
        "Diluted Average Shares": 12717794.0,
        "Basic Average Shares": 12717794.0,
        "Diluted EPS": -0.28,
        "Basic EPS": -0.28,
        "Diluted NI Availto Com Stockholders": -3569000.0,
        "Net Income Common Stockholders": -3569000.0,
        "Net Income": -3569000.0,
        "Net Income Including Noncontrolling Interests": -3569000.0,
        "Net Income Continuous Operations": -3569000.0,
        "Pretax Income": -3569000.0,
        "Net Non Operating Interest Income Expense": 4000.0,
        "Interest Income Non Operating": 4000.0,
        "Operating Income": -3573000.0,
        "Operating Expense": 3573000.0,
        "Research And Development": 2505000.0,
        "Selling General And Administration": 1068000.0,
        "General And Administrative Expense": 1068000.0,
        "Other Gand A": 1068000.0,
        "Insurance And Claims": 468000.0,
        "Salaries And Wages": 281000.0,
        "Total Revenue": 0.0,
        "Operating Revenue": 0.0
    },
    "2022-03-31": {
        "Diluted EPS": -0.32,
        "Total Revenue": NaN,
        "Gross Profit": NaN,
        "Operating Income": -3,
        "EBIT": -3,
        "Net Income": -3
    },
    "2021-12-31": {
        "Diluted EPS": -0.54,
        "Total Revenue": NaN,
        "Gross Profit": NaN,
        "Operating Income": -2,
        "EBIT": -2,
        "Net Income": -2
    },
    "2021-09-30": {
        "Diluted EPS": -1.04,
        "Total Revenue": NaN,
        "Gross Profit": NaN,
        "Operating Income": -5,
        "EBIT": -5,
        "Net Income": -5
    },
    "2021-06-30": {
        "Diluted EPS": -1.43,
        "Total Revenue": NaN,
        "Gross Profit": NaN,
        "Operating Income": -6,
        "EBIT": -6,
        "Net Income": -6
    },
    "2021-03-31": {
        "Diluted EPS": -0.01,
        "Total Revenue": NaN,
        "Gross Profit": NaN,
        "Operating Income": 0,
        "EBIT": 0,
        "Net Income": 0
    },
    "2020-12-31": {
        "Diluted EPS": 0.0,
        "Total Revenue": NaN,
        "Gross Profit": NaN,
        "Operating Income": NaN,
        "EBIT": NaN,
        "Net Income": NaN
    },
    "2023-06-30": {
        "Tax Effect Of Unusual Items": NaN,
        "Tax Rate For Calcs": NaN,
        "Normalized EBITDA": NaN,
        "Net Income From Continuing Operation Net Minority Interest": NaN,
        "EBITDA": NaN,
        "EBIT": NaN,
        "Net Interest Income": NaN,
        "Interest Income": NaN,
        "Normalized Income": NaN,
        "Net Income From Continuing And Discontinued Operation": NaN,
        "Total Expenses": NaN,
        "Total Operating Income As Reported": NaN,
        "Diluted Average Shares": 15178035.0,
        "Basic Average Shares": 15178035.0,
        "Diluted EPS": -0.38,
        "Basic EPS": -0.38,
        "Diluted NI Availto Com Stockholders": NaN,
        "Net Income Common Stockholders": NaN,
        "Net Income": NaN,
        "Net Income Including Noncontrolling Interests": NaN,
        "Net Income Continuous Operations": NaN,
        "Pretax Income": NaN,
        "Net Non Operating Interest Income Expense": NaN,
        "Interest Income Non Operating": NaN,
        "Operating Income": NaN,
        "Operating Expense": NaN,
        "Research And Development": NaN,
        "Selling General And Administration": NaN,
        "General And Administrative Expense": NaN,
        "Other Gand A": NaN,
        "Insurance And Claims": NaN,
        "Salaries And Wages": NaN,
        "Total Revenue": NaN,
        "Operating Revenue": NaN
    },
    "2023-09-30": {
        "Tax Effect Of Unusual Items": 0.0,
        "Tax Rate For Calcs": 0.0,
        "Normalized EBITDA": -6158000.0,
        "Net Income From Continuing Operation Net Minority Interest": -5881000.0,
        "EBITDA": -6158000.0,
        "EBIT": -6158000.0,
        "Net Interest Income": 277000.0,
        "Interest Income": 277000.0,
        "Normalized Income": -5881000.0,
        "Net Income From Continuing And Discontinued Operation": -5881000.0,
        "Total Expenses": 6158000.0,
        "Total Operating Income As Reported": -6158000.0,
        "Diluted Average Shares": 16104446.0,
        "Basic Average Shares": 16104446.0,
        "Diluted EPS": -0.37,
        "Basic EPS": -0.37,
        "Diluted NI Availto Com Stockholders": -5881000.0,
        "Net Income Common Stockholders": -5881000.0,
        "Net Income": -5881000.0,
        "Net Income Including Noncontrolling Interests": -5881000.0,
        "Net Income Continuous Operations": -5881000.0,
        "Pretax Income": -5881000.0,
        "Net Non Operating Interest Income Expense": 277000.0,
        "Interest Income Non Operating": 277000.0,
        "Operating Income": -6158000.0,
        "Operating Expense": 6158000.0,
        "Research And Development": 4486000.0,
        "Selling General And Administration": 1672000.0,
        "General And Administrative Expense": 1672000.0,
        "Other Gand A": 831000.0,
        "Insurance And Claims": 431000.0,
        "Salaries And Wages": 410000.0,
        "Total Revenue": 0.0,
        "Operating Revenue": 0.0
    },
    "2023-12-31": {
        "Tax Effect Of Unusual Items": 0.0,
        "Tax Rate For Calcs": 0.0,
        "Normalized EBITDA": -6866000.0,
        "Net Income From Continuing Operation Net Minority Interest": -6622000.0,
        "EBITDA": -6866000.0,
        "EBIT": -6866000.0,
        "Net Interest Income": 244000.0,
        "Interest Income": 244000.0,
        "Normalized Income": -6622000.0,
        "Net Income From Continuing And Discontinued Operation": -6622000.0,
        "Total Expenses": 6866000.0,
        "Total Operating Income As Reported": -6866000.0,
        "Diluted Average Shares": NaN,
        "Basic Average Shares": NaN,
        "Diluted EPS": NaN,
        "Basic EPS": NaN,
        "Diluted NI Availto Com Stockholders": -6622000.0,
        "Net Income Common Stockholders": -6622000.0,
        "Net Income": -6622000.0,
        "Net Income Including Noncontrolling Interests": -6622000.0,
        "Net Income Continuous Operations": -6622000.0,
        "Pretax Income": -6622000.0,
        "Net Non Operating Interest Income Expense": 244000.0,
        "Interest Income Non Operating": 244000.0,
        "Operating Income": -6866000.0,
        "Operating Expense": 6866000.0,
        "Research And Development": 4265000.0,
        "Selling General And Administration": 2601000.0,
        "General And Administrative Expense": 2601000.0,
        "Other Gand A": 2105000.0,
        "Insurance And Claims": -397000.0,
        "Salaries And Wages": 893000.0,
        "Total Revenue": 0.0,
        "Operating Revenue": 0.0
    },
    "2024-03-31": {
        "Tax Effect Of Unusual Items": 0.0,
        "Tax Rate For Calcs": 0.0,
        "Normalized EBITDA": -4396000.0,
        "Net Income From Continuing Operation Net Minority Interest": -4171000.0,
        "EBITDA": -4396000.0,
        "EBIT": -4396000.0,
        "Net Interest Income": 225000.0,
        "Interest Income": 225000.0,
        "Normalized Income": -4171000.0,
        "Net Income From Continuing And Discontinued Operation": -4171000.0,
        "Total Expenses": 4396000.0,
        "Total Operating Income As Reported": -4396000.0,
        "Diluted Average Shares": 16559335.0,
        "Basic Average Shares": 16559335.0,
        "Diluted EPS": -0.25,
        "Basic EPS": -0.25,
        "Diluted NI Availto Com Stockholders": -4171000.0,
        "Net Income Common Stockholders": -4171000.0,
        "Net Income": -4171000.0,
        "Net Income Including Noncontrolling Interests": -4171000.0,
        "Net Income Continuous Operations": -4171000.0,
        "Pretax Income": -4171000.0,
        "Net Non Operating Interest Income Expense": 225000.0,
        "Interest Income Non Operating": 225000.0,
        "Operating Income": -4396000.0,
        "Operating Expense": 4396000.0,
        "Research And Development": 2660000.0,
        "Selling General And Administration": 1736000.0,
        "General And Administrative Expense": 1736000.0,
        "Other Gand A": 885000.0,
        "Insurance And Claims": 355000.0,
        "Salaries And Wages": 496000.0,
        "Total Revenue": 0.0,
        "Operating Revenue": 0.0
    },
    "2024-06-30": {
        "Tax Effect Of Unusual Items": 0.0,
        "Tax Rate For Calcs": 0.0,
        "Normalized EBITDA": -4643000.0,
        "Net Income From Continuing Operation Net Minority Interest": -4428000.0,
        "EBITDA": -4643000.0,
        "EBIT": -4643000.0,
        "Net Interest Income": 215000.0,
        "Interest Income": 215000.0,
        "Normalized Income": -4428000.0,
        "Net Income From Continuing And Discontinued Operation": -4428000.0,
        "Total Expenses": 4643000.0,
        "Total Operating Income As Reported": -4643000.0,
        "Diluted Average Shares": 16900570.0,
        "Basic Average Shares": 16900570.0,
        "Diluted EPS": -0.26,
        "Basic EPS": -0.26,
        "Diluted NI Availto Com Stockholders": -4428000.0,
        "Net Income Common Stockholders": -4428000.0,
        "Net Income": -4428000.0,
        "Net Income Including Noncontrolling Interests": -4428000.0,
        "Net Income Continuous Operations": -4428000.0,
        "Pretax Income": -4428000.0,
        "Net Non Operating Interest Income Expense": 215000.0,
        "Interest Income Non Operating": 215000.0,
        "Operating Income": -4643000.0,
        "Operating Expense": 4643000.0,
        "Research And Development": 2943000.0,
        "Selling General And Administration": 1700000.0,
        "General And Administrative Expense": 1700000.0,
        "Other Gand A": 960000.0,
        "Insurance And Claims": 350000.0,
        "Salaries And Wages": 390000.0,
        "Total Revenue": 0.0,
        "Operating Revenue": 0.0
    },
    "2024-09-30": {
        "Tax Effect Of Unusual Items": 0.0,
        "Tax Rate For Calcs": 0.0,
        "Normalized EBITDA": -4359000.0,
        "Net Income From Continuing Operation Net Minority Interest": -4153000.0,
        "EBITDA": -4359000.0,
        "EBIT": -4359000.0,
        "Net Interest Income": 206000.0,
        "Interest Income": 206000.0,
        "Normalized Income": -4153000.0,
        "Net Income From Continuing And Discontinued Operation": -4153000.0,
        "Total Expenses": 4359000.0,
        "Total Operating Income As Reported": -4359000.0,
        "Diluted Average Shares": 17230559.0,
        "Basic Average Shares": 17230559.0,
        "Diluted EPS": -0.24,
        "Basic EPS": -0.24,
        "Diluted NI Availto Com Stockholders": -4153000.0,
        "Net Income Common Stockholders": -4153000.0,
        "Net Income": -4153000.0,
        "Net Income Including Noncontrolling Interests": -4153000.0,
        "Net Income Continuous Operations": -4153000.0,
        "Pretax Income": -4153000.0,
        "Net Non Operating Interest Income Expense": 206000.0,
        "Interest Income Non Operating": 206000.0,
        "Operating Income": -4359000.0,
        "Operating Expense": 4359000.0,
        "Research And Development": 2819000.0,
        "Selling General And Administration": 1540000.0,
        "General And Administrative Expense": 1540000.0,
        "Other Gand A": 764000.0,
        "Insurance And Claims": 385000.0,
        "Salaries And Wages": 391000.0,
        "Total Revenue": 0.0,
        "Operating Revenue": 0.0
    }
}