{
    "2023-04-30": {
        "Tax Effect Of Unusual Items": 0.0,
        "Tax Rate For Calcs": 0.075,
        "Normalized EBITDA": 2659000000.0,
        "Total Unusual Items": 0.0,
        "Total Unusual Items Excluding Goodwill": 0.0,
        "Net Income From Continuing Operation Net Minority Interest": 2043000000.0,
        "Reconciled Depreciation": 384000000.0,
        "Reconciled Cost Of Revenue": 2544000000.0,
        "EBITDA": 2659000000.0,
        "EBIT": 2275000000.0,
        "Net Interest Income": 84000000.0,
        "Interest Expense": 66000000.0,
        "Interest Income": 150000000.0,
        "Normalized Income": 2043000000.0,
        "Net Income From Continuing And Discontinued Operation": 2043000000.0,
        "Total Expenses": 5052000000.0,
        "Total Operating Income As Reported": 2140000000.0,
        "Diluted Average Shares": 2490000000.0,
        "Basic Average Shares": 2470000000.0,
        "Diluted EPS": 0.82,
        "Basic EPS": 0.83,
        "Diluted NI Availto Com Stockholders": 2043000000.0,
        "Net Income Common Stockholders": 2043000000.0,
        "Net Income": 2043000000.0,
        "Net Income Including Noncontrolling Interests": 2043000000.0,
        "Net Income Continuous Operations": 2043000000.0,
        "Tax Provision": 166000000.0,
        "Pretax Income": 2209000000.0,
        "Other Income Expense": -15000000.0,
        "Other Non Operating Income Expenses": -15000000.0,
        "Special Income Charges": 0.0,
        "Restructuring And Mergern Acquisition": 0.0,
        "Net Non Operating Interest Income Expense": 84000000.0,
        "Interest Expense Non Operating": 66000000.0,
        "Interest Income Non Operating": 150000000.0,
        "Operating Income": 2140000000.0,
        "Operating Expense": 2508000000.0,
        "Research And Development": 1875000000.0,
        "Selling General And Administration": 633000000.0,
        "Gross Profit": 4648000000.0,
        "Cost Of Revenue": 2544000000.0,
        "Total Revenue": 7192000000.0,
        "Operating Revenue": 7192000000.0
    },
    "2023-01-31": {
        "Tax Effect Of Unusual Items": NaN,
        "Tax Rate For Calcs": NaN,
        "Normalized EBITDA": NaN,
        "Total Unusual Items": 0.0,
        "Total Unusual Items Excluding Goodwill": 0.0,
        "Net Income From Continuing Operation Net Minority Interest": NaN,
        "Reconciled Depreciation": NaN,
        "Reconciled Cost Of Revenue": NaN,
        "EBITDA": NaN,
        "EBIT": NaN,
        "Net Interest Income": NaN,
        "Interest Expense": NaN,
        "Interest Income": NaN,
        "Normalized Income": NaN,
        "Net Income From Continuing And Discontinued Operation": NaN,
        "Total Expenses": NaN,
        "Total Operating Income As Reported": NaN,
        "Diluted Average Shares": 2477000000.0,
        "Basic Average Shares": 2464000000.0,
        "Diluted EPS": 0.57,
        "Basic EPS": 0.57,
        "Diluted NI Availto Com Stockholders": NaN,
        "Net Income Common Stockholders": NaN,
        "Net Income": NaN,
        "Net Income Including Noncontrolling Interests": NaN,
        "Net Income Continuous Operations": NaN,
        "Tax Provision": NaN,
        "Pretax Income": NaN,
        "Other Income Expense": NaN,
        "Other Non Operating Income Expenses": NaN,
        "Special Income Charges": 0.0,
        "Restructuring And Mergern Acquisition": 0.0,
        "Net Non Operating Interest Income Expense": NaN,
        "Interest Expense Non Operating": NaN,
        "Interest Income Non Operating": NaN,
        "Operating Income": NaN,
        "Operating Expense": NaN,
        "Research And Development": NaN,
        "Selling General And Administration": NaN,
        "Gross Profit": NaN,
        "Cost Of Revenue": NaN,
        "Total Revenue": NaN,
        "Operating Revenue": NaN
    },
    "2022-10-31": {
        "Tax Effect Of Unusual Items": NaN,
        "Tax Rate For Calcs": NaN,
        "Normalized EBITDA": NaN,
        "Total Unusual Items": NaN,
        "Total Unusual Items Excluding Goodwill": NaN,
        "Net Income From Continuing Operation Net Minority Interest": NaN,
        "Reconciled Depreciation": NaN,
        "Reconciled Cost Of Revenue": NaN,
        "EBITDA": NaN,
        "EBIT": NaN,
        "Net Interest Income": NaN,
        "Interest Expense": NaN,
        "Interest Income": NaN,
        "Normalized Income": NaN,
        "Net Income From Continuing And Discontinued Operation": NaN,
        "Total Expenses": NaN,
        "Total Operating Income As Reported": NaN,
        "Diluted Average Shares": 2499000000.0,
        "Basic Average Shares": 2483000000.0,
        "Diluted EPS": 0.27,
        "Basic EPS": 0.27,
        "Diluted NI Availto Com Stockholders": NaN,
        "Net Income Common Stockholders": NaN,
        "Net Income": NaN,
        "Net Income Including Noncontrolling Interests": NaN,
        "Net Income Continuous Operations": NaN,
        "Tax Provision": NaN,
        "Pretax Income": NaN,
        "Other Income Expense": NaN,
        "Other Non Operating Income Expenses": NaN,
        "Special Income Charges": NaN,
        "Restructuring And Mergern Acquisition": NaN,
        "Net Non Operating Interest Income Expense": NaN,
        "Interest Expense Non Operating": NaN,
        "Interest Income Non Operating": NaN,
        "Operating Income": NaN,
        "Operating Expense": NaN,
        "Research And Development": NaN,
        "Selling General And Administration": NaN,
        "Gross Profit": NaN,
        "Cost Of Revenue": NaN,
        "Total Revenue": NaN,
        "Operating Revenue": NaN
    },
    "2022-07-31": {
        "Tax Effect Of Unusual Items": 0.0,
        "Tax Rate For Calcs": 0.4,
        "Normalized EBITDA": 918000000.0,
        "Total Unusual Items": 0.0,
        "Total Unusual Items Excluding Goodwill": 0.0,
        "Net Income From Continuing Operation Net Minority Interest": 656000000.0,
        "Reconciled Depreciation": 378000000.0,
        "Reconciled Cost Of Revenue": 3789000000.0,
        "EBITDA": 918000000.0,
        "EBIT": 540000000.0,
        "Net Interest Income": -19000000.0,
        "Interest Expense": 65000000.0,
        "Interest Income": 46000000.0,
        "Normalized Income": 656000000.0,
        "Net Income From Continuing And Discontinued Operation": 656000000.0,
        "Total Expenses": 6205000000.0,
        "Total Operating Income As Reported": 499000000.0,
        "Diluted Average Shares": 2516000000.0,
        "Basic Average Shares": 2495000000.0,
        "Diluted EPS": 0.26,
        "Basic EPS": 0.26,
        "Diluted NI Availto Com Stockholders": 656000000.0,
        "Net Income Common Stockholders": 656000000.0,
        "Net Income": 656000000.0,
        "Net Income Including Noncontrolling Interests": 656000000.0,
        "Net Income Continuous Operations": 656000000.0,
        "Tax Provision": -181000000.0,
        "Pretax Income": 475000000.0,
        "Other Income Expense": -5000000.0,
        "Other Non Operating Income Expenses": -5000000.0,
        "Special Income Charges": 0.0,
        "Restructuring And Mergern Acquisition": 0.0,
        "Net Non Operating Interest Income Expense": -19000000.0,
        "Interest Expense Non Operating": 65000000.0,
        "Interest Income Non Operating": 46000000.0,
        "Operating Income": 499000000.0,
        "Operating Expense": 2416000000.0,
        "Research And Development": 1824000000.0,
        "Selling General And Administration": 592000000.0,
        "Gross Profit": 2915000000.0,
        "Cost Of Revenue": 3789000000.0,
        "Total Revenue": 6704000000.0,
        "Operating Revenue": 6704000000.0
    },
    "2022-04-30": {
        "Diluted EPS": 0.64,
        "Total Revenue": NaN,
        "Gross Profit": NaN,
        "Operating Income": NaN,
        "EBIT": NaN,
        "Net Income": NaN
    },
    "2022-01-31": {
        "Diluted EPS": 1.18,
        "Total Revenue": NaN,
        "Gross Profit": NaN,
        "Operating Income": NaN,
        "EBIT": NaN,
        "Net Income": NaN
    },
    "2021-10-31": {
        "Diluted EPS": 0.97,
        "Total Revenue": NaN,
        "Gross Profit": NaN,
        "Operating Income": NaN,
        "EBIT": NaN,
        "Net Income": NaN
    },
    "2021-07-31": {
        "Diluted EPS": 0.94,
        "Total Revenue": NaN,
        "Gross Profit": NaN,
        "Operating Income": NaN,
        "EBIT": NaN,
        "Net Income": NaN
    },
    "2021-04-30": {
        "Diluted EPS": 0.76,
        "Total Revenue": NaN,
        "Gross Profit": NaN,
        "Operating Income": NaN,
        "EBIT": NaN,
        "Net Income": NaN
    },
    "2021-01-31": {
        "Diluted EPS": 0.58,
        "Total Revenue": NaN,
        "Gross Profit": NaN,
        "Operating Income": NaN,
        "EBIT": NaN,
        "Net Income": NaN
    },
    "2020-10-31": {
        "Diluted EPS": 0.53,
        "Total Revenue": NaN,
        "Gross Profit": NaN,
        "Operating Income": NaN,
        "EBIT": NaN,
        "Net Income": NaN
    },
    "2020-07-31": {
        "Diluted EPS": 0.25,
        "Total Revenue": NaN,
        "Gross Profit": NaN,
        "Operating Income": 651,
        "EBIT": NaN,
        "Net Income": 622
    },
    "2020-04-30": {
        "Diluted EPS": 0.37,
        "Total Revenue": NaN,
        "Gross Profit": NaN,
        "Operating Income": 976,
        "EBIT": NaN,
        "Net Income": 917
    },
    "2020-01-31": {
        "Diluted EPS": 0.38,
        "Total Revenue": NaN,
        "Gross Profit": NaN,
        "Operating Income": 990,
        "EBIT": NaN,
        "Net Income": 951
    },
    "2019-10-31": {
        "Diluted EPS": 0.36,
        "Total Revenue": NaN,
        "Gross Profit": NaN,
        "Operating Income": 927,
        "EBIT": NaN,
        "Net Income": 899
    },
    "2019-07-31": {
        "Diluted EPS": 0.23,
        "Total Revenue": NaN,
        "Gross Profit": NaN,
        "Operating Income": 571,
        "EBIT": 663,
        "Net Income": 552
    },
    "2019-04-30": {
        "Diluted EPS": 0.16,
        "Total Revenue": NaN,
        "Gross Profit": NaN,
        "Operating Income": 358,
        "EBIT": 449,
        "Net Income": 394
    },
    "2019-01-31": {
        "Diluted EPS": 0.23,
        "Total Revenue": NaN,
        "Gross Profit": NaN,
        "Operating Income": 294,
        "EBIT": 372,
        "Net Income": 566
    },
    "2018-10-31": {
        "Diluted EPS": 0.49,
        "Total Revenue": NaN,
        "Gross Profit": NaN,
        "Operating Income": NaN,
        "EBIT": NaN,
        "Net Income": NaN
    },
    "2018-07-31": {
        "Diluted EPS": 0.44,
        "Total Revenue": NaN,
        "Gross Profit": NaN,
        "Operating Income": NaN,
        "EBIT": NaN,
        "Net Income": NaN
    },
    "2018-04-30": {
        "Diluted EPS": 0.5,
        "Total Revenue": NaN,
        "Gross Profit": NaN,
        "Operating Income": NaN,
        "EBIT": NaN,
        "Net Income": NaN
    },
    "2018-01-31": {
        "Diluted EPS": 0.45,
        "Total Revenue": NaN,
        "Gross Profit": NaN,
        "Operating Income": NaN,
        "EBIT": NaN,
        "Net Income": NaN
    },
    "2017-10-31": {
        "Diluted EPS": 0.33,
        "Total Revenue": NaN,
        "Gross Profit": NaN,
        "Operating Income": 895,
        "EBIT": 944,
        "Net Income": 838
    },
    "2017-07-31": {
        "Diluted EPS": 0.23,
        "Total Revenue": NaN,
        "Gross Profit": NaN,
        "Operating Income": 688,
        "EBIT": 737,
        "Net Income": 583
    },
    "2017-04-30": {
        "Diluted EPS": 0.2,
        "Total Revenue": NaN,
        "Gross Profit": NaN,
        "Operating Income": 554,
        "EBIT": 601,
        "Net Income": 507
    },
    "2017-01-31": {
        "Diluted EPS": 0.25,
        "Total Revenue": NaN,
        "Gross Profit": NaN,
        "Operating Income": 733,
        "EBIT": 760,
        "Net Income": 655
    },
    "2016-10-31": {
        "Diluted EPS": 0.21,
        "Total Revenue": NaN,
        "Gross Profit": NaN,
        "Operating Income": 639,
        "EBIT": 693,
        "Net Income": 542
    },
    "2016-07-31": {
        "Diluted EPS": 0.1,
        "Total Revenue": NaN,
        "Gross Profit": 826,
        "Operating Income": 317,
        "EBIT": 370,
        "Net Income": 261
    },
    "2016-04-30": {
        "Diluted EPS": 0.09,
        "Total Revenue": NaN,
        "Gross Profit": 751,
        "Operating Income": 245,
        "EBIT": 298,
        "Net Income": 208
    },
    "2016-01-31": {
        "Diluted EPS": 0.09,
        "Total Revenue": NaN,
        "Gross Profit": 790,
        "Operating Income": 250,
        "EBIT": 303,
        "Net Income": 208
    },
    "2015-10-31": {
        "Diluted EPS": 0.11,
        "Total Revenue": NaN,
        "Gross Profit": 734,
        "Operating Income": 245,
        "EBIT": 301,
        "Net Income": 246
    },
    "2015-07-31": {
        "Diluted EPS": 0.01,
        "Total Revenue": NaN,
        "Gross Profit": 634,
        "Operating Income": 76,
        "EBIT": 132,
        "Net Income": 26
    },
    "2015-04-30": {
        "Diluted EPS": 0.06,
        "Total Revenue": NaN,
        "Gross Profit": 653,
        "Operating Income": 176,
        "EBIT": 237,
        "Net Income": 134
    },
    "2015-01-31": {
        "Diluted EPS": 0.09,
        "Total Revenue": NaN,
        "Gross Profit": 700,
        "Operating Income": 232,
        "EBIT": 293,
        "Net Income": 193
    },
    "2014-10-31": {
        "Diluted EPS": 0.08,
        "Total Revenue": NaN,
        "Gross Profit": 676,
        "Operating Income": 213,
        "EBIT": 275,
        "Net Income": 173
    },
    "2014-07-31": {
        "Diluted EPS": 0.06,
        "Total Revenue": NaN,
        "Gross Profit": 619,
        "Operating Income": 163,
        "EBIT": 226,
        "Net Income": 128
    },
    "2014-04-30": {
        "Diluted EPS": 0.06,
        "Total Revenue": NaN,
        "Gross Profit": 604,
        "Operating Income": 151,
        "EBIT": 213,
        "Net Income": 137
    },
    "2014-01-31": {
        "Diluted EPS": 0.06,
        "Total Revenue": NaN,
        "Gross Profit": 619,
        "Operating Income": 167,
        "EBIT": 226,
        "Net Income": 147
    },
    "2013-10-31": {
        "Diluted EPS": 0.05,
        "Total Revenue": NaN,
        "Gross Profit": 584,
        "Operating Income": 141,
        "EBIT": 204,
        "Net Income": 119
    },
    "2013-07-31": {
        "Diluted EPS": 0.04,
        "Total Revenue": 977,
        "Gross Profit": 546,
        "Operating Income": 106,
        "EBIT": 167,
        "Net Income": 96
    },
    "2013-04-30": {
        "Diluted EPS": 0.03,
        "Total Revenue": 955,
        "Gross Profit": 519,
        "Operating Income": 83,
        "EBIT": 143,
        "Net Income": 78
    },
    "2013-01-31": {
        "Diluted EPS": 0.07,
        "Total Revenue": NaN,
        "Gross Profit": 586,
        "Operating Income": 184,
        "EBIT": 242,
        "Net Income": 174
    },
    "2012-10-31": {
        "Diluted EPS": 0.08,
        "Total Revenue": NaN,
        "Gross Profit": 637,
        "Operating Income": 252,
        "EBIT": 309,
        "Net Income": 209
    },
    "2012-07-31": {
        "Diluted EPS": 0.05,
        "Total Revenue": NaN,
        "Gross Profit": 541,
        "Operating Income": 140,
        "EBIT": 196,
        "Net Income": 119
    },
    "2012-04-30": {
        "Diluted EPS": 0.03,
        "Total Revenue": 925,
        "Gross Profit": 463,
        "Operating Income": 73,
        "EBIT": 127,
        "Net Income": 60
    },
    "2012-01-31": {
        "Diluted EPS": 0.05,
        "Total Revenue": 953,
        "Gross Profit": 490,
        "Operating Income": 122,
        "EBIT": 174,
        "Net Income": 116
    },
    "2011-10-31": {
        "Diluted EPS": 0.07,
        "Total Revenue": NaN,
        "Gross Profit": 557,
        "Operating Income": 197,
        "EBIT": 249,
        "Net Income": 178
    },
    "2011-07-31": {
        "Diluted EPS": 0.06,
        "Total Revenue": NaN,
        "Gross Profit": 525,
        "Operating Income": 174,
        "EBIT": 226,
        "Net Income": 152
    },
    "2011-04-30": {
        "Diluted EPS": 0.06,
        "Total Revenue": 962,
        "Gross Profit": 485,
        "Operating Income": 155,
        "EBIT": 203,
        "Net Income": 135
    },
    "2011-01-31": {
        "Diluted EPS": 0.08,
        "Total Revenue": 886,
        "Gross Profit": 426,
        "Operating Income": 180,
        "EBIT": 226,
        "Net Income": 172
    },
    "2010-10-31": {
        "Diluted EPS": 0.04,
        "Total Revenue": 844,
        "Gross Profit": 392,
        "Operating Income": 104,
        "EBIT": 151,
        "Net Income": 85
    },
    "2010-07-31": {
        "Diluted EPS": -0.06,
        "Total Revenue": 811,
        "Gross Profit": 134,
        "Operating Income": -175,
        "EBIT": -129,
        "Net Income": -141
    },
    "2010-04-30": {
        "Diluted EPS": 0.06,
        "Total Revenue": NaN,
        "Gross Profit": 456,
        "Operating Income": 147,
        "EBIT": 195,
        "Net Income": 138
    },
    "2010-01-31": {
        "Diluted EPS": 0.06,
        "Total Revenue": 982,
        "Gross Profit": 439,
        "Operating Income": 134,
        "EBIT": 182,
        "Net Income": 131
    },
    "2009-10-31": {
        "Diluted EPS": 0.05,
        "Total Revenue": 903,
        "Gross Profit": 392,
        "Operating Income": 108,
        "EBIT": 157,
        "Net Income": 108
    },
    "2009-07-31": {
        "Diluted EPS": -0.05,
        "Total Revenue": 777,
        "Gross Profit": 157,
        "Operating Income": -110,
        "EBIT": -61,
        "Net Income": -105
    },
    "2009-04-30": {
        "Diluted EPS": -0.09,
        "Total Revenue": 664,
        "Gross Profit": 190,
        "Operating Income": -231,
        "EBIT": -180,
        "Net Income": -201
    },
    "2009-01-31": {
        "Diluted EPS": -0.06,
        "Total Revenue": 481,
        "Gross Profit": 142,
        "Operating Income": -175,
        "EBIT": -127,
        "Net Income": -148
    },
    "2023-07-31": {
        "Tax Effect Of Unusual Items": 0.0,
        "Tax Rate For Calcs": 0.114,
        "Normalized EBITDA": 7411000000.0,
        "Total Unusual Items": 0.0,
        "Total Unusual Items Excluding Goodwill": 0.0,
        "Net Income From Continuing Operation Net Minority Interest": 6188000000.0,
        "Reconciled Depreciation": 365000000.0,
        "Reconciled Cost Of Revenue": 4045000000.0,
        "EBITDA": 7411000000.0,
        "EBIT": 7046000000.0,
        "Net Interest Income": 122000000.0,
        "Interest Expense": 65000000.0,
        "Interest Income": 187000000.0,
        "Normalized Income": 6188000000.0,
        "Net Income From Continuing And Discontinued Operation": 6188000000.0,
        "Total Expenses": 6707000000.0,
        "Total Operating Income As Reported": 6800000000.0,
        "Diluted Average Shares": 2499000000.0,
        "Basic Average Shares": 2473000000.0,
        "Diluted EPS": 2.48,
        "Basic EPS": 2.5,
        "Diluted NI Availto Com Stockholders": 6188000000.0,
        "Net Income Common Stockholders": 6188000000.0,
        "Net Income": 6188000000.0,
        "Net Income Including Noncontrolling Interests": 6188000000.0,
        "Net Income Continuous Operations": 6188000000.0,
        "Tax Provision": 793000000.0,
        "Pretax Income": 6981000000.0,
        "Other Income Expense": 59000000.0,
        "Other Non Operating Income Expenses": 59000000.0,
        "Special Income Charges": 0.0,
        "Restructuring And Mergern Acquisition": 0.0,
        "Net Non Operating Interest Income Expense": 122000000.0,
        "Interest Expense Non Operating": 65000000.0,
        "Interest Income Non Operating": 187000000.0,
        "Operating Income": 6800000000.0,
        "Operating Expense": 2662000000.0,
        "Research And Development": 2040000000.0,
        "Selling General And Administration": 622000000.0,
        "Gross Profit": 9462000000.0,
        "Cost Of Revenue": 4045000000.0,
        "Total Revenue": 13507000000.0,
        "Operating Revenue": 13507000000.0
    },
    "2023-10-31": {
        "Tax Effect Of Unusual Items": 0.0,
        "Tax Rate For Calcs": 0.122,
        "Normalized EBITDA": 10957000000.0,
        "Total Unusual Items": 0.0,
        "Total Unusual Items Excluding Goodwill": 0.0,
        "Net Income From Continuing Operation Net Minority Interest": 9243000000.0,
        "Reconciled Depreciation": 372000000.0,
        "Reconciled Cost Of Revenue": 4720000000.0,
        "EBITDA": 10957000000.0,
        "EBIT": 10585000000.0,
        "Net Interest Income": 171000000.0,
        "Interest Expense": 63000000.0,
        "Interest Income": 234000000.0,
        "Normalized Income": 9243000000.0,
        "Net Income From Continuing And Discontinued Operation": 9243000000.0,
        "Total Expenses": 7703000000.0,
        "Total Operating Income As Reported": 10417000000.0,
        "Diluted Average Shares": 2494000000.0,
        "Basic Average Shares": 2468000000.0,
        "Diluted EPS": 3.71,
        "Basic EPS": 3.75,
        "Diluted NI Availto Com Stockholders": 9243000000.0,
        "Net Income Common Stockholders": 9243000000.0,
        "Net Income": 9243000000.0,
        "Net Income Including Noncontrolling Interests": 9243000000.0,
        "Net Income Continuous Operations": 9243000000.0,
        "Tax Provision": 1279000000.0,
        "Pretax Income": 10522000000.0,
        "Other Income Expense": -66000000.0,
        "Other Non Operating Income Expenses": -66000000.0,
        "Special Income Charges": 0.0,
        "Restructuring And Mergern Acquisition": 0.0,
        "Net Non Operating Interest Income Expense": 171000000.0,
        "Interest Expense Non Operating": 63000000.0,
        "Interest Income Non Operating": 234000000.0,
        "Operating Income": 10417000000.0,
        "Operating Expense": 2983000000.0,
        "Research And Development": 2294000000.0,
        "Selling General And Administration": 689000000.0,
        "Gross Profit": 13400000000.0,
        "Cost Of Revenue": 4720000000.0,
        "Total Revenue": 18120000000.0,
        "Operating Revenue": 18120000000.0
    },
    "2024-01-31": {
        "Tax Effect Of Unusual Items": 0.0,
        "Tax Rate For Calcs": 0.129094,
        "Normalized EBITDA": 14556000000.0,
        "Total Unusual Items": 0.0,
        "Total Unusual Items Excluding Goodwill": 0.0,
        "Net Income From Continuing Operation Net Minority Interest": 12285000000.0,
        "Reconciled Depreciation": 387000000.0,
        "Reconciled Cost Of Revenue": 5312000000.0,
        "EBITDA": 14556000000.0,
        "EBIT": 14169000000.0,
        "Net Interest Income": 231000000.0,
        "Interest Expense": 63000000.0,
        "Interest Income": 294000000.0,
        "Normalized Income": 12285000000.0,
        "Net Income From Continuing And Discontinued Operation": 12285000000.0,
        "Total Expenses": 8489000000.0,
        "Total Operating Income As Reported": 13614000000.0,
        "Diluted Average Shares": NaN,
        "Basic Average Shares": NaN,
        "Diluted EPS": NaN,
        "Basic EPS": NaN,
        "Diluted NI Availto Com Stockholders": 12285000000.0,
        "Net Income Common Stockholders": 12285000000.0,
        "Net Income": 12285000000.0,
        "Net Income Including Noncontrolling Interests": 12285000000.0,
        "Net Income Continuous Operations": 12285000000.0,
        "Tax Provision": 1821000000.0,
        "Pretax Income": 14106000000.0,
        "Other Income Expense": 261000000.0,
        "Other Non Operating Income Expenses": 261000000.0,
        "Special Income Charges": 0.0,
        "Restructuring And Mergern Acquisition": 0.0,
        "Net Non Operating Interest Income Expense": 231000000.0,
        "Interest Expense Non Operating": 63000000.0,
        "Interest Income Non Operating": 294000000.0,
        "Operating Income": 13614000000.0,
        "Operating Expense": 3177000000.0,
        "Research And Development": 2465000000.0,
        "Selling General And Administration": 712000000.0,
        "Gross Profit": 16791000000.0,
        "Cost Of Revenue": 5312000000.0,
        "Total Revenue": 22103000000.0,
        "Operating Revenue": 22103000000.0
    },
    "2024-04-30": {
        "Tax Effect Of Unusual Items": 0.0,
        "Tax Rate For Calcs": 0.139,
        "Normalized EBITDA": 17753000000.0,
        "Total Unusual Items": NaN,
        "Total Unusual Items Excluding Goodwill": NaN,
        "Net Income From Continuing Operation Net Minority Interest": 14881000000.0,
        "Reconciled Depreciation": 410000000.0,
        "Reconciled Cost Of Revenue": 5638000000.0,
        "EBITDA": 17753000000.0,
        "EBIT": 17343000000.0,
        "Net Interest Income": 295000000.0,
        "Interest Expense": 64000000.0,
        "Interest Income": 359000000.0,
        "Normalized Income": 14881000000.0,
        "Net Income From Continuing And Discontinued Operation": 14881000000.0,
        "Total Expenses": 9135000000.0,
        "Total Operating Income As Reported": 16909000000.0,
        "Diluted Average Shares": 2489000000.0,
        "Basic Average Shares": 2462000000.0,
        "Diluted EPS": 5.98,
        "Basic EPS": 6.04,
        "Diluted NI Availto Com Stockholders": 14881000000.0,
        "Net Income Common Stockholders": 14881000000.0,
        "Net Income": 14881000000.0,
        "Net Income Including Noncontrolling Interests": 14881000000.0,
        "Net Income Continuous Operations": 14881000000.0,
        "Tax Provision": 2398000000.0,
        "Pretax Income": 17279000000.0,
        "Other Income Expense": 75000000.0,
        "Other Non Operating Income Expenses": 75000000.0,
        "Special Income Charges": NaN,
        "Restructuring And Mergern Acquisition": NaN,
        "Net Non Operating Interest Income Expense": 295000000.0,
        "Interest Expense Non Operating": 64000000.0,
        "Interest Income Non Operating": 359000000.0,
        "Operating Income": 16909000000.0,
        "Operating Expense": 3497000000.0,
        "Research And Development": 2720000000.0,
        "Selling General And Administration": 777000000.0,
        "Gross Profit": 20406000000.0,
        "Cost Of Revenue": 5638000000.0,
        "Total Revenue": 26044000000.0,
        "Operating Revenue": 26044000000.0
    }
}