{
    "2023-03-31": {
        "Tax Effect Of Unusual Items": -336335.236542,
        "Tax Rate For Calcs": 0.079119,
        "Normalized EBITDA": 64132000.0,
        "Total Unusual Items": -4251000.0,
        "Total Unusual Items Excluding Goodwill": -4251000.0,
        "Net Income From Continuing Operation Net Minority Interest": 18786000.0,
        "Reconciled Depreciation": 31831000.0,
        "Reconciled Cost Of Revenue": 95760000.0,
        "EBITDA": 59881000.0,
        "EBIT": 28050000.0,
        "Net Interest Income": -12755000.0,
        "Interest Expense": 13338000.0,
        "Interest Income": 583000.0,
        "Normalized Income": 22700664.763458,
        "Net Income From Continuing And Discontinued Operation": 18786000.0,
        "Total Expenses": 104113000.0,
        "Total Operating Income As Reported": 31889000.0,
        "Diluted Average Shares": 76319753.0,
        "Basic Average Shares": 75955162.0,
        "Diluted EPS": 0.25,
        "Basic EPS": 0.25,
        "Diluted NI Availto Com Stockholders": 18786000.0,
        "Net Income Common Stockholders": 18786000.0,
        "Net Income": 18786000.0,
        "Minority Interests": -64000.0,
        "Net Income Including Noncontrolling Interests": 18850000.0,
        "Net Income Continuous Operations": 18850000.0,
        "Earnings From Equity Interest Net Of Tax": 5302000.0,
        "Tax Provision": 1164000.0,
        "Pretax Income": 14712000.0,
        "Other Income Expense": -4422000.0,
        "Other Non Operating Income Expenses": -171000.0,
        "Special Income Charges": 0.0,
        "Gain On Sale Of Ppe": 0.0,
        "Gain On Sale Of Security": -4251000.0,
        "Net Non Operating Interest Income Expense": -12755000.0,
        "Interest Expense Non Operating": 13338000.0,
        "Interest Income Non Operating": 583000.0,
        "Operating Income": 31889000.0,
        "Operating Expense": 8353000.0,
        "Other Operating Expenses": 1598000.0,
        "Selling General And Administration": 6755000.0,
        "General And Administrative Expense": 6755000.0,
        "Other Gand A": 6755000.0,
        "Gross Profit": 40242000.0,
        "Cost Of Revenue": 95760000.0,
        "Total Revenue": 136002000.0,
        "Operating Revenue": 136002000.0
    },
    "2022-12-31": {
        "Tax Effect Of Unusual Items": NaN,
        "Tax Rate For Calcs": NaN,
        "Normalized EBITDA": NaN,
        "Total Unusual Items": NaN,
        "Total Unusual Items Excluding Goodwill": NaN,
        "Net Income From Continuing Operation Net Minority Interest": NaN,
        "Reconciled Depreciation": NaN,
        "Reconciled Cost Of Revenue": NaN,
        "EBITDA": NaN,
        "EBIT": NaN,
        "Net Interest Income": NaN,
        "Interest Expense": NaN,
        "Interest Income": NaN,
        "Normalized Income": NaN,
        "Net Income From Continuing And Discontinued Operation": NaN,
        "Total Expenses": NaN,
        "Total Operating Income As Reported": NaN,
        "Diluted Average Shares": 77537386.0,
        "Basic Average Shares": 77216530.0,
        "Diluted EPS": 0.13,
        "Basic EPS": 0.13,
        "Diluted NI Availto Com Stockholders": NaN,
        "Net Income Common Stockholders": NaN,
        "Net Income": NaN,
        "Minority Interests": NaN,
        "Net Income Including Noncontrolling Interests": NaN,
        "Net Income Continuous Operations": NaN,
        "Earnings From Equity Interest Net Of Tax": NaN,
        "Tax Provision": NaN,
        "Pretax Income": NaN,
        "Other Income Expense": NaN,
        "Other Non Operating Income Expenses": NaN,
        "Special Income Charges": 4363000.0,
        "Gain On Sale Of Ppe": 4363000.0,
        "Gain On Sale Of Security": NaN,
        "Net Non Operating Interest Income Expense": NaN,
        "Interest Expense Non Operating": NaN,
        "Interest Income Non Operating": NaN,
        "Operating Income": NaN,
        "Operating Expense": NaN,
        "Other Operating Expenses": NaN,
        "Selling General And Administration": NaN,
        "General And Administrative Expense": NaN,
        "Other Gand A": NaN,
        "Gross Profit": NaN,
        "Cost Of Revenue": NaN,
        "Total Revenue": NaN,
        "Operating Revenue": NaN
    },
    "2022-09-30": {
        "Tax Effect Of Unusual Items": 3063200.0,
        "Tax Rate For Calcs": 0.4,
        "Normalized EBITDA": 4120000.0,
        "Total Unusual Items": 7658000.0,
        "Total Unusual Items Excluding Goodwill": 7658000.0,
        "Net Income From Continuing Operation Net Minority Interest": 2445000.0,
        "Reconciled Depreciation": 32842000.0,
        "Reconciled Cost Of Revenue": 95356000.0,
        "EBITDA": 11778000.0,
        "EBIT": 11778000.0,
        "Net Interest Income": -12996000.0,
        "Interest Expense": 13166000.0,
        "Interest Income": 170000.0,
        "Normalized Income": -2149800.0,
        "Net Income From Continuing And Discontinued Operation": 2445000.0,
        "Total Expenses": 102863000.0,
        "Total Operating Income As Reported": 3950000.0,
        "Diluted Average Shares": 77574995.0,
        "Basic Average Shares": 77264139.0,
        "Diluted EPS": 0.03,
        "Basic EPS": 0.03,
        "Diluted NI Availto Com Stockholders": 2445000.0,
        "Net Income Common Stockholders": 2445000.0,
        "Net Income": 2445000.0,
        "Minority Interests": -414000.0,
        "Net Income Including Noncontrolling Interests": 2859000.0,
        "Net Income Continuous Operations": 2859000.0,
        "Earnings From Equity Interest Net Of Tax": 4673000.0,
        "Tax Provision": 426000.0,
        "Pretax Income": -1388000.0,
        "Other Income Expense": 7658000.0,
        "Other Non Operating Income Expenses": NaN,
        "Special Income Charges": 0.0,
        "Gain On Sale Of Ppe": 0.0,
        "Impairment Of Capital Assets": NaN,
        "Gain On Sale Of Security": 7658000.0,
        "Net Non Operating Interest Income Expense": -12996000.0,
        "Interest Expense Non Operating": 13166000.0,
        "Interest Income Non Operating": 170000.0,
        "Operating Income": 3950000.0,
        "Operating Expense": 7507000.0,
        "Other Operating Expenses": 1370000.0,
        "Selling General And Administration": 6137000.0,
        "General And Administrative Expense": 6137000.0,
        "Other Gand A": 6137000.0,
        "Gross Profit": 11457000.0,
        "Cost Of Revenue": 95356000.0,
        "Total Revenue": 106813000.0,
        "Operating Revenue": 106813000.0
    },
    "2022-06-30": {
        "Tax Effect Of Unusual Items": 232630.61323,
        "Tax Rate For Calcs": 0.081,
        "Normalized EBITDA": 48360000.0,
        "Total Unusual Items": 2872000.0,
        "Total Unusual Items Excluding Goodwill": 2872000.0,
        "Net Income From Continuing Operation Net Minority Interest": 14022000.0,
        "Reconciled Depreciation": 31477000.0,
        "Reconciled Cost Of Revenue": 97859000.0,
        "EBITDA": 51232000.0,
        "EBIT": 19755000.0,
        "Net Interest Income": -11359000.0,
        "Interest Expense": 11471000.0,
        "Interest Income": 112000.0,
        "Normalized Income": 11382630.61323,
        "Net Income From Continuing And Discontinued Operation": 14022000.0,
        "Total Expenses": 107146000.0,
        "Total Operating Income As Reported": 16771000.0,
        "Diluted Average Shares": 77582824.0,
        "Basic Average Shares": 77265022.0,
        "Diluted EPS": 0.18,
        "Basic EPS": 0.18,
        "Diluted NI Availto Com Stockholders": 14022000.0,
        "Net Income Common Stockholders": 14022000.0,
        "Net Income": 14022000.0,
        "Minority Interests": -348000.0,
        "Net Income Including Noncontrolling Interests": 14370000.0,
        "Net Income Continuous Operations": 14370000.0,
        "Earnings From Equity Interest Net Of Tax": 6757000.0,
        "Tax Provision": 671000.0,
        "Pretax Income": 8284000.0,
        "Other Income Expense": 2872000.0,
        "Other Non Operating Income Expenses": NaN,
        "Special Income Charges": 0.0,
        "Gain On Sale Of Ppe": 0.0,
        "Impairment Of Capital Assets": NaN,
        "Gain On Sale Of Security": 2872000.0,
        "Net Non Operating Interest Income Expense": -11359000.0,
        "Interest Expense Non Operating": 11471000.0,
        "Interest Income Non Operating": 112000.0,
        "Operating Income": 16771000.0,
        "Operating Expense": 9287000.0,
        "Other Operating Expenses": 1460000.0,
        "Selling General And Administration": 7827000.0,
        "General And Administrative Expense": 7827000.0,
        "Other Gand A": 7827000.0,
        "Gross Profit": 26058000.0,
        "Cost Of Revenue": 97859000.0,
        "Total Revenue": 123917000.0,
        "Operating Revenue": 123917000.0
    },
    "2022-03-31": {
        "Diluted EPS": 0.35,
        "Total Revenue": 120,
        "Gross Profit": 56,
        "Operating Income": 17,
        "EBIT": 50,
        "Net Income": 27
    },
    "2021-12-31": {
        "Diluted EPS": -0.64,
        "Total Revenue": 132,
        "Gross Profit": 64,
        "Operating Income": -36,
        "EBIT": -9,
        "Net Income": -41
    },
    "2021-09-30": {
        "Diluted EPS": 0.1,
        "Total Revenue": 103,
        "Gross Profit": 46,
        "Operating Income": 13,
        "EBIT": 38,
        "Net Income": 7
    },
    "2021-06-30": {
        "Diluted EPS": 0.01,
        "Total Revenue": 86,
        "Gross Profit": 34,
        "Operating Income": 7,
        "EBIT": 28,
        "Net Income": 0
    },
    "2021-03-31": {
        "Diluted EPS": 0.05,
        "Total Revenue": 86,
        "Gross Profit": 39,
        "Operating Income": 12,
        "EBIT": 32,
        "Net Income": 3
    },
    "2020-12-31": {
        "Diluted EPS": 0.06,
        "Total Revenue": 87,
        "Gross Profit": 38,
        "Operating Income": 11,
        "EBIT": 31,
        "Net Income": 3
    },
    "2020-09-30": {
        "Diluted EPS": 0.02,
        "Total Revenue": 81,
        "Gross Profit": 35,
        "Operating Income": 8,
        "EBIT": 29,
        "Net Income": 1
    },
    "2020-06-30": {
        "Diluted EPS": 0.05,
        "Total Revenue": 82,
        "Gross Profit": 38,
        "Operating Income": 13,
        "EBIT": 34,
        "Net Income": 3
    },
    "2020-03-31": {
        "Diluted EPS": -0.14,
        "Total Revenue": 81,
        "Gross Profit": 36,
        "Operating Income": 9,
        "EBIT": 30,
        "Net Income": -8
    },
    "2019-12-31": {
        "Diluted EPS": -0.05,
        "Total Revenue": 76,
        "Gross Profit": 36,
        "Operating Income": 9,
        "EBIT": 30,
        "Net Income": -3
    },
    "2019-09-30": {
        "Diluted EPS": -0.05,
        "Total Revenue": 76,
        "Gross Profit": 35,
        "Operating Income": 11,
        "EBIT": 31,
        "Net Income": -3
    },
    "2019-06-30": {
        "Diluted EPS": -0.14,
        "Total Revenue": 74,
        "Gross Profit": 30,
        "Operating Income": 4,
        "EBIT": 24,
        "Net Income": -8
    },
    "2019-03-31": {
        "Diluted EPS": -0.06,
        "Total Revenue": 76,
        "Gross Profit": 33,
        "Operating Income": 8,
        "EBIT": 28,
        "Net Income": -3
    },
    "2018-12-31": {
        "Diluted EPS": -0.06,
        "Total Revenue": 78,
        "Gross Profit": 36,
        "Operating Income": 11,
        "EBIT": 30,
        "Net Income": -4
    },
    "2018-09-30": {
        "Diluted EPS": 0.01,
        "Total Revenue": 81,
        "Gross Profit": 37,
        "Operating Income": 12,
        "EBIT": 31,
        "Net Income": 1
    },
    "2018-06-30": {
        "Diluted EPS": -0.06,
        "Total Revenue": 73,
        "Gross Profit": 33,
        "Operating Income": 8,
        "EBIT": 28,
        "Net Income": -3
    },
    "2018-03-31": {
        "Diluted EPS": 0.01,
        "Total Revenue": 78,
        "Gross Profit": 36,
        "Operating Income": 11,
        "EBIT": 31,
        "Net Income": 1
    },
    "2017-12-31": {
        "Diluted EPS": 0.03,
        "Total Revenue": 77,
        "Gross Profit": 35,
        "Operating Income": 11,
        "EBIT": 32,
        "Net Income": 1
    },
    "2017-09-30": {
        "Diluted EPS": -0.02,
        "Total Revenue": 70,
        "Gross Profit": 33,
        "Operating Income": 8,
        "EBIT": 26,
        "Net Income": -1
    },
    "2017-06-30": {
        "Diluted EPS": 0.04,
        "Total Revenue": 74,
        "Gross Profit": 36,
        "Operating Income": 12,
        "EBIT": 32,
        "Net Income": 2
    },
    "2017-03-31": {
        "Diluted EPS": 0.05,
        "Total Revenue": 77,
        "Gross Profit": 38,
        "Operating Income": 16,
        "EBIT": 35,
        "Net Income": 3
    },
    "2016-12-31": {
        "Diluted EPS": 0.13,
        "Total Revenue": 75,
        "Gross Profit": 39,
        "Operating Income": 18,
        "EBIT": 35,
        "Net Income": 8
    },
    "2016-09-30": {
        "Diluted EPS": 0.12,
        "Total Revenue": 70,
        "Gross Profit": 36,
        "Operating Income": 15,
        "EBIT": 31,
        "Net Income": 6
    },
    "2016-06-30": {
        "Diluted EPS": 0.2,
        "Total Revenue": 73,
        "Gross Profit": 40,
        "Operating Income": 19,
        "EBIT": 35,
        "Net Income": 11
    },
    "2016-03-31": {
        "Diluted EPS": 0.35,
        "Total Revenue": 76,
        "Gross Profit": 47,
        "Operating Income": 27,
        "EBIT": 43,
        "Net Income": 19
    },
    "2015-12-31": {
        "Diluted EPS": 0.43,
        "Total Revenue": 79,
        "Gross Profit": 51,
        "Operating Income": 32,
        "EBIT": 47,
        "Net Income": 24
    },
    "2015-09-30": {
        "Diluted EPS": 0.43,
        "Total Revenue": 78,
        "Gross Profit": 49,
        "Operating Income": 31,
        "EBIT": 44,
        "Net Income": 24
    },
    "2015-06-30": {
        "Diluted EPS": 0.49,
        "Total Revenue": 84,
        "Gross Profit": 53,
        "Operating Income": 35,
        "EBIT": 48,
        "Net Income": 27
    },
    "2015-03-31": {
        "Diluted EPS": 0.42,
        "Total Revenue": 74,
        "Gross Profit": 49,
        "Operating Income": 32,
        "EBIT": 47,
        "Net Income": 23
    },
    "2014-12-31": {
        "Diluted EPS": 0.44,
        "Total Revenue": 78,
        "Gross Profit": 49,
        "Operating Income": 17,
        "EBIT": 29,
        "Net Income": 24
    },
    "2014-09-30": {
        "Diluted EPS": 0.43,
        "Total Revenue": 81,
        "Gross Profit": 47,
        "Operating Income": 44,
        "EBIT": 56,
        "Net Income": 24
    },
    "2014-06-30": {
        "Diluted EPS": 0.35,
        "Total Revenue": 76,
        "Gross Profit": 44,
        "Operating Income": 29,
        "EBIT": 40,
        "Net Income": 20
    },
    "2014-03-31": {
        "Diluted EPS": 0.31,
        "Total Revenue": 70,
        "Gross Profit": 41,
        "Operating Income": 25,
        "EBIT": 36,
        "Net Income": 17
    },
    "2013-12-31": {
        "Diluted EPS": 0.22,
        "Total Revenue": 71,
        "Gross Profit": 38,
        "Operating Income": 19,
        "EBIT": 29,
        "Net Income": 11
    },
    "2013-09-30": {
        "Diluted EPS": 0.24,
        "Total Revenue": 64,
        "Gross Profit": 32,
        "Operating Income": 19,
        "EBIT": 30,
        "Net Income": 11
    },
    "2013-06-30": {
        "Diluted EPS": 0.25,
        "Total Revenue": 61,
        "Gross Profit": 29,
        "Operating Income": 18,
        "EBIT": 27,
        "Net Income": 11
    },
    "2013-03-31": {
        "Diluted EPS": 0.18,
        "Total Revenue": 42,
        "Gross Profit": 23,
        "Operating Income": 14,
        "EBIT": 21,
        "Net Income": 8
    },
    "2012-12-31": {
        "Diluted EPS": 0.23,
        "Total Revenue": 40,
        "Gross Profit": 20,
        "Operating Income": 12,
        "EBIT": 17,
        "Net Income": 9
    },
    "2012-09-30": {
        "Diluted EPS": 0.22,
        "Total Revenue": 40,
        "Gross Profit": 19,
        "Operating Income": 11,
        "EBIT": 17,
        "Net Income": 8
    },
    "2012-06-30": {
        "Diluted EPS": 0.18,
        "Total Revenue": 37,
        "Gross Profit": 18,
        "Operating Income": 10,
        "EBIT": 16,
        "Net Income": 7
    },
    "2012-03-31": {
        "Diluted EPS": 0.19,
        "Total Revenue": 30,
        "Gross Profit": 15,
        "Operating Income": 8,
        "EBIT": 13,
        "Net Income": 6
    },
    "2011-12-31": {
        "Diluted EPS": 0.15,
        "Total Revenue": 25,
        "Gross Profit": 25,
        "Operating Income": 25,
        "EBIT": 25,
        "Net Income": 5
    },
    "2023-06-30": {
        "Tax Effect Of Unusual Items": 687295.580346,
        "Tax Rate For Calcs": 0.084476,
        "Normalized EBITDA": 64556000.0,
        "Total Unusual Items": 8136000.0,
        "Total Unusual Items Excluding Goodwill": 8136000.0,
        "Net Income From Continuing Operation Net Minority Interest": 26606000.0,
        "Reconciled Depreciation": 32190000.0,
        "Reconciled Cost Of Revenue": 94307000.0,
        "EBITDA": 72692000.0,
        "EBIT": 40502000.0,
        "Net Interest Income": -15720000.0,
        "Interest Expense": 17016000.0,
        "Interest Income": 1296000.0,
        "Normalized Income": 19157295.580346,
        "Net Income From Continuing And Discontinued Operation": 26606000.0,
        "Total Expenses": 104265000.0,
        "Total Operating Income As Reported": 36011000.0,
        "Diluted Average Shares": 74329162.0,
        "Basic Average Shares": 73745894.0,
        "Diluted EPS": 0.36,
        "Basic EPS": 0.36,
        "Diluted NI Availto Com Stockholders": 26606000.0,
        "Net Income Common Stockholders": 26606000.0,
        "Net Income": 26606000.0,
        "Minority Interests": -889000.0,
        "Net Income Including Noncontrolling Interests": 27495000.0,
        "Net Income Continuous Operations": 27495000.0,
        "Earnings From Equity Interest Net Of Tax": 5993000.0,
        "Tax Provision": 1984000.0,
        "Pretax Income": 23486000.0,
        "Other Income Expense": 8136000.0,
        "Other Non Operating Income Expenses": NaN,
        "Special Income Charges": 4941000.0,
        "Gain On Sale Of Ppe": 4941000.0,
        "Gain On Sale Of Security": 3195000.0,
        "Net Non Operating Interest Income Expense": -15720000.0,
        "Interest Expense Non Operating": 17016000.0,
        "Interest Income Non Operating": 1296000.0,
        "Operating Income": 31070000.0,
        "Operating Expense": 9958000.0,
        "Other Operating Expenses": 1735000.0,
        "Selling General And Administration": 8223000.0,
        "General And Administrative Expense": 8223000.0,
        "Other Gand A": 8223000.0,
        "Gross Profit": 41028000.0,
        "Cost Of Revenue": 94307000.0,
        "Total Revenue": 135335000.0,
        "Operating Revenue": 135335000.0
    },
    "2023-09-30": {
        "Tax Effect Of Unusual Items": -58116.591928,
        "Tax Rate For Calcs": 0.059791,
        "Normalized EBITDA": 70246000.0,
        "Total Unusual Items": -972000.0,
        "Total Unusual Items Excluding Goodwill": -972000.0,
        "Net Income From Continuing Operation Net Minority Interest": 19113000.0,
        "Reconciled Depreciation": 32353000.0,
        "Reconciled Cost Of Revenue": 92498000.0,
        "EBITDA": 69274000.0,
        "EBIT": 36921000.0,
        "Net Interest Income": -16421000.0,
        "Interest Expense": 18189000.0,
        "Interest Income": 1768000.0,
        "Normalized Income": 20026883.408072,
        "Net Income From Continuing And Discontinued Operation": 19113000.0,
        "Total Expenses": 101643000.0,
        "Total Operating Income As Reported": 36125000.0,
        "Diluted Average Shares": 74032887.0,
        "Basic Average Shares": 73449619.0,
        "Diluted EPS": 0.26,
        "Basic EPS": 0.26,
        "Diluted NI Availto Com Stockholders": 19113000.0,
        "Net Income Common Stockholders": 19113000.0,
        "Net Income": 19113000.0,
        "Minority Interests": -2270000.0,
        "Net Income Including Noncontrolling Interests": 21383000.0,
        "Net Income Continuous Operations": 21383000.0,
        "Earnings From Equity Interest Net Of Tax": 3771000.0,
        "Tax Provision": 1120000.0,
        "Pretax Income": 18732000.0,
        "Other Income Expense": -972000.0,
        "Other Non Operating Income Expenses": NaN,
        "Special Income Charges": 0.0,
        "Gain On Sale Of Ppe": 0.0,
        "Gain On Sale Of Security": -972000.0,
        "Net Non Operating Interest Income Expense": -16421000.0,
        "Interest Expense Non Operating": 18189000.0,
        "Interest Income Non Operating": 1768000.0,
        "Operating Income": 36125000.0,
        "Operating Expense": 9145000.0,
        "Other Operating Expenses": 1788000.0,
        "Selling General And Administration": 7357000.0,
        "General And Administrative Expense": 7357000.0,
        "Other Gand A": 7357000.0,
        "Gross Profit": 45270000.0,
        "Cost Of Revenue": 92498000.0,
        "Total Revenue": 137768000.0,
        "Operating Revenue": 137768000.0
    },
    "2023-12-31": {
        "Tax Effect Of Unusual Items": -22129.42899,
        "Tax Rate For Calcs": 0.0041,
        "Normalized EBITDA": 68241000.0,
        "Total Unusual Items": -5398000.0,
        "Total Unusual Items Excluding Goodwill": -5398000.0,
        "Net Income From Continuing Operation Net Minority Interest": 17750000.0,
        "Reconciled Depreciation": 32828000.0,
        "Reconciled Cost Of Revenue": 97659000.0,
        "EBITDA": 62843000.0,
        "EBIT": 30015000.0,
        "Net Interest Income": -14295000.0,
        "Interest Expense": 16355000.0,
        "Interest Income": 2060000.0,
        "Normalized Income": 23125870.57101,
        "Net Income From Continuing And Discontinued Operation": 17750000.0,
        "Total Expenses": 108279000.0,
        "Total Operating Income As Reported": 33209000.0,
        "Diluted Average Shares": NaN,
        "Basic Average Shares": NaN,
        "Diluted EPS": NaN,
        "Basic EPS": NaN,
        "Diluted NI Availto Com Stockholders": 17750000.0,
        "Net Income Common Stockholders": 17750000.0,
        "Net Income": 17750000.0,
        "Minority Interests": -1394000.0,
        "Net Income Including Noncontrolling Interests": 19144000.0,
        "Net Income Continuous Operations": 19144000.0,
        "Earnings From Equity Interest Net Of Tax": 5540000.0,
        "Tax Provision": 56000.0,
        "Pretax Income": 13660000.0,
        "Other Income Expense": -5398000.0,
        "Other Non Operating Income Expenses": 0.0,
        "Special Income Charges": -144000.0,
        "Gain On Sale Of Ppe": -144000.0,
        "Gain On Sale Of Security": -5254000.0,
        "Net Non Operating Interest Income Expense": -14295000.0,
        "Interest Expense Non Operating": 16355000.0,
        "Interest Income Non Operating": 2060000.0,
        "Operating Income": 33353000.0,
        "Operating Expense": 10620000.0,
        "Other Operating Expenses": 1742000.0,
        "Selling General And Administration": 8878000.0,
        "General And Administrative Expense": 8878000.0,
        "Other Gand A": 8878000.0,
        "Gross Profit": 43973000.0,
        "Cost Of Revenue": 97659000.0,
        "Total Revenue": 141632000.0,
        "Operating Revenue": 141632000.0
    },
    "2024-03-31": {
        "Tax Effect Of Unusual Items": -24802.484472,
        "Tax Rate For Calcs": 0.055487,
        "Normalized EBITDA": 71359000.0,
        "Total Unusual Items": -447000.0,
        "Total Unusual Items Excluding Goodwill": -447000.0,
        "Net Income From Continuing Operation Net Minority Interest": 22573000.0,
        "Reconciled Depreciation": 33440000.0,
        "Reconciled Cost Of Revenue": 89742000.0,
        "EBITDA": 70912000.0,
        "EBIT": 37472000.0,
        "Net Interest Income": -14125000.0,
        "Interest Expense": 15737000.0,
        "Interest Income": 1612000.0,
        "Normalized Income": 22995197.515528,
        "Net Income From Continuing And Discontinued Operation": 22573000.0,
        "Total Expenses": 97848000.0,
        "Total Operating Income As Reported": 36307000.0,
        "Diluted Average Shares": 73757164.0,
        "Basic Average Shares": 73209771.0,
        "Diluted EPS": 0.31,
        "Basic EPS": 0.31,
        "Diluted NI Availto Com Stockholders": 22573000.0,
        "Net Income Common Stockholders": 22573000.0,
        "Net Income": 22573000.0,
        "Minority Interests": -2346000.0,
        "Net Income Including Noncontrolling Interests": 24919000.0,
        "Net Income Continuous Operations": 24919000.0,
        "Earnings From Equity Interest Net Of Tax": 4390000.0,
        "Tax Provision": 1206000.0,
        "Pretax Income": 21735000.0,
        "Other Income Expense": -447000.0,
        "Other Non Operating Income Expenses": NaN,
        "Special Income Charges": NaN,
        "Gain On Sale Of Ppe": NaN,
        "Gain On Sale Of Security": -447000.0,
        "Net Non Operating Interest Income Expense": -14125000.0,
        "Interest Expense Non Operating": 15737000.0,
        "Interest Income Non Operating": 1612000.0,
        "Operating Income": 36307000.0,
        "Operating Expense": 8106000.0,
        "Other Operating Expenses": 1626000.0,
        "Selling General And Administration": 6480000.0,
        "General And Administrative Expense": 6480000.0,
        "Other Gand A": 6480000.0,
        "Gross Profit": 44413000.0,
        "Cost Of Revenue": 89742000.0,
        "Total Revenue": 134155000.0,
        "Operating Revenue": 134155000.0
    }
}