{
    "2023-03-31": {
        "Tax Effect Of Unusual Items": 0.0,
        "Tax Rate For Calcs": 0.144273,
        "Normalized EBITDA": 39521000.0,
        "Net Income From Continuing Operation Net Minority Interest": 34627000.0,
        "Reconciled Depreciation": 3784000.0,
        "Reconciled Cost Of Revenue": 54927000.0,
        "EBITDA": 39521000.0,
        "EBIT": 35737000.0,
        "Net Interest Income": 4728000.0,
        "Interest Income": 4728000.0,
        "Normalized Income": 34627000.0,
        "Net Income From Continuing And Discontinued Operation": 34627000.0,
        "Total Expenses": 96456000.0,
        "Total Operating Income As Reported": 35737000.0,
        "Diluted NI Availto Com Stockholders": 34627000.0,
        "Net Income Common Stockholders": 34627000.0,
        "Net Income": 34627000.0,
        "Net Income Including Noncontrolling Interests": 34627000.0,
        "Net Income Continuous Operations": 34627000.0,
        "Tax Provision": 5838000.0,
        "Pretax Income": 40465000.0,
        "Net Non Operating Interest Income Expense": 4728000.0,
        "Total Other Finance Cost": NaN,
        "Interest Income Non Operating": 4728000.0,
        "Operating Income": 35737000.0,
        "Operating Expense": 41529000.0,
        "Research And Development": 22968000.0,
        "Selling General And Administration": 18561000.0,
        "Selling And Marketing Expense": 13522000.0,
        "General And Administrative Expense": 5039000.0,
        "Other Gand A": 5039000.0,
        "Gross Profit": 77266000.0,
        "Cost Of Revenue": 54927000.0,
        "Total Revenue": 132193000.0,
        "Operating Revenue": 132193000.0
    },
    "2022-12-31": {
        "Tax Effect Of Unusual Items": 0.0,
        "Tax Rate For Calcs": 0.076329,
        "Normalized EBITDA": 50638000.0,
        "Net Income From Continuing Operation Net Minority Interest": 36098000.0,
        "Reconciled Depreciation": 3954000.0,
        "Reconciled Cost Of Revenue": 72936000.0,
        "EBITDA": 50638000.0,
        "EBIT": 46684000.0,
        "Net Interest Income": -1312000.0,
        "Interest Income": NaN,
        "Normalized Income": 36098000.0,
        "Net Income From Continuing And Discontinued Operation": 36098000.0,
        "Total Expenses": 114314000.0,
        "Total Operating Income As Reported": 36924000.0,
        "Diluted NI Availto Com Stockholders": 36098000.0,
        "Net Income Common Stockholders": 36098000.0,
        "Net Income": 36098000.0,
        "Net Income Including Noncontrolling Interests": 36098000.0,
        "Net Income Continuous Operations": 36098000.0,
        "Tax Provision": 2983000.0,
        "Pretax Income": 39081000.0,
        "Net Non Operating Interest Income Expense": -1312000.0,
        "Total Other Finance Cost": 6508000.0,
        "Interest Income Non Operating": NaN,
        "Operating Income": 36924000.0,
        "Operating Expense": 41378000.0,
        "Research And Development": 26206000.0,
        "Selling General And Administration": 19742000.0,
        "Selling And Marketing Expense": 14665000.0,
        "General And Administrative Expense": 5077000.0,
        "Other Gand A": 5077000.0,
        "Gross Profit": 78302000.0,
        "Cost Of Revenue": 72936000.0,
        "Total Revenue": 151238000.0,
        "Operating Revenue": 151238000.0
    },
    "2022-09-30": {
        "Tax Effect Of Unusual Items": 0.0,
        "Tax Rate For Calcs": 0.133373,
        "Normalized EBITDA": 42476000.0,
        "Net Income From Continuing Operation Net Minority Interest": 35075000.0,
        "Reconciled Depreciation": 3538000.0,
        "Reconciled Cost Of Revenue": 59682000.0,
        "EBITDA": 42476000.0,
        "EBIT": 38938000.0,
        "Net Interest Income": 1535000.0,
        "Interest Expense": 0.0,
        "Interest Income": 1535000.0,
        "Normalized Income": 35075000.0,
        "Net Income From Continuing And Discontinued Operation": 35075000.0,
        "Total Expenses": 104968000.0,
        "Total Operating Income As Reported": 38938000.0,
        "Diluted Average Shares": 31892000.0,
        "Basic Average Shares": 28685000.0,
        "Diluted EPS": 1.1,
        "Basic EPS": 1.22,
        "Diluted NI Availto Com Stockholders": 35075000.0,
        "Net Income Common Stockholders": 35075000.0,
        "Net Income": 35075000.0,
        "Net Income Including Noncontrolling Interests": 35075000.0,
        "Net Income Continuous Operations": 35075000.0,
        "Tax Provision": 5398000.0,
        "Pretax Income": 40473000.0,
        "Net Non Operating Interest Income Expense": 1535000.0,
        "Total Other Finance Cost": -1535000.0,
        "Interest Expense Non Operating": 0.0,
        "Interest Income Non Operating": 1535000.0,
        "Operating Income": 38938000.0,
        "Operating Expense": 43192000.0,
        "Depreciation Amortization Depletion Income Statement": 1444000.0,
        "Depreciation And Amortization In Income Statement": 1444000.0,
        "Amortization": 1444000.0,
        "Amortization Of Intangibles Income Statement": 1444000.0,
        "Research And Development": 23008000.0,
        "Selling General And Administration": 18740000.0,
        "Selling And Marketing Expense": 13476000.0,
        "General And Administrative Expense": 5264000.0,
        "Other Gand A": 5264000.0,
        "Gross Profit": 82130000.0,
        "Cost Of Revenue": 61776000.0,
        "Total Revenue": 143906000.0,
        "Operating Revenue": 143906000.0
    },
    "2022-06-30": {
        "Tax Effect Of Unusual Items": 0.0,
        "Tax Rate For Calcs": 0.139473,
        "Normalized EBITDA": 40477000.0,
        "Net Income From Continuing Operation Net Minority Interest": 34878000.0,
        "Reconciled Depreciation": 3514000.0,
        "Reconciled Cost Of Revenue": 59239000.0,
        "EBITDA": 40477000.0,
        "EBIT": 36963000.0,
        "Net Interest Income": 3568000.0,
        "Interest Expense": NaN,
        "Interest Income": NaN,
        "Normalized Income": 34878000.0,
        "Net Income From Continuing And Discontinued Operation": 34878000.0,
        "Total Expenses": 104665000.0,
        "Total Operating Income As Reported": 36963000.0,
        "Diluted Average Shares": 31902000.0,
        "Basic Average Shares": 28688000.0,
        "Diluted EPS": 1.09,
        "Basic EPS": 1.22,
        "Diluted NI Availto Com Stockholders": 34878000.0,
        "Net Income Common Stockholders": 34878000.0,
        "Net Income": 34878000.0,
        "Net Income Including Noncontrolling Interests": 34878000.0,
        "Net Income Continuous Operations": 34878000.0,
        "Tax Provision": 5653000.0,
        "Pretax Income": 40531000.0,
        "Net Non Operating Interest Income Expense": 3568000.0,
        "Total Other Finance Cost": -3568000.0,
        "Interest Expense Non Operating": NaN,
        "Interest Income Non Operating": NaN,
        "Operating Income": 36963000.0,
        "Operating Expense": 43425000.0,
        "Depreciation Amortization Depletion Income Statement": 1513000.0,
        "Depreciation And Amortization In Income Statement": 1513000.0,
        "Amortization": 1513000.0,
        "Amortization Of Intangibles Income Statement": 1513000.0,
        "Research And Development": 22115000.0,
        "Selling General And Administration": 19797000.0,
        "Selling And Marketing Expense": 12342000.0,
        "General And Administrative Expense": 7455000.0,
        "Other Gand A": 7455000.0,
        "Gross Profit": 80388000.0,
        "Cost Of Revenue": 61240000.0,
        "Total Revenue": 141628000.0,
        "Operating Revenue": 141628000.0
    },
    "2023-06-30": {
        "Tax Effect Of Unusual Items": 0.0,
        "Tax Rate For Calcs": 0.12864,
        "Normalized EBITDA": 32667000.0,
        "Net Income From Continuing Operation Net Minority Interest": 29926000.0,
        "Reconciled Depreciation": 3951000.0,
        "Reconciled Cost Of Revenue": 53044000.0,
        "EBITDA": 32667000.0,
        "EBIT": 28716000.0,
        "Net Interest Income": 5628000.0,
        "Interest Income": 5628000.0,
        "Normalized Income": 29926000.0,
        "Net Income From Continuing And Discontinued Operation": 29926000.0,
        "Total Expenses": 93986000.0,
        "Total Operating Income As Reported": 28716000.0,
        "Diluted NI Availto Com Stockholders": 29926000.0,
        "Net Income Common Stockholders": 29926000.0,
        "Net Income": 29926000.0,
        "Net Income Including Noncontrolling Interests": 29926000.0,
        "Net Income Continuous Operations": 29926000.0,
        "Tax Provision": 4418000.0,
        "Pretax Income": 34344000.0,
        "Net Non Operating Interest Income Expense": 5628000.0,
        "Total Other Finance Cost": NaN,
        "Interest Income Non Operating": 5628000.0,
        "Operating Income": 28716000.0,
        "Operating Expense": 40942000.0,
        "Research And Development": 22413000.0,
        "Selling General And Administration": 18529000.0,
        "Selling And Marketing Expense": 12927000.0,
        "General And Administrative Expense": 5602000.0,
        "Other Gand A": 5602000.0,
        "Gross Profit": 69658000.0,
        "Cost Of Revenue": 53044000.0,
        "Total Revenue": 122702000.0,
        "Operating Revenue": 122702000.0
    },
    "2022-03-31": {
        "Diluted EPS": 1.07,
        "Total Revenue": 134,
        "Gross Profit": 75,
        "Operating Income": 37,
        "EBIT": 42,
        "Net Income": 34
    },
    "2021-12-31": {
        "Diluted EPS": 0.73,
        "Total Revenue": 122,
        "Gross Profit": 66,
        "Operating Income": 30,
        "EBIT": 33,
        "Net Income": 22
    },
    "2021-09-30": {
        "Diluted EPS": 1.02,
        "Total Revenue": 113,
        "Gross Profit": 65,
        "Operating Income": 36,
        "EBIT": 41,
        "Net Income": 30
    },
    "2021-06-30": {
        "Diluted EPS": 0.77,
        "Total Revenue": 98,
        "Gross Profit": 56,
        "Operating Income": 27,
        "EBIT": 31,
        "Net Income": 23
    },
    "2021-03-31": {
        "Diluted EPS": 0.6,
        "Total Revenue": 84,
        "Gross Profit": 48,
        "Operating Income": 20,
        "EBIT": 23,
        "Net Income": 18
    },
    "2020-12-31": {
        "Diluted EPS": 0.46,
        "Total Revenue": 76,
        "Gross Profit": 42,
        "Operating Income": 17,
        "EBIT": 20,
        "Net Income": 14
    },
    "2020-09-30": {
        "Diluted EPS": 0.48,
        "Total Revenue": 69,
        "Gross Profit": 40,
        "Operating Income": 16,
        "EBIT": 18,
        "Net Income": 14
    },
    "2020-06-30": {
        "Diluted EPS": 0.3,
        "Total Revenue": 63,
        "Gross Profit": 37,
        "Operating Income": 10,
        "EBIT": 12,
        "Net Income": 9
    },
    "2020-03-31": {
        "Diluted EPS": 0.41,
        "Total Revenue": 61,
        "Gross Profit": 34,
        "Operating Income": 13,
        "EBIT": 15,
        "Net Income": 12
    },
    "2019-12-31": {
        "Diluted EPS": 0.43,
        "Total Revenue": 65,
        "Gross Profit": 35,
        "Operating Income": 14,
        "EBIT": 13,
        "Net Income": 12
    },
    "2019-09-30": {
        "Diluted EPS": 0.3,
        "Total Revenue": 53,
        "Gross Profit": 27,
        "Operating Income": 6,
        "EBIT": 10,
        "Net Income": 9
    },
    "2019-06-30": {
        "Diluted EPS": 0.23,
        "Total Revenue": 51,
        "Gross Profit": 28,
        "Operating Income": 7,
        "EBIT": 10,
        "Net Income": 6
    },
    "2019-03-31": {
        "Diluted EPS": 0.27,
        "Total Revenue": 57,
        "Gross Profit": 32,
        "Operating Income": 9,
        "EBIT": 11,
        "Net Income": 8
    },
    "2018-12-31": {
        "Diluted EPS": 0.53,
        "Total Revenue": 63,
        "Gross Profit": 36,
        "Operating Income": 15,
        "EBIT": 14,
        "Net Income": 15
    },
    "2018-09-30": {
        "Diluted EPS": 0.46,
        "Total Revenue": 64,
        "Gross Profit": 37,
        "Operating Income": 16,
        "EBIT": 19,
        "Net Income": 13
    },
    "2018-06-30": {
        "Diluted EPS": 0.41,
        "Total Revenue": 62,
        "Gross Profit": 36,
        "Operating Income": 14,
        "EBIT": 17,
        "Net Income": 12
    },
    "2018-03-31": {
        "Diluted EPS": 0.49,
        "Total Revenue": 63,
        "Gross Profit": 36,
        "Operating Income": 16,
        "EBIT": 18,
        "Net Income": 14
    },
    "2017-12-31": {
        "Diluted EPS": 0.28,
        "Total Revenue": 57,
        "Gross Profit": 32,
        "Operating Income": 12,
        "EBIT": 12,
        "Net Income": 8
    },
    "2017-09-30": {
        "Diluted EPS": 0.4,
        "Total Revenue": 54,
        "Gross Profit": 33,
        "Operating Income": 15,
        "EBIT": 17,
        "Net Income": 12
    },
    "2017-06-30": {
        "Diluted EPS": 0.47,
        "Total Revenue": 56,
        "Gross Profit": 33,
        "Operating Income": 16,
        "EBIT": 18,
        "Net Income": 13
    },
    "2017-03-31": {
        "Diluted EPS": 0.48,
        "Total Revenue": 54,
        "Gross Profit": 33,
        "Operating Income": 15,
        "EBIT": 17,
        "Net Income": 13
    },
    "2016-12-31": {
        "Diluted EPS": 0.31,
        "Total Revenue": 50,
        "Gross Profit": 28,
        "Operating Income": 11,
        "EBIT": 10,
        "Net Income": 8
    },
    "2016-09-30": {
        "Diluted EPS": -0.18,
        "Total Revenue": 44,
        "Gross Profit": 10,
        "Operating Income": -7,
        "EBIT": -4,
        "Net Income": -5
    },
    "2016-06-30": {
        "Diluted EPS": 0.11,
        "Total Revenue": 36,
        "Gross Profit": 19,
        "Operating Income": 4,
        "EBIT": 6,
        "Net Income": 3
    },
    "2016-03-31": {
        "Diluted EPS": 0.11,
        "Total Revenue": 34,
        "Gross Profit": 19,
        "Operating Income": 3,
        "EBIT": 5,
        "Net Income": 3
    },
    "2015-12-31": {
        "Diluted EPS": 0.19,
        "Total Revenue": 40,
        "Gross Profit": 21,
        "Operating Income": 4,
        "EBIT": 4,
        "Net Income": 5
    },
    "2015-09-30": {
        "Diluted EPS": 0.2,
        "Total Revenue": 40,
        "Gross Profit": 23,
        "Operating Income": 5,
        "EBIT": 8,
        "Net Income": 5
    },
    "2015-06-30": {
        "Diluted EPS": 0.08,
        "Total Revenue": 41,
        "Gross Profit": 19,
        "Operating Income": 0,
        "EBIT": 5,
        "Net Income": 2
    },
    "2015-03-31": {
        "Diluted EPS": 0.11,
        "Total Revenue": 27,
        "Gross Profit": 14,
        "Operating Income": 2,
        "EBIT": 4,
        "Net Income": 3
    },
    "2014-12-31": {
        "Diluted EPS": 0.12,
        "Total Revenue": 26,
        "Gross Profit": 13,
        "Operating Income": 2,
        "EBIT": 3,
        "Net Income": 3
    },
    "2014-09-30": {
        "Diluted EPS": 0.12,
        "Total Revenue": 27,
        "Gross Profit": 15,
        "Operating Income": 3,
        "EBIT": 4,
        "Net Income": 3
    },
    "2014-06-30": {
        "Diluted EPS": 0.2,
        "Total Revenue": 33,
        "Gross Profit": 18,
        "Operating Income": 6,
        "EBIT": 6,
        "Net Income": 6
    },
    "2014-03-31": {
        "Diluted EPS": 0.23,
        "Total Revenue": 35,
        "Gross Profit": 18,
        "Operating Income": 6,
        "EBIT": 8,
        "Net Income": 6
    },
    "2013-12-31": {
        "Diluted EPS": 0.11,
        "Total Revenue": 30,
        "Gross Profit": 16,
        "Operating Income": 4,
        "EBIT": 5,
        "Net Income": 3
    },
    "2013-09-30": {
        "Diluted EPS": 0.08,
        "Total Revenue": 26,
        "Gross Profit": 13,
        "Operating Income": 2,
        "EBIT": 3,
        "Net Income": 2
    },
    "2013-06-30": {
        "Diluted EPS": 0.1,
        "Total Revenue": 28,
        "Gross Profit": 15,
        "Operating Income": 3,
        "EBIT": 4,
        "Net Income": 3
    },
    "2013-03-31": {
        "Diluted EPS": 0.09,
        "Total Revenue": 27,
        "Gross Profit": 15,
        "Operating Income": 3,
        "EBIT": 4,
        "Net Income": 2
    },
    "2012-12-31": {
        "Diluted EPS": 0.09,
        "Total Revenue": 22,
        "Gross Profit": 11,
        "Operating Income": 0,
        "EBIT": 1,
        "Net Income": 2
    },
    "2012-09-30": {
        "Diluted EPS": 0.11,
        "Total Revenue": 24,
        "Gross Profit": 13,
        "Operating Income": 3,
        "EBIT": 4,
        "Net Income": 3
    },
    "2012-06-30": {
        "Diluted EPS": 0.14,
        "Total Revenue": 27,
        "Gross Profit": 15,
        "Operating Income": 5,
        "EBIT": 6,
        "Net Income": 4
    },
    "2012-03-31": {
        "Diluted EPS": 0.1,
        "Total Revenue": 23,
        "Gross Profit": 13,
        "Operating Income": 3,
        "EBIT": 4,
        "Net Income": 3
    },
    "2011-12-31": {
        "Diluted EPS": 0.18,
        "Total Revenue": 19,
        "Gross Profit": 11,
        "Operating Income": 2,
        "EBIT": 3,
        "Net Income": 5
    },
    "2011-09-30": {
        "Diluted EPS": 0.22,
        "Total Revenue": 26,
        "Gross Profit": 14,
        "Operating Income": 6,
        "EBIT": 7,
        "Net Income": 6
    },
    "2011-06-30": {
        "Diluted EPS": 0.34,
        "Total Revenue": 30,
        "Gross Profit": 17,
        "Operating Income": 9,
        "EBIT": 10,
        "Net Income": 9
    },
    "2011-03-31": {
        "Diluted EPS": 0.3,
        "Total Revenue": 28,
        "Gross Profit": 16,
        "Operating Income": 8,
        "EBIT": 8,
        "Net Income": 8
    },
    "2010-12-31": {
        "Diluted EPS": 0.28,
        "Total Revenue": 27,
        "Gross Profit": 15,
        "Operating Income": 7,
        "EBIT": 8,
        "Net Income": 7
    },
    "2010-09-30": {
        "Diluted EPS": 0.27,
        "Total Revenue": 24,
        "Gross Profit": 13,
        "Operating Income": 7,
        "EBIT": 8,
        "Net Income": 7
    },
    "2010-06-30": {
        "Diluted EPS": 0.18,
        "Total Revenue": 19,
        "Gross Profit": 10,
        "Operating Income": 5,
        "EBIT": 5,
        "Net Income": 5
    },
    "2010-03-31": {
        "Diluted EPS": 0.11,
        "Total Revenue": 16,
        "Gross Profit": 8,
        "Operating Income": 3,
        "EBIT": 3,
        "Net Income": 3
    },
    "2009-12-31": {
        "Diluted EPS": 0.13,
        "Total Revenue": 15,
        "Gross Profit": 7,
        "Operating Income": 3,
        "EBIT": 3,
        "Net Income": 3
    },
    "2009-09-30": {
        "Diluted EPS": 0.08,
        "Total Revenue": 11,
        "Gross Profit": 6,
        "Operating Income": 2,
        "EBIT": 2,
        "Net Income": 2
    },
    "2009-06-30": {
        "Diluted EPS": -0.01,
        "Total Revenue": 7,
        "Gross Profit": 3,
        "Operating Income": 0,
        "EBIT": 0,
        "Net Income": 0
    },
    "2009-03-31": {
        "Diluted EPS": -0.09,
        "Total Revenue": 6,
        "Gross Profit": 2,
        "Operating Income": -2,
        "EBIT": -1,
        "Net Income": -2
    },
    "2023-09-30": {
        "Tax Effect Of Unusual Items": 0.0,
        "Tax Rate For Calcs": 0.13496,
        "Normalized EBITDA": 38397000.0,
        "Net Income From Continuing Operation Net Minority Interest": 33689000.0,
        "Reconciled Depreciation": 4249000.0,
        "Reconciled Cost Of Revenue": 56567000.0,
        "EBITDA": 38397000.0,
        "EBIT": 34148000.0,
        "Net Interest Income": 4797000.0,
        "Interest Income": 4797000.0,
        "Normalized Income": 33689000.0,
        "Net Income From Continuing And Discontinued Operation": 33689000.0,
        "Total Expenses": 94660000.0,
        "Total Operating Income As Reported": 34148000.0,
        "Diluted NI Availto Com Stockholders": 33689000.0,
        "Net Income Common Stockholders": 33689000.0,
        "Net Income": 33689000.0,
        "Net Income Including Noncontrolling Interests": 33689000.0,
        "Net Income Continuous Operations": 33689000.0,
        "Tax Provision": 5256000.0,
        "Pretax Income": 38945000.0,
        "Net Non Operating Interest Income Expense": 4797000.0,
        "Total Other Finance Cost": NaN,
        "Interest Income Non Operating": 4797000.0,
        "Operating Income": 34148000.0,
        "Operating Expense": 38093000.0,
        "Research And Development": 21372000.0,
        "Selling General And Administration": 16721000.0,
        "Selling And Marketing Expense": 12438000.0,
        "General And Administrative Expense": 4283000.0,
        "Other Gand A": 4283000.0,
        "Gross Profit": 72241000.0,
        "Cost Of Revenue": 56567000.0,
        "Total Revenue": 128808000.0,
        "Operating Revenue": 128808000.0
    }
}