{
    "2023-06-30": {
        "Tax Effect Of Unusual Items": 0.0,
        "Tax Rate For Calcs": 0.143,
        "Normalized EBITDA": 477971000.0,
        "Net Income From Continuing Operation Net Minority Interest": 404027000.0,
        "Reconciled Depreciation": 4217000.0,
        "Reconciled Cost Of Revenue": 1728146000.0,
        "EBITDA": 477971000.0,
        "EBIT": 477971000.0,
        "Net Interest Income": -6795000.0,
        "Interest Expense": 6795000.0,
        "Normalized Income": 404027000.0,
        "Net Income From Continuing And Discontinued Operation": 404027000.0,
        "Total Expenses": 1865284000.0,
        "Total Operating Income As Reported": 441339000.0,
        "Diluted Average Shares": 3467000.0,
        "Basic Average Shares": 3263000.0,
        "Diluted EPS": 116.54,
        "Basic EPS": 123.84,
        "Diluted NI Availto Com Stockholders": 404027000.0,
        "Net Income Common Stockholders": 404027000.0,
        "Net Income": 404027000.0,
        "Net Income Including Noncontrolling Interests": 404027000.0,
        "Net Income Continuous Operations": 404027000.0,
        "Tax Provision": 67149000.0,
        "Pretax Income": 471176000.0,
        "Other Income Expense": 1102000.0,
        "Other Non Operating Income Expenses": 1102000.0,
        "Net Non Operating Interest Income Expense": -6795000.0,
        "Interest Expense Non Operating": 6795000.0,
        "Operating Income": 476869000.0,
        "Operating Expense": 137138000.0,
        "Other Operating Expenses": -34259000.0,
        "Selling General And Administration": 171397000.0,
        "General And Administrative Expense": 171397000.0,
        "Other Gand A": 171397000.0,
        "Gross Profit": 614007000.0,
        "Cost Of Revenue": 1728146000.0,
        "Total Revenue": 2342153000.0,
        "Operating Revenue": 2342153000.0
    },
    "2023-03-31": {
        "Tax Effect Of Unusual Items": 0.0,
        "Tax Rate For Calcs": 0.206,
        "Normalized EBITDA": 441068000.0,
        "Net Income From Continuing Operation Net Minority Interest": 344352000.0,
        "Reconciled Depreciation": 4188000.0,
        "Reconciled Cost Of Revenue": 1607910000.0,
        "EBITDA": 441068000.0,
        "EBIT": 441068000.0,
        "Net Interest Income": -7258000.0,
        "Interest Expense": 7258000.0,
        "Normalized Income": 344352000.0,
        "Net Income From Continuing And Discontinued Operation": 344352000.0,
        "Total Expenses": 1741216000.0,
        "Total Operating Income As Reported": 412751000.0,
        "Diluted Average Shares": 3447000.0,
        "Basic Average Shares": 3239000.0,
        "Diluted EPS": 99.89,
        "Basic EPS": 106.31,
        "Diluted NI Availto Com Stockholders": 344352000.0,
        "Net Income Common Stockholders": 344352000.0,
        "Net Income": 344352000.0,
        "Net Income Including Noncontrolling Interests": 344352000.0,
        "Net Income Continuous Operations": 344352000.0,
        "Tax Provision": 89458000.0,
        "Pretax Income": 433810000.0,
        "Other Income Expense": 989000.0,
        "Other Non Operating Income Expenses": 989000.0,
        "Net Non Operating Interest Income Expense": -7258000.0,
        "Interest Expense Non Operating": 7258000.0,
        "Operating Income": 440079000.0,
        "Operating Expense": 133306000.0,
        "Other Operating Expenses": -32946000.0,
        "Selling General And Administration": 166252000.0,
        "General And Administrative Expense": 166252000.0,
        "Other Gand A": 166252000.0,
        "Gross Profit": 573385000.0,
        "Cost Of Revenue": 1607910000.0,
        "Total Revenue": 2181295000.0,
        "Operating Revenue": 2181295000.0
    },
    "2022-12-31": {
        "Tax Effect Of Unusual Items": 0.0,
        "Tax Rate For Calcs": 0.208717,
        "Normalized EBITDA": 585780000.0,
        "Net Income From Continuing Operation Net Minority Interest": 454768000.0,
        "Reconciled Depreciation": 4159000.0,
        "Reconciled Cost Of Revenue": 1993722000.0,
        "EBITDA": 585780000.0,
        "EBIT": 581621000.0,
        "Net Interest Income": -6899000.0,
        "Interest Expense": 6899000.0,
        "Normalized Income": 454768000.0,
        "Net Income From Continuing And Discontinued Operation": 454768000.0,
        "Total Expenses": 2135425000.0,
        "Total Operating Income As Reported": 554911000.0,
        "Diluted Average Shares": 3408000.0,
        "Basic Average Shares": 3207000.0,
        "Diluted EPS": 133.44,
        "Basic EPS": 141.82,
        "Diluted NI Availto Com Stockholders": 454768000.0,
        "Net Income Common Stockholders": 454768000.0,
        "Net Income": 454768000.0,
        "Net Income Including Noncontrolling Interests": 454768000.0,
        "Net Income Continuous Operations": 454768000.0,
        "Tax Provision": 119954000.0,
        "Pretax Income": 574722000.0,
        "Other Income Expense": 1294000.0,
        "Other Non Operating Income Expenses": 1294000.0,
        "Net Non Operating Interest Income Expense": -6899000.0,
        "Interest Expense Non Operating": 6899000.0,
        "Operating Income": 580327000.0,
        "Operating Expense": 141703000.0,
        "Other Operating Expenses": -21592000.0,
        "Selling General And Administration": 163295000.0,
        "General And Administrative Expense": 163295000.0,
        "Other Gand A": 163295000.0,
        "Gross Profit": 722030000.0,
        "Cost Of Revenue": 1993722000.0,
        "Total Revenue": 2715752000.0,
        "Operating Revenue": 2715752000.0
    },
    "2022-09-30": {
        "Tax Effect Of Unusual Items": 0.0,
        "Tax Rate For Calcs": 0.236,
        "Normalized EBITDA": 545717000.0,
        "Net Income From Continuing Operation Net Minority Interest": 411393000.0,
        "Reconciled Depreciation": 4246000.0,
        "Reconciled Cost Of Revenue": 2092457000.0,
        "EBITDA": 545717000.0,
        "EBIT": 545717000.0,
        "Net Interest Income": -7202000.0,
        "Interest Expense": 7202000.0,
        "Normalized Income": 411393000.0,
        "Net Income From Continuing And Discontinued Operation": 411393000.0,
        "Total Expenses": 2235914000.0,
        "Total Operating Income As Reported": 527783000.0,
        "Diluted Average Shares": 3471000.0,
        "Basic Average Shares": 3266000.0,
        "Diluted EPS": 118.51,
        "Basic EPS": 125.97,
        "Diluted NI Availto Com Stockholders": 411393000.0,
        "Net Income Common Stockholders": 411393000.0,
        "Net Income": 411393000.0,
        "Net Income Including Noncontrolling Interests": 411393000.0,
        "Net Income Continuous Operations": 411393000.0,
        "Tax Provision": 127122000.0,
        "Pretax Income": 538515000.0,
        "Other Income Expense": 1294000.0,
        "Other Non Operating Income Expenses": 1294000.0,
        "Net Non Operating Interest Income Expense": -7202000.0,
        "Interest Expense Non Operating": 7202000.0,
        "Operating Income": 544423000.0,
        "Operating Expense": 143457000.0,
        "Other Operating Expenses": -10211000.0,
        "Selling General And Administration": 153668000.0,
        "General And Administrative Expense": 153668000.0,
        "Other Gand A": 153668000.0,
        "Gross Profit": 687880000.0,
        "Cost Of Revenue": 2092457000.0,
        "Total Revenue": 2780337000.0,
        "Operating Revenue": 2780337000.0
    },
    "2022-06-30": {
        "Tax Effect Of Unusual Items": 0.0,
        "Tax Rate For Calcs": 0.245113,
        "Normalized EBITDA": 586269000.0,
        "Net Income From Continuing Operation Net Minority Interest": 433314000.0,
        "Reconciled Depreciation": 4531000.0,
        "Reconciled Cost Of Revenue": 1924727000.0,
        "EBITDA": 586269000.0,
        "EBIT": 586269000.0,
        "Net Interest Income": -12257000.0,
        "Interest Expense": 12257000.0,
        "Normalized Income": 433314000.0,
        "Net Income From Continuing And Discontinued Operation": 433314000.0,
        "Total Expenses": 2076749000.0,
        "Total Operating Income As Reported": 556799000.0,
        "Diluted Average Shares": 3504000.0,
        "Basic Average Shares": 3287000.0,
        "Diluted EPS": 123.65,
        "Basic EPS": 131.84,
        "Diluted NI Availto Com Stockholders": 433314000.0,
        "Net Income Common Stockholders": 433314000.0,
        "Net Income": 433314000.0,
        "Net Income Including Noncontrolling Interests": 433314000.0,
        "Net Income Continuous Operations": 433314000.0,
        "Tax Provision": 140698000.0,
        "Pretax Income": 574012000.0,
        "Other Income Expense": 1303000.0,
        "Other Non Operating Income Expenses": 1303000.0,
        "Net Non Operating Interest Income Expense": -12257000.0,
        "Interest Expense Non Operating": 12257000.0,
        "Operating Income": 584966000.0,
        "Operating Expense": 152022000.0,
        "Other Operating Expenses": -3896000.0,
        "Selling General And Administration": 155918000.0,
        "General And Administrative Expense": 155918000.0,
        "Other Gand A": 155918000.0,
        "Gross Profit": 736988000.0,
        "Cost Of Revenue": 1924727000.0,
        "Total Revenue": 2661715000.0,
        "Operating Revenue": 2661715000.0
    },
    "2022-03-31": {
        "Diluted EPS": 116.56,
        "Total Revenue": NaN,
        "Gross Profit": 727,
        "Operating Income": 579,
        "EBIT": 586,
        "Net Income": 426
    },
    "2021-12-31": {
        "Diluted EPS": 88.38,
        "Total Revenue": NaN,
        "Gross Profit": 584,
        "Operating Income": 440,
        "EBIT": 447,
        "Net Income": 335
    },
    "2021-09-30": {
        "Diluted EPS": 86.44,
        "Total Revenue": NaN,
        "Gross Profit": 578,
        "Operating Income": 447,
        "EBIT": 454,
        "Net Income": 332
    },
    "2021-06-30": {
        "Diluted EPS": 82.45,
        "Total Revenue": NaN,
        "Gross Profit": 562,
        "Operating Income": 431,
        "EBIT": 438,
        "Net Income": 321
    },
    "2021-03-31": {
        "Diluted EPS": 63.21,
        "Total Revenue": NaN,
        "Gross Profit": 464,
        "Operating Income": 325,
        "EBIT": 333,
        "Net Income": 249
    },
    "2020-12-31": {
        "Diluted EPS": 77.54,
        "Total Revenue": NaN,
        "Gross Profit": 522,
        "Operating Income": 399,
        "EBIT": 406,
        "Net Income": 305
    },
    "2020-09-30": {
        "Diluted EPS": 65.11,
        "Total Revenue": NaN,
        "Gross Profit": 454,
        "Operating Income": 333,
        "EBIT": 341,
        "Net Income": 256
    },
    "2020-06-30": {
        "Diluted EPS": 42.5,
        "Total Revenue": NaN,
        "Gross Profit": 336,
        "Operating Income": 219,
        "EBIT": 227,
        "Net Income": 164
    },
    "2020-03-31": {
        "Diluted EPS": 44.96,
        "Total Revenue": NaN,
        "Gross Profit": 288,
        "Operating Income": 168,
        "EBIT": 176,
        "Net Income": 176
    },
    "2019-12-31": {
        "Diluted EPS": 64.29,
        "Total Revenue": NaN,
        "Gross Profit": 423,
        "Operating Income": 302,
        "EBIT": 311,
        "Net Income": 256
    },
    "2019-09-30": {
        "Diluted EPS": 56.11,
        "Total Revenue": NaN,
        "Gross Profit": 393,
        "Operating Income": 273,
        "EBIT": 282,
        "Net Income": 224
    },
    "2019-06-30": {
        "Diluted EPS": 53.09,
        "Total Revenue": NaN,
        "Gross Profit": 375,
        "Operating Income": 251,
        "EBIT": 259,
        "Net Income": 210
    },
    "2019-03-31": {
        "Diluted EPS": 47.64,
        "Total Revenue": NaN,
        "Gross Profit": 348,
        "Operating Income": 225,
        "EBIT": 233,
        "Net Income": 188
    },
    "2018-12-31": {
        "Diluted EPS": 58.13,
        "Total Revenue": NaN,
        "Gross Profit": 404,
        "Operating Income": 284,
        "EBIT": 292,
        "Net Income": 232
    },
    "2018-09-30": {
        "Diluted EPS": 48.28,
        "Total Revenue": NaN,
        "Gross Profit": 380,
        "Operating Income": 256,
        "EBIT": 264,
        "Net Income": 196
    },
    "2018-06-30": {
        "Diluted EPS": 49.05,
        "Total Revenue": NaN,
        "Gross Profit": 371,
        "Operating Income": 248,
        "EBIT": 256,
        "Net Income": 203
    },
    "2018-03-31": {
        "Diluted EPS": 39.34,
        "Total Revenue": NaN,
        "Gross Profit": 317,
        "Operating Income": 197,
        "EBIT": 204,
        "Net Income": 166
    },
    "2017-12-31": {
        "Diluted EPS": 28.44,
        "Total Revenue": NaN,
        "Gross Profit": 378,
        "Operating Income": 268,
        "EBIT": 276,
        "Net Income": 125
    },
    "2017-09-30": {
        "Diluted EPS": 38.02,
        "Total Revenue": NaN,
        "Gross Profit": 360,
        "Operating Income": 251,
        "EBIT": 258,
        "Net Income": 162
    },
    "2017-06-30": {
        "Diluted EPS": 35.19,
        "Total Revenue": NaN,
        "Gross Profit": 326,
        "Operating Income": 215,
        "EBIT": 222,
        "Net Income": 148
    },
    "2017-03-31": {
        "Diluted EPS": 25.12,
        "Total Revenue": NaN,
        "Gross Profit": 251,
        "Operating Income": 138,
        "EBIT": 145,
        "Net Income": 103
    },
    "2016-12-31": {
        "Diluted EPS": 37.35,
        "Total Revenue": NaN,
        "Gross Profit": 339,
        "Operating Income": 235,
        "EBIT": 243,
        "Net Income": 151
    },
    "2016-09-30": {
        "Diluted EPS": 28.46,
        "Total Revenue": NaN,
        "Gross Profit": 295,
        "Operating Income": 191,
        "EBIT": 198,
        "Net Income": 117
    },
    "2016-06-30": {
        "Diluted EPS": 22.01,
        "Total Revenue": NaN,
        "Gross Profit": 262,
        "Operating Income": 150,
        "EBIT": 156,
        "Net Income": 92
    },
    "2016-03-31": {
        "Diluted EPS": 15.79,
        "Total Revenue": NaN,
        "Gross Profit": 218,
        "Operating Income": 108,
        "EBIT": 116,
        "Net Income": 65
    },
    "2015-12-31": {
        "Diluted EPS": 31.75,
        "Total Revenue": NaN,
        "Gross Profit": 317,
        "Operating Income": 213,
        "EBIT": 220,
        "Net Income": 134
    },
    "2015-09-30": {
        "Diluted EPS": 27.11,
        "Total Revenue": NaN,
        "Gross Profit": 291,
        "Operating Income": 191,
        "EBIT": 198,
        "Net Income": 116
    },
    "2015-06-30": {
        "Diluted EPS": 21.91,
        "Total Revenue": NaN,
        "Gross Profit": 257,
        "Operating Income": 155,
        "EBIT": 161,
        "Net Income": 93
    },
    "2015-03-31": {
        "Diluted EPS": 9.22,
        "Total Revenue": 958,
        "Gross Profit": 176,
        "Operating Income": 68,
        "EBIT": 75,
        "Net Income": 39
    },
    "2014-12-31": {
        "Diluted EPS": 22.47,
        "Total Revenue": NaN,
        "Gross Profit": 257,
        "Operating Income": 157,
        "EBIT": 164,
        "Net Income": 99
    },
    "2014-09-30": {
        "Diluted EPS": 20.7,
        "Total Revenue": NaN,
        "Gross Profit": 243,
        "Operating Income": 150,
        "EBIT": 156,
        "Net Income": 90
    },
    "2014-06-30": {
        "Diluted EPS": 15.17,
        "Total Revenue": NaN,
        "Gross Profit": 219,
        "Operating Income": 115,
        "EBIT": 120,
        "Net Income": 68
    },
    "2014-03-31": {
        "Diluted EPS": 5.16,
        "Total Revenue": 811,
        "Gross Profit": 156,
        "Operating Income": 56,
        "EBIT": 60,
        "Net Income": 24
    },
    "2013-12-31": {
        "Diluted EPS": 20.19,
        "Total Revenue": NaN,
        "Gross Profit": 241,
        "Operating Income": 158,
        "EBIT": 163,
        "Net Income": 98
    },
    "2013-09-30": {
        "Diluted EPS": 17.67,
        "Total Revenue": NaN,
        "Gross Profit": 225,
        "Operating Income": 137,
        "EBIT": 142,
        "Net Income": 83
    },
    "2013-06-30": {
        "Diluted EPS": 10.11,
        "Total Revenue": NaN,
        "Gross Profit": 176,
        "Operating Income": 86,
        "EBIT": 90,
        "Net Income": 51
    },
    "2013-03-31": {
        "Diluted EPS": 6.84,
        "Total Revenue": 770,
        "Gross Profit": 146,
        "Operating Income": 61,
        "EBIT": 64,
        "Net Income": 35
    },
    "2012-12-31": {
        "Diluted EPS": 11.92,
        "Total Revenue": 944,
        "Gross Profit": 187,
        "Operating Income": 102,
        "EBIT": 105,
        "Net Income": 61
    },
    "2012-09-30": {
        "Diluted EPS": 10.33,
        "Total Revenue": 871,
        "Gross Profit": 168,
        "Operating Income": 86,
        "EBIT": 89,
        "Net Income": 53
    },
    "2012-06-30": {
        "Diluted EPS": 8.97,
        "Total Revenue": 770,
        "Gross Profit": 145,
        "Operating Income": 64,
        "EBIT": 67,
        "Net Income": 47
    },
    "2012-03-31": {
        "Diluted EPS": 3.9,
        "Total Revenue": 600,
        "Gross Profit": 109,
        "Operating Income": 31,
        "EBIT": 35,
        "Net Income": 20
    },
    "2011-12-31": {
        "Diluted EPS": 6.03,
        "Total Revenue": 741,
        "Gross Profit": 125,
        "Operating Income": 51,
        "EBIT": 54,
        "Net Income": 32
    },
    "2011-09-30": {
        "Diluted EPS": 7.98,
        "Total Revenue": 707,
        "Gross Profit": 135,
        "Operating Income": 69,
        "EBIT": 73,
        "Net Income": 43
    },
    "2011-06-30": {
        "Diluted EPS": 6.48,
        "Total Revenue": 696,
        "Gross Profit": 137,
        "Operating Income": 64,
        "EBIT": 67,
        "Net Income": 38
    },
    "2011-03-31": {
        "Diluted EPS": 2.52,
        "Total Revenue": 515,
        "Gross Profit": 97,
        "Operating Income": 25,
        "EBIT": 28,
        "Net Income": 15
    },
    "2010-12-31": {
        "Diluted EPS": 9.97,
        "Total Revenue": 811,
        "Gross Profit": 156,
        "Operating Income": 87,
        "EBIT": 90,
        "Net Income": 59
    },
    "2010-09-30": {
        "Diluted EPS": 7.31,
        "Total Revenue": 676,
        "Gross Profit": 135,
        "Operating Income": 66,
        "EBIT": 69,
        "Net Income": 44
    },
    "2010-06-30": {
        "Diluted EPS": 11.13,
        "Total Revenue": 965,
        "Gross Profit": 193,
        "Operating Income": 120,
        "EBIT": 124,
        "Net Income": 71
    },
    "2010-03-31": {
        "Diluted EPS": 5.01,
        "Total Revenue": 590,
        "Gross Profit": 119,
        "Operating Income": 55,
        "EBIT": 58,
        "Net Income": 32
    },
    "2009-12-31": {
        "Diluted EPS": 9.86,
        "Total Revenue": 746,
        "Gross Profit": 154,
        "Operating Income": 87,
        "EBIT": 90,
        "Net Income": 61
    },
    "2009-09-30": {
        "Diluted EPS": 11.59,
        "Total Revenue": 814,
        "Gross Profit": 177,
        "Operating Income": 117,
        "EBIT": 120,
        "Net Income": 72
    },
    "2009-06-30": {
        "Diluted EPS": 6.79,
        "Total Revenue": 625,
        "Gross Profit": 131,
        "Operating Income": 73,
        "EBIT": 76,
        "Net Income": 41
    },
    "2009-03-31": {
        "Diluted EPS": 3.02,
        "Total Revenue": 559,
        "Gross Profit": 96,
        "Operating Income": 34,
        "EBIT": 37,
        "Net Income": 18
    },
    "2023-09-30": {
        "Tax Effect Of Unusual Items": 0.0,
        "Tax Rate For Calcs": 0.197,
        "Normalized EBITDA": 546236000.0,
        "Net Income From Continuing Operation Net Minority Interest": 433157000.0,
        "Reconciled Depreciation": NaN,
        "Reconciled Cost Of Revenue": 1902174000.0,
        "EBITDA": 546236000.0,
        "EBIT": 546236000.0,
        "Net Interest Income": -6896000.0,
        "Interest Expense": 6896000.0,
        "Normalized Income": 433157000.0,
        "Net Income From Continuing And Discontinued Operation": 433157000.0,
        "Total Expenses": 2029025000.0,
        "Total Operating Income As Reported": 507434000.0,
        "Diluted Average Shares": 3458000.0,
        "Basic Average Shares": 3259000.0,
        "Diluted EPS": 125.26,
        "Basic EPS": 132.92,
        "Diluted NI Availto Com Stockholders": 433157000.0,
        "Net Income Common Stockholders": 433157000.0,
        "Net Income": 433157000.0,
        "Net Income Including Noncontrolling Interests": 433157000.0,
        "Net Income Continuous Operations": 433157000.0,
        "Tax Provision": 106183000.0,
        "Pretax Income": 539340000.0,
        "Other Income Expense": 1169000.0,
        "Other Non Operating Income Expenses": 1169000.0,
        "Net Non Operating Interest Income Expense": -6896000.0,
        "Interest Expense Non Operating": 6896000.0,
        "Operating Income": 545067000.0,
        "Operating Expense": 126851000.0,
        "Other Operating Expenses": -39914000.0,
        "Selling General And Administration": 166765000.0,
        "General And Administrative Expense": 166765000.0,
        "Other Gand A": 166765000.0,
        "Gross Profit": 671918000.0,
        "Cost Of Revenue": 1902174000.0,
        "Total Revenue": 2574092000.0,
        "Operating Revenue": 2574092000.0
    }
}