{
    "2023-03-31": {
        "Tax Effect Of Unusual Items": 1256640.0,
        "Tax Rate For Calcs": 0.21,
        "Normalized EBITDA": 60723000.0,
        "Total Unusual Items": 5984000.0,
        "Total Unusual Items Excluding Goodwill": 5984000.0,
        "Net Income From Continuing Operation Net Minority Interest": -8377000.0,
        "Reconciled Depreciation": 41004000.0,
        "Reconciled Cost Of Revenue": 452057000.0,
        "EBITDA": 66707000.0,
        "EBIT": 25703000.0,
        "Net Interest Income": -23515000.0,
        "Interest Expense": 24995000.0,
        "Interest Income": 1480000.0,
        "Normalized Income": -13104360.0,
        "Net Income From Continuing And Discontinued Operation": -9525000.0,
        "Total Expenses": 539767000.0,
        "Total Operating Income As Reported": 31915000.0,
        "Diluted Average Shares": 79633000.0,
        "Basic Average Shares": 79633000.0,
        "Diluted EPS": -0.12,
        "Basic EPS": -0.12,
        "Diluted NI Availto Com Stockholders": -9525000.0,
        "Net Income Common Stockholders": -9525000.0,
        "Net Income": -9525000.0,
        "Minority Interests": -935000.0,
        "Net Income Including Noncontrolling Interests": -8590000.0,
        "Net Income Discontinuous Operations": -1148000.0,
        "Net Income Continuous Operations": -7442000.0,
        "Earnings From Equity Interest Net Of Tax": -133000.0,
        "Tax Provision": 8017000.0,
        "Pretax Income": 708000.0,
        "Other Income Expense": 3285000.0,
        "Other Non Operating Income Expenses": -2699000.0,
        "Special Income Charges": 5984000.0,
        "Gain On Sale Of Ppe": 230000.0,
        "Other Special Charges": -5728000.0,
        "Write Off": 0.0,
        "Impairment Of Capital Assets": 0.0,
        "Restructuring And Mergern Acquisition": -26000.0,
        "Net Non Operating Interest Income Expense": -23515000.0,
        "Total Other Finance Cost": 2363000.0,
        "Interest Expense Non Operating": 24995000.0,
        "Interest Income Non Operating": 1480000.0,
        "Operating Income": 20938000.0,
        "Operating Expense": 87710000.0,
        "Research And Development": 520000.0,
        "Selling General And Administration": 87190000.0,
        "General And Administrative Expense": 87190000.0,
        "Other Gand A": 81861000.0,
        "Salaries And Wages": 5329000.0,
        "Gross Profit": 108648000.0,
        "Cost Of Revenue": 452057000.0,
        "Total Revenue": 560705000.0,
        "Operating Revenue": 560705000.0
    },
    "2022-12-31": {
        "Tax Effect Of Unusual Items": NaN,
        "Tax Rate For Calcs": NaN,
        "Normalized EBITDA": NaN,
        "Total Unusual Items": NaN,
        "Total Unusual Items Excluding Goodwill": NaN,
        "Net Income From Continuing Operation Net Minority Interest": NaN,
        "Reconciled Depreciation": NaN,
        "Reconciled Cost Of Revenue": NaN,
        "EBITDA": NaN,
        "EBIT": NaN,
        "Net Interest Income": NaN,
        "Interest Expense": NaN,
        "Interest Income": NaN,
        "Normalized Income": NaN,
        "Net Income From Continuing And Discontinued Operation": NaN,
        "Total Expenses": NaN,
        "Total Operating Income As Reported": NaN,
        "Diluted Average Shares": 79564000.0,
        "Basic Average Shares": 79564000.0,
        "Diluted EPS": -0.46,
        "Basic EPS": -0.46,
        "Diluted NI Availto Com Stockholders": NaN,
        "Net Income Common Stockholders": NaN,
        "Net Income": NaN,
        "Minority Interests": NaN,
        "Net Income Including Noncontrolling Interests": NaN,
        "Net Income Discontinuous Operations": NaN,
        "Net Income Continuous Operations": NaN,
        "Earnings From Equity Interest Net Of Tax": NaN,
        "Tax Provision": NaN,
        "Pretax Income": NaN,
        "Other Income Expense": NaN,
        "Other Non Operating Income Expenses": NaN,
        "Special Income Charges": NaN,
        "Gain On Sale Of Ppe": NaN,
        "Other Special Charges": NaN,
        "Write Off": 282000.0,
        "Impairment Of Capital Assets": NaN,
        "Restructuring And Mergern Acquisition": NaN,
        "Net Non Operating Interest Income Expense": NaN,
        "Total Other Finance Cost": NaN,
        "Interest Expense Non Operating": NaN,
        "Interest Income Non Operating": NaN,
        "Operating Income": NaN,
        "Operating Expense": NaN,
        "Research And Development": NaN,
        "Selling General And Administration": NaN,
        "General And Administrative Expense": NaN,
        "Other Gand A": NaN,
        "Salaries And Wages": NaN,
        "Gross Profit": NaN,
        "Cost Of Revenue": NaN,
        "Total Revenue": NaN,
        "Operating Revenue": NaN
    },
    "2022-09-30": {
        "Tax Effect Of Unusual Items": -662000.0,
        "Tax Rate For Calcs": 0.4,
        "Normalized EBITDA": 72767000.0,
        "Total Unusual Items": -1655000.0,
        "Total Unusual Items Excluding Goodwill": -1655000.0,
        "Net Income From Continuing Operation Net Minority Interest": 625000.0,
        "Reconciled Depreciation": 40430000.0,
        "Reconciled Cost Of Revenue": 392803000.0,
        "EBITDA": 71112000.0,
        "EBIT": 30682000.0,
        "Net Interest Income": -18799000.0,
        "Interest Expense": 19751000.0,
        "Interest Income": 952000.0,
        "Normalized Income": 1618000.0,
        "Net Income From Continuing And Discontinued Operation": 2079000.0,
        "Total Expenses": 457142000.0,
        "Total Operating Income As Reported": 30123000.0,
        "Diluted Average Shares": 79567000.0,
        "Basic Average Shares": 79531000.0,
        "Diluted EPS": 0.03,
        "Basic EPS": 0.03,
        "Diluted NI Availto Com Stockholders": 2079000.0,
        "Net Income Common Stockholders": 2079000.0,
        "Net Income": 2079000.0,
        "Minority Interests": -802000.0,
        "Net Income Including Noncontrolling Interests": 2881000.0,
        "Net Income Discontinuous Operations": 1454000.0,
        "Net Income Continuous Operations": 1427000.0,
        "Earnings From Equity Interest Net Of Tax": -128000.0,
        "Tax Provision": 9376000.0,
        "Pretax Income": 10931000.0,
        "Other Income Expense": -42000.0,
        "Other Non Operating Income Expenses": 1613000.0,
        "Special Income Charges": -1655000.0,
        "Gain On Sale Of Ppe": NaN,
        "Other Special Charges": NaN,
        "Write Off": 4000.0,
        "Impairment Of Capital Assets": 0.0,
        "Restructuring And Mergern Acquisition": 1651000.0,
        "Net Non Operating Interest Income Expense": -18799000.0,
        "Total Other Finance Cost": NaN,
        "Interest Expense Non Operating": 19751000.0,
        "Interest Income Non Operating": 952000.0,
        "Operating Income": 29772000.0,
        "Operating Expense": 64339000.0,
        "Research And Development": 193000.0,
        "Selling General And Administration": 64146000.0,
        "General And Administrative Expense": NaN,
        "Other Gand A": NaN,
        "Salaries And Wages": NaN,
        "Gross Profit": 94111000.0,
        "Cost Of Revenue": 392803000.0,
        "Total Revenue": 486914000.0,
        "Operating Revenue": 486914000.0
    },
    "2022-06-30": {
        "Tax Effect Of Unusual Items": -2999527.650406,
        "Tax Rate For Calcs": 0.028682,
        "Normalized EBITDA": 53610000.0,
        "Total Unusual Items": -104580000.0,
        "Total Unusual Items Excluding Goodwill": -104580000.0,
        "Net Income From Continuing Operation Net Minority Interest": -106700000.0,
        "Reconciled Depreciation": 40944000.0,
        "Reconciled Cost Of Revenue": 403199000.0,
        "EBITDA": -50970000.0,
        "EBIT": -91914000.0,
        "Net Interest Income": -15999000.0,
        "Interest Expense": 16692000.0,
        "Interest Income": 693000.0,
        "Normalized Income": -5119527.650406,
        "Net Income From Continuing And Discontinued Operation": -105591000.0,
        "Total Expenses": 471430000.0,
        "Total Operating Income As Reported": -97003000.0,
        "Diluted Average Shares": 79509000.0,
        "Basic Average Shares": 79509000.0,
        "Diluted EPS": -1.33,
        "Basic EPS": -1.33,
        "Diluted NI Availto Com Stockholders": -105591000.0,
        "Net Income Common Stockholders": -105591000.0,
        "Net Income": -105591000.0,
        "Minority Interests": -1095000.0,
        "Net Income Including Noncontrolling Interests": -104496000.0,
        "Net Income Discontinuous Operations": 1109000.0,
        "Net Income Continuous Operations": -105605000.0,
        "Earnings From Equity Interest Net Of Tax": -114000.0,
        "Tax Provision": -3115000.0,
        "Pretax Income": -108606000.0,
        "Other Income Expense": -102229000.0,
        "Other Non Operating Income Expenses": 2351000.0,
        "Special Income Charges": -104580000.0,
        "Gain On Sale Of Ppe": 92000.0,
        "Other Special Charges": NaN,
        "Write Off": 296000.0,
        "Impairment Of Capital Assets": 104580000.0,
        "Restructuring And Mergern Acquisition": 1082000.0,
        "Net Non Operating Interest Income Expense": -15999000.0,
        "Total Other Finance Cost": NaN,
        "Interest Expense Non Operating": 16692000.0,
        "Interest Income Non Operating": 693000.0,
        "Operating Income": 9622000.0,
        "Operating Expense": 68231000.0,
        "Research And Development": 296000.0,
        "Selling General And Administration": 67935000.0,
        "General And Administrative Expense": NaN,
        "Other Gand A": NaN,
        "Salaries And Wages": NaN,
        "Gross Profit": 77853000.0,
        "Cost Of Revenue": 403199000.0,
        "Total Revenue": 481052000.0,
        "Operating Revenue": 481052000.0
    },
    "2023-06-30": {
        "Tax Effect Of Unusual Items": -2491860.0,
        "Tax Rate For Calcs": 0.21,
        "Normalized EBITDA": 72135000.0,
        "Total Unusual Items": -11866000.0,
        "Total Unusual Items Excluding Goodwill": -11866000.0,
        "Net Income From Continuing Operation Net Minority Interest": -14208000.0,
        "Reconciled Depreciation": 42524000.0,
        "Reconciled Cost Of Revenue": 406627000.0,
        "EBITDA": 60269000.0,
        "EBIT": 17745000.0,
        "Net Interest Income": -24157000.0,
        "Interest Expense": 25724000.0,
        "Interest Income": 1567000.0,
        "Normalized Income": -4833860.0,
        "Net Income From Continuing And Discontinued Operation": -11439000.0,
        "Total Expenses": 483977000.0,
        "Total Operating Income As Reported": 24315000.0,
        "Diluted Average Shares": 79816000.0,
        "Basic Average Shares": 79816000.0,
        "Diluted EPS": -0.14,
        "Basic EPS": -0.14,
        "Diluted NI Availto Com Stockholders": -11439000.0,
        "Net Income Common Stockholders": -11439000.0,
        "Net Income": -11439000.0,
        "Minority Interests": 4399000.0,
        "Net Income Including Noncontrolling Interests": -15838000.0,
        "Net Income Discontinuous Operations": 2769000.0,
        "Net Income Continuous Operations": -18607000.0,
        "Earnings From Equity Interest Net Of Tax": -309000.0,
        "Tax Provision": 10319000.0,
        "Pretax Income": -7979000.0,
        "Other Income Expense": -20013000.0,
        "Other Non Operating Income Expenses": -8147000.0,
        "Special Income Charges": -11866000.0,
        "Gain On Sale Of Ppe": 0.0,
        "Other Special Charges": -3000.0,
        "Write Off": 0.0,
        "Impairment Of Capital Assets": 14099000.0,
        "Restructuring And Mergern Acquisition": -2230000.0,
        "Net Non Operating Interest Income Expense": -24157000.0,
        "Total Other Finance Cost": NaN,
        "Interest Expense Non Operating": 25724000.0,
        "Interest Income Non Operating": 1567000.0,
        "Operating Income": 36191000.0,
        "Operating Expense": 77350000.0,
        "Research And Development": 500000.0,
        "Selling General And Administration": 76850000.0,
        "General And Administrative Expense": 76850000.0,
        "Other Gand A": 76850000.0,
        "Salaries And Wages": NaN,
        "Gross Profit": 113541000.0,
        "Cost Of Revenue": 406627000.0,
        "Total Revenue": 520168000.0,
        "Operating Revenue": 520168000.0
    },
    "2022-03-31": {
        "Diluted EPS": -0.5,
        "Total Revenue": 453,
        "Gross Profit": 76,
        "Operating Income": 8,
        "EBIT": 50,
        "Net Income": -40
    },
    "2021-12-31": {
        "Diluted EPS": -0.3,
        "Total Revenue": 462,
        "Gross Profit": 80,
        "Operating Income": 16,
        "EBIT": 58,
        "Net Income": -24
    },
    "2021-09-30": {
        "Diluted EPS": 0.09,
        "Total Revenue": 470,
        "Gross Profit": 95,
        "Operating Income": 27,
        "EBIT": 69,
        "Net Income": 8
    },
    "2021-06-30": {
        "Diluted EPS": 0.17,
        "Total Revenue": 469,
        "Gross Profit": 93,
        "Operating Income": 26,
        "EBIT": 67,
        "Net Income": 13
    },
    "2021-03-31": {
        "Diluted EPS": 0.0,
        "Total Revenue": 447,
        "Gross Profit": 90,
        "Operating Income": 19,
        "EBIT": 61,
        "Net Income": 0
    },
    "2020-12-31": {
        "Diluted EPS": -0.08,
        "Total Revenue": 179,
        "Gross Profit": 29,
        "Operating Income": -13,
        "EBIT": 28,
        "Net Income": -6
    },
    "2020-09-30": {
        "Diluted EPS": -0.12,
        "Total Revenue": 509,
        "Gross Profit": 97,
        "Operating Income": 5,
        "EBIT": 46,
        "Net Income": -10
    },
    "2020-06-30": {
        "Diluted EPS": -0.13,
        "Total Revenue": 447,
        "Gross Profit": 83,
        "Operating Income": 2,
        "EBIT": 43,
        "Net Income": -11
    },
    "2020-03-31": {
        "Diluted EPS": 0.0,
        "Total Revenue": 399,
        "Gross Profit": 82,
        "Operating Income": 3,
        "EBIT": 39,
        "Net Income": 0
    },
    "2019-12-31": {
        "Diluted EPS": 0.46,
        "Total Revenue": 100,
        "Gross Profit": -1,
        "Operating Income": -8,
        "EBIT": 29,
        "Net Income": 39
    },
    "2019-09-30": {
        "Diluted EPS": 5.37,
        "Total Revenue": 423,
        "Gross Profit": 112,
        "Operating Income": 47,
        "EBIT": 83,
        "Net Income": 435
    },
    "2019-06-30": {
        "Diluted EPS": 0.11,
        "Total Revenue": 351,
        "Gross Profit": 85,
        "Operating Income": 18,
        "EBIT": 50,
        "Net Income": 9
    },
    "2019-03-31": {
        "Diluted EPS": 0.25,
        "Total Revenue": 330,
        "Gross Profit": 79,
        "Operating Income": 20,
        "EBIT": 53,
        "Net Income": 21
    },
    "2018-12-31": {
        "Diluted EPS": 0.56,
        "Total Revenue": 248,
        "Gross Profit": 56,
        "Operating Income": 14,
        "EBIT": 47,
        "Net Income": 46
    },
    "2018-09-30": {
        "Diluted EPS": 0.39,
        "Total Revenue": 352,
        "Gross Profit": 94,
        "Operating Income": 42,
        "EBIT": 75,
        "Net Income": 33
    },
    "2018-06-30": {
        "Diluted EPS": 0.48,
        "Total Revenue": 340,
        "Gross Profit": 88,
        "Operating Income": 38,
        "EBIT": 71,
        "Net Income": 40
    },
    "2018-03-31": {
        "Diluted EPS": 0.21,
        "Total Revenue": 408,
        "Gross Profit": 97,
        "Operating Income": 37,
        "EBIT": 70,
        "Net Income": 18
    },
    "2017-12-31": {
        "Diluted EPS": -0.4,
        "Total Revenue": 155,
        "Gross Profit": 30,
        "Operating Income": -2,
        "EBIT": 31,
        "Net Income": -33
    },
    "2017-09-30": {
        "Diluted EPS": 0.16,
        "Total Revenue": 385,
        "Gross Profit": 94,
        "Operating Income": 35,
        "EBIT": 68,
        "Net Income": 13
    },
    "2017-06-30": {
        "Diluted EPS": 0.23,
        "Total Revenue": 395,
        "Gross Profit": 101,
        "Operating Income": 43,
        "EBIT": 75,
        "Net Income": 19
    },
    "2017-03-31": {
        "Diluted EPS": 0.11,
        "Total Revenue": 373,
        "Gross Profit": 84,
        "Operating Income": 29,
        "EBIT": 61,
        "Net Income": 9
    },
    "2016-12-31": {
        "Diluted EPS": -0.19,
        "Total Revenue": 360,
        "Gross Profit": 74,
        "Operating Income": 26,
        "EBIT": 59,
        "Net Income": -16
    },
    "2016-09-30": {
        "Diluted EPS": -0.41,
        "Total Revenue": 368,
        "Gross Profit": 81,
        "Operating Income": 29,
        "EBIT": 65,
        "Net Income": -33
    },
    "2016-06-30": {
        "Diluted EPS": -0.33,
        "Total Revenue": 370,
        "Gross Profit": 53,
        "Operating Income": 1,
        "EBIT": 37,
        "Net Income": -26
    },
    "2016-03-31": {
        "Diluted EPS": -0.14,
        "Total Revenue": 353,
        "Gross Profit": 70,
        "Operating Income": 9,
        "EBIT": 45,
        "Net Income": -11
    },
    "2015-12-31": {
        "Diluted EPS": -0.08,
        "Total Revenue": 387,
        "Gross Profit": 89,
        "Operating Income": 6,
        "EBIT": 43,
        "Net Income": -7
    },
    "2015-09-30": {
        "Diluted EPS": -0.11,
        "Total Revenue": 428,
        "Gross Profit": 92,
        "Operating Income": 8,
        "EBIT": 47,
        "Net Income": -9
    },
    "2015-06-30": {
        "Diluted EPS": 0.08,
        "Total Revenue": 456,
        "Gross Profit": 95,
        "Operating Income": 36,
        "EBIT": 75,
        "Net Income": 7
    },
    "2015-03-31": {
        "Diluted EPS": 0.19,
        "Total Revenue": 452,
        "Gross Profit": 90,
        "Operating Income": 39,
        "EBIT": 79,
        "Net Income": 15
    },
    "2014-12-31": {
        "Diluted EPS": -0.55,
        "Total Revenue": 492,
        "Gross Profit": 84,
        "Operating Income": -20,
        "EBIT": 22,
        "Net Income": -44
    },
    "2014-09-30": {
        "Diluted EPS": 0.3,
        "Total Revenue": 526,
        "Gross Profit": 118,
        "Operating Income": 48,
        "EBIT": 92,
        "Net Income": 25
    },
    "2014-06-30": {
        "Diluted EPS": -0.16,
        "Total Revenue": 535,
        "Gross Profit": 118,
        "Operating Income": 9,
        "EBIT": 54,
        "Net Income": -13
    },
    "2014-03-31": {
        "Diluted EPS": 0.13,
        "Total Revenue": 512,
        "Gross Profit": 103,
        "Operating Income": 32,
        "EBIT": 77,
        "Net Income": 10
    },
    "2013-12-31": {
        "Diluted EPS": -0.37,
        "Total Revenue": 681,
        "Gross Profit": 151,
        "Operating Income": -11,
        "EBIT": 35,
        "Net Income": -30
    },
    "2013-09-30": {
        "Diluted EPS": -2.89,
        "Total Revenue": 740,
        "Gross Profit": 172,
        "Operating Income": -208,
        "EBIT": -148,
        "Net Income": -234
    },
    "2013-06-30": {
        "Diluted EPS": 0.29,
        "Total Revenue": 760,
        "Gross Profit": 183,
        "Operating Income": 51,
        "EBIT": 116,
        "Net Income": 24
    },
    "2013-03-31": {
        "Diluted EPS": 0.09,
        "Total Revenue": 715,
        "Gross Profit": 151,
        "Operating Income": 26,
        "EBIT": 92,
        "Net Income": 7
    },
    "2012-12-31": {
        "Diluted EPS": -3.29,
        "Total Revenue": 766,
        "Gross Profit": 175,
        "Operating Income": -247,
        "EBIT": -179,
        "Net Income": -264
    },
    "2012-09-30": {
        "Diluted EPS": 0.33,
        "Total Revenue": 757,
        "Gross Profit": 177,
        "Operating Income": 50,
        "EBIT": 116,
        "Net Income": 26
    },
    "2012-06-30": {
        "Diluted EPS": 0.16,
        "Total Revenue": 771,
        "Gross Profit": 186,
        "Operating Income": 35,
        "EBIT": 101,
        "Net Income": 13
    },
    "2012-03-31": {
        "Diluted EPS": -0.36,
        "Total Revenue": 752,
        "Gross Profit": 159,
        "Operating Income": -13,
        "EBIT": 59,
        "Net Income": -29
    },
    "2011-12-31": {
        "Diluted EPS": -1.15,
        "Total Revenue": 793,
        "Gross Profit": 171,
        "Operating Income": -57,
        "EBIT": 21,
        "Net Income": -92
    },
    "2011-09-30": {
        "Diluted EPS": 0.4,
        "Total Revenue": 856,
        "Gross Profit": 184,
        "Operating Income": 51,
        "EBIT": 129,
        "Net Income": 32
    },
    "2011-06-30": {
        "Diluted EPS": 0.47,
        "Total Revenue": 875,
        "Gross Profit": 208,
        "Operating Income": 64,
        "EBIT": 143,
        "Net Income": 38
    },
    "2011-03-31": {
        "Diluted EPS": 0.14,
        "Total Revenue": 779,
        "Gross Profit": 169,
        "Operating Income": 29,
        "EBIT": 106,
        "Net Income": 11
    },
    "2010-12-31": {
        "Diluted EPS": -0.64,
        "Total Revenue": 757,
        "Gross Profit": 165,
        "Operating Income": -56,
        "EBIT": 23,
        "Net Income": -51
    },
    "2010-09-30": {
        "Diluted EPS": 0.25,
        "Total Revenue": 752,
        "Gross Profit": 178,
        "Operating Income": 44,
        "EBIT": 123,
        "Net Income": 20
    },
    "2010-06-30": {
        "Diluted EPS": 0.37,
        "Total Revenue": 787,
        "Gross Profit": 196,
        "Operating Income": 62,
        "EBIT": 139,
        "Net Income": 30
    },
    "2010-03-31": {
        "Diluted EPS": 0.1,
        "Total Revenue": 742,
        "Gross Profit": 163,
        "Operating Income": 28,
        "EBIT": 109,
        "Net Income": 8
    },
    "2009-12-31": {
        "Diluted EPS": 0.49,
        "Total Revenue": 772,
        "Gross Profit": 184,
        "Operating Income": 55,
        "EBIT": 138,
        "Net Income": 39
    },
    "2009-09-30": {
        "Diluted EPS": 0.25,
        "Total Revenue": 744,
        "Gross Profit": 190,
        "Operating Income": 56,
        "EBIT": 132,
        "Net Income": 20
    },
    "2009-06-30": {
        "Diluted EPS": 0.5,
        "Total Revenue": 777,
        "Gross Profit": 204,
        "Operating Income": 70,
        "EBIT": 149,
        "Net Income": 41
    },
    "2009-03-31": {
        "Diluted EPS": 0.23,
        "Total Revenue": 697,
        "Gross Profit": 160,
        "Operating Income": 37,
        "EBIT": 112,
        "Net Income": 19
    },
    "2023-09-30": {
        "Tax Effect Of Unusual Items": -300300.0,
        "Tax Rate For Calcs": 0.21,
        "Normalized EBITDA": 68334000.0,
        "Total Unusual Items": -1430000.0,
        "Total Unusual Items Excluding Goodwill": -1430000.0,
        "Net Income From Continuing Operation Net Minority Interest": -8495000.0,
        "Reconciled Depreciation": 43692000.0,
        "Reconciled Cost Of Revenue": 408743000.0,
        "EBITDA": 66904000.0,
        "EBIT": 23212000.0,
        "Net Interest Income": -25060000.0,
        "Interest Expense": 26739000.0,
        "Interest Income": 1679000.0,
        "Normalized Income": -7365300.0,
        "Net Income From Continuing And Discontinued Operation": -10802000.0,
        "Total Expenses": 498839000.0,
        "Total Operating Income As Reported": 29775000.0,
        "Diluted Average Shares": 79850000.0,
        "Basic Average Shares": 79850000.0,
        "Diluted EPS": -0.14,
        "Basic EPS": -0.14,
        "Diluted NI Availto Com Stockholders": -10802000.0,
        "Net Income Common Stockholders": -10802000.0,
        "Net Income": -10802000.0,
        "Minority Interests": -708000.0,
        "Net Income Including Noncontrolling Interests": -10094000.0,
        "Net Income Discontinuous Operations": -2307000.0,
        "Net Income Continuous Operations": -7787000.0,
        "Earnings From Equity Interest Net Of Tax": -151000.0,
        "Tax Provision": 4109000.0,
        "Pretax Income": -3527000.0,
        "Other Income Expense": -4216000.0,
        "Other Non Operating Income Expenses": -2786000.0,
        "Special Income Charges": -1430000.0,
        "Gain On Sale Of Ppe": NaN,
        "Other Special Charges": NaN,
        "Write Off": 88000.0,
        "Impairment Of Capital Assets": 0.0,
        "Restructuring And Mergern Acquisition": 1342000.0,
        "Net Non Operating Interest Income Expense": -25060000.0,
        "Total Other Finance Cost": NaN,
        "Interest Expense Non Operating": 26739000.0,
        "Interest Income Non Operating": 1679000.0,
        "Operating Income": 25749000.0,
        "Operating Expense": 90096000.0,
        "Research And Development": 271000.0,
        "Selling General And Administration": 89825000.0,
        "General And Administrative Expense": 89825000.0,
        "Other Gand A": 84389000.0,
        "Salaries And Wages": 5436000.0,
        "Gross Profit": 115845000.0,
        "Cost Of Revenue": 408743000.0,
        "Total Revenue": 524588000.0,
        "Operating Revenue": 524588000.0
    },
    "2023-12-31": {
        "Tax Effect Of Unusual Items": -839790.0,
        "Tax Rate For Calcs": 0.21,
        "Normalized EBITDA": 69746000.0,
        "Total Unusual Items": -3999000.0,
        "Total Unusual Items Excluding Goodwill": -3999000.0,
        "Net Income From Continuing Operation Net Minority Interest": -13259000.0,
        "Reconciled Depreciation": 44144000.0,
        "Reconciled Cost Of Revenue": 417604000.0,
        "EBITDA": 65747000.0,
        "EBIT": 21603000.0,
        "Net Interest Income": -25112000.0,
        "Interest Expense": 27081000.0,
        "Interest Income": 1969000.0,
        "Normalized Income": -10099790.0,
        "Net Income From Continuing And Discontinued Operation": -54355000.0,
        "Total Expenses": 502574000.0,
        "Total Operating Income As Reported": 27919000.0,
        "Diluted Average Shares": NaN,
        "Basic Average Shares": NaN,
        "Diluted EPS": NaN,
        "Basic EPS": NaN,
        "Diluted NI Availto Com Stockholders": -54355000.0,
        "Net Income Common Stockholders": -54355000.0,
        "Net Income": -54355000.0,
        "Minority Interests": -779000.0,
        "Net Income Including Noncontrolling Interests": -53576000.0,
        "Net Income Discontinuous Operations": -41096000.0,
        "Net Income Continuous Operations": -12480000.0,
        "Earnings From Equity Interest Net Of Tax": -168000.0,
        "Tax Provision": 6834000.0,
        "Pretax Income": -5478000.0,
        "Other Income Expense": -6608000.0,
        "Other Non Operating Income Expenses": -2609000.0,
        "Special Income Charges": -3999000.0,
        "Gain On Sale Of Ppe": NaN,
        "Other Special Charges": NaN,
        "Write Off": 0.0,
        "Impairment Of Capital Assets": 0.0,
        "Restructuring And Mergern Acquisition": 4249000.0,
        "Net Non Operating Interest Income Expense": -25112000.0,
        "Total Other Finance Cost": NaN,
        "Interest Expense Non Operating": 27081000.0,
        "Interest Income Non Operating": 1969000.0,
        "Operating Income": 26242000.0,
        "Operating Expense": 84970000.0,
        "Research And Development": 339000.0,
        "Selling General And Administration": 84631000.0,
        "General And Administrative Expense": 84631000.0,
        "Other Gand A": 79209000.0,
        "Salaries And Wages": 5422000.0,
        "Gross Profit": 111212000.0,
        "Cost Of Revenue": 417604000.0,
        "Total Revenue": 528816000.0,
        "Operating Revenue": 528816000.0
    },
    "2024-03-31": {
        "Tax Effect Of Unusual Items": -3302000.0,
        "Tax Rate For Calcs": 0.4,
        "Normalized EBITDA": 73894000.0,
        "Total Unusual Items": -8255000.0,
        "Total Unusual Items Excluding Goodwill": -8255000.0,
        "Net Income From Continuing Operation Net Minority Interest": -16857000.0,
        "Reconciled Depreciation": 45094000.0,
        "Reconciled Cost Of Revenue": 478262000.0,
        "EBITDA": 65639000.0,
        "EBIT": 20545000.0,
        "Net Interest Income": -26425000.0,
        "Interest Expense": 28122000.0,
        "Interest Income": 1697000.0,
        "Normalized Income": -11904000.0,
        "Net Income From Continuing And Discontinued Operation": -17962000.0,
        "Total Expenses": 570425000.0,
        "Total Operating Income As Reported": 25813000.0,
        "Diluted Average Shares": 79945000.0,
        "Basic Average Shares": 79945000.0,
        "Diluted EPS": -0.22,
        "Basic EPS": -0.22,
        "Diluted NI Availto Com Stockholders": -17962000.0,
        "Net Income Common Stockholders": -17962000.0,
        "Net Income": -17962000.0,
        "Minority Interests": -1116000.0,
        "Net Income Including Noncontrolling Interests": -16846000.0,
        "Net Income Discontinuous Operations": -1105000.0,
        "Net Income Continuous Operations": -15741000.0,
        "Earnings From Equity Interest Net Of Tax": -249000.0,
        "Tax Provision": 7915000.0,
        "Pretax Income": -7577000.0,
        "Other Income Expense": -11044000.0,
        "Other Non Operating Income Expenses": -2789000.0,
        "Special Income Charges": -8255000.0,
        "Gain On Sale Of Ppe": 3370000.0,
        "Other Special Charges": 548000.0,
        "Write Off": NaN,
        "Impairment Of Capital Assets": 10695000.0,
        "Restructuring And Mergern Acquisition": 382000.0,
        "Net Non Operating Interest Income Expense": -26425000.0,
        "Total Other Finance Cost": NaN,
        "Interest Expense Non Operating": 28122000.0,
        "Interest Income Non Operating": 1697000.0,
        "Operating Income": 29892000.0,
        "Operating Expense": 92163000.0,
        "Research And Development": 861000.0,
        "Selling General And Administration": 91302000.0,
        "General And Administrative Expense": 91302000.0,
        "Other Gand A": 87126000.0,
        "Salaries And Wages": 4176000.0,
        "Gross Profit": 122055000.0,
        "Cost Of Revenue": 478262000.0,
        "Total Revenue": 600317000.0,
        "Operating Revenue": 600317000.0
    }
}