{
    "2023-03-31": {
        "Tax Effect Of Unusual Items": NaN,
        "Tax Rate For Calcs": NaN,
        "Normalized EBITDA": NaN,
        "Total Unusual Items": NaN,
        "Total Unusual Items Excluding Goodwill": NaN,
        "Net Income From Continuing Operation Net Minority Interest": NaN,
        "Reconciled Depreciation": NaN,
        "Reconciled Cost Of Revenue": NaN,
        "EBITDA": NaN,
        "EBIT": NaN,
        "Net Interest Income": NaN,
        "Interest Expense": NaN,
        "Interest Income": NaN,
        "Normalized Income": NaN,
        "Net Income From Continuing And Discontinued Operation": NaN,
        "Total Expenses": NaN,
        "Total Operating Income As Reported": NaN,
        "Diluted Average Shares": NaN,
        "Basic Average Shares": NaN,
        "Diluted EPS": NaN,
        "Basic EPS": NaN,
        "Diluted NI Availto Com Stockholders": NaN,
        "Average Dilution Earnings": NaN,
        "Net Income Common Stockholders": NaN,
        "Net Income": NaN,
        "Net Income Including Noncontrolling Interests": NaN,
        "Net Income Continuous Operations": NaN,
        "Tax Provision": NaN,
        "Pretax Income": NaN,
        "Other Income Expense": NaN,
        "Other Non Operating Income Expenses": NaN,
        "Special Income Charges": NaN,
        "Restructuring And Mergern Acquisition": 0.0,
        "Gain On Sale Of Security": NaN,
        "Net Non Operating Interest Income Expense": NaN,
        "Interest Expense Non Operating": NaN,
        "Interest Income Non Operating": NaN,
        "Operating Income": NaN,
        "Operating Expense": NaN,
        "Depreciation Amortization Depletion Income Statement": 0.0,
        "Depreciation And Amortization In Income Statement": 0.0,
        "Amortization": 0.0,
        "Amortization Of Intangibles Income Statement": 0.0,
        "Research And Development": NaN,
        "Selling General And Administration": NaN,
        "Gross Profit": NaN,
        "Cost Of Revenue": NaN,
        "Total Revenue": NaN,
        "Operating Revenue": NaN
    },
    "2022-12-31": {
        "Tax Effect Of Unusual Items": NaN,
        "Tax Rate For Calcs": NaN,
        "Normalized EBITDA": NaN,
        "Total Unusual Items": NaN,
        "Total Unusual Items Excluding Goodwill": NaN,
        "Net Income From Continuing Operation Net Minority Interest": NaN,
        "Reconciled Depreciation": NaN,
        "Reconciled Cost Of Revenue": NaN,
        "EBITDA": NaN,
        "EBIT": NaN,
        "Net Interest Income": NaN,
        "Interest Expense": NaN,
        "Interest Income": NaN,
        "Normalized Income": NaN,
        "Net Income From Continuing And Discontinued Operation": NaN,
        "Total Expenses": NaN,
        "Total Operating Income As Reported": NaN,
        "Diluted Average Shares": NaN,
        "Basic Average Shares": NaN,
        "Diluted EPS": NaN,
        "Basic EPS": NaN,
        "Diluted NI Availto Com Stockholders": NaN,
        "Average Dilution Earnings": NaN,
        "Net Income Common Stockholders": NaN,
        "Net Income": NaN,
        "Net Income Including Noncontrolling Interests": NaN,
        "Net Income Continuous Operations": NaN,
        "Tax Provision": NaN,
        "Pretax Income": NaN,
        "Other Income Expense": NaN,
        "Other Non Operating Income Expenses": NaN,
        "Special Income Charges": NaN,
        "Other Special Charges": 0.0,
        "Restructuring And Mergern Acquisition": NaN,
        "Gain On Sale Of Security": NaN,
        "Net Non Operating Interest Income Expense": NaN,
        "Interest Expense Non Operating": NaN,
        "Interest Income Non Operating": NaN,
        "Operating Income": NaN,
        "Operating Expense": NaN,
        "Depreciation Amortization Depletion Income Statement": NaN,
        "Depreciation And Amortization In Income Statement": NaN,
        "Amortization": NaN,
        "Amortization Of Intangibles Income Statement": NaN,
        "Research And Development": NaN,
        "Selling General And Administration": NaN,
        "Gross Profit": NaN,
        "Cost Of Revenue": NaN,
        "Total Revenue": NaN,
        "Operating Revenue": NaN
    },
    "2022-09-30": {
        "Tax Effect Of Unusual Items": NaN,
        "Tax Rate For Calcs": NaN,
        "Normalized EBITDA": NaN,
        "Total Unusual Items": NaN,
        "Total Unusual Items Excluding Goodwill": NaN,
        "Net Income From Continuing Operation Net Minority Interest": NaN,
        "Reconciled Depreciation": NaN,
        "Reconciled Cost Of Revenue": NaN,
        "EBITDA": NaN,
        "EBIT": NaN,
        "Net Interest Income": NaN,
        "Interest Expense": NaN,
        "Interest Income": NaN,
        "Normalized Income": NaN,
        "Net Income From Continuing And Discontinued Operation": NaN,
        "Total Expenses": NaN,
        "Total Operating Income As Reported": NaN,
        "Diluted Average Shares": NaN,
        "Basic Average Shares": NaN,
        "Diluted EPS": NaN,
        "Basic EPS": NaN,
        "Diluted NI Availto Com Stockholders": NaN,
        "Average Dilution Earnings": 1305000.0,
        "Net Income Common Stockholders": NaN,
        "Net Income": NaN,
        "Net Income Including Noncontrolling Interests": NaN,
        "Net Income Continuous Operations": NaN,
        "Tax Provision": NaN,
        "Pretax Income": NaN,
        "Other Income Expense": NaN,
        "Other Non Operating Income Expenses": NaN,
        "Special Income Charges": NaN,
        "Other Special Charges": -105000000.0,
        "Restructuring And Mergern Acquisition": NaN,
        "Gain On Sale Of Security": NaN,
        "Net Non Operating Interest Income Expense": NaN,
        "Interest Expense Non Operating": NaN,
        "Interest Income Non Operating": NaN,
        "Operating Income": NaN,
        "Operating Expense": NaN,
        "Depreciation Amortization Depletion Income Statement": NaN,
        "Depreciation And Amortization In Income Statement": NaN,
        "Amortization": NaN,
        "Amortization Of Intangibles Income Statement": NaN,
        "Research And Development": NaN,
        "Selling General And Administration": NaN,
        "Gross Profit": NaN,
        "Cost Of Revenue": NaN,
        "Total Revenue": NaN,
        "Operating Revenue": NaN
    },
    "2022-06-30": {
        "Tax Effect Of Unusual Items": 0.0,
        "Tax Rate For Calcs": 0.4,
        "Normalized EBITDA": -20554000.0,
        "Total Unusual Items": NaN,
        "Total Unusual Items Excluding Goodwill": NaN,
        "Net Income From Continuing Operation Net Minority Interest": -24990000.0,
        "Reconciled Depreciation": 2587000.0,
        "Reconciled Cost Of Revenue": 31479000.0,
        "EBITDA": -20554000.0,
        "EBIT": -23141000.0,
        "Net Interest Income": -1326000.0,
        "Interest Expense": 1608000.0,
        "Interest Income": 282000.0,
        "Normalized Income": -24990000.0,
        "Net Income From Continuing And Discontinued Operation": -24990000.0,
        "Total Expenses": 128004000.0,
        "Total Operating Income As Reported": -23791000.0,
        "Diluted Average Shares": 35317766.0,
        "Basic Average Shares": 35317766.0,
        "Diluted EPS": -0.71,
        "Basic EPS": -0.71,
        "Diluted NI Availto Com Stockholders": -24990000.0,
        "Average Dilution Earnings": NaN,
        "Net Income Common Stockholders": -24990000.0,
        "Net Income": -24990000.0,
        "Net Income Including Noncontrolling Interests": -24990000.0,
        "Net Income Continuous Operations": -24990000.0,
        "Tax Provision": 241000.0,
        "Pretax Income": -24749000.0,
        "Other Income Expense": 368000.0,
        "Other Non Operating Income Expenses": 368000.0,
        "Special Income Charges": NaN,
        "Other Special Charges": NaN,
        "Net Non Operating Interest Income Expense": -1326000.0,
        "Total Other Finance Cost": NaN,
        "Interest Expense Non Operating": 1608000.0,
        "Interest Income Non Operating": 282000.0,
        "Operating Income": -23791000.0,
        "Operating Expense": 96525000.0,
        "Research And Development": 12552000.0,
        "Selling General And Administration": 83973000.0,
        "Gross Profit": 72734000.0,
        "Cost Of Revenue": 31479000.0,
        "Total Revenue": 104213000.0,
        "Operating Revenue": 104213000.0
    },
    "2023-06-30": {
        "Tax Effect Of Unusual Items": NaN,
        "Tax Rate For Calcs": NaN,
        "Normalized EBITDA": NaN,
        "Total Unusual Items": NaN,
        "Total Unusual Items Excluding Goodwill": NaN,
        "Net Income From Continuing Operation Net Minority Interest": NaN,
        "Reconciled Depreciation": NaN,
        "Reconciled Cost Of Revenue": NaN,
        "EBITDA": NaN,
        "EBIT": NaN,
        "Net Interest Income": NaN,
        "Interest Expense": NaN,
        "Interest Income": NaN,
        "Normalized Income": NaN,
        "Net Income From Continuing And Discontinued Operation": NaN,
        "Total Expenses": NaN,
        "Total Operating Income As Reported": NaN,
        "Diluted Average Shares": NaN,
        "Basic Average Shares": NaN,
        "Diluted EPS": NaN,
        "Basic EPS": NaN,
        "Diluted NI Availto Com Stockholders": NaN,
        "Average Dilution Earnings": NaN,
        "Net Income Common Stockholders": NaN,
        "Net Income": NaN,
        "Net Income Including Noncontrolling Interests": NaN,
        "Net Income Continuous Operations": NaN,
        "Tax Provision": NaN,
        "Pretax Income": NaN,
        "Other Income Expense": NaN,
        "Other Non Operating Income Expenses": NaN,
        "Special Income Charges": NaN,
        "Restructuring And Mergern Acquisition": 0.0,
        "Gain On Sale Of Security": NaN,
        "Net Non Operating Interest Income Expense": NaN,
        "Interest Expense Non Operating": NaN,
        "Interest Income Non Operating": NaN,
        "Operating Income": NaN,
        "Operating Expense": NaN,
        "Depreciation Amortization Depletion Income Statement": 0.0,
        "Depreciation And Amortization In Income Statement": 0.0,
        "Amortization": 0.0,
        "Amortization Of Intangibles Income Statement": 0.0,
        "Research And Development": NaN,
        "Selling General And Administration": NaN,
        "Gross Profit": NaN,
        "Cost Of Revenue": NaN,
        "Total Revenue": NaN,
        "Operating Revenue": NaN
    },
    "2022-03-31": {
        "Diluted EPS": -0.98,
        "Total Revenue": 88,
        "Gross Profit": 59,
        "Operating Income": -33,
        "EBIT": -30,
        "Net Income": -34
    },
    "2021-12-31": {
        "Diluted EPS": -0.86,
        "Total Revenue": 103,
        "Gross Profit": 69,
        "Operating Income": -26,
        "EBIT": -21,
        "Net Income": -30
    },
    "2021-09-30": {
        "Diluted EPS": -1.44,
        "Total Revenue": 93,
        "Gross Profit": 65,
        "Operating Income": -46,
        "EBIT": -42,
        "Net Income": -50
    },
    "2021-06-30": {
        "Diluted EPS": -0.62,
        "Total Revenue": 102,
        "Gross Profit": 70,
        "Operating Income": -16,
        "EBIT": -10,
        "Net Income": -22
    },
    "2021-03-31": {
        "Diluted EPS": -0.85,
        "Total Revenue": 89,
        "Gross Profit": 62,
        "Operating Income": -23,
        "EBIT": -16,
        "Net Income": -30
    },
    "2020-12-31": {
        "Diluted EPS": -0.19,
        "Total Revenue": 110,
        "Gross Profit": 78,
        "Operating Income": -1,
        "EBIT": 6,
        "Net Income": -7
    },
    "2020-09-30": {
        "Diluted EPS": -0.29,
        "Total Revenue": 108,
        "Gross Profit": 76,
        "Operating Income": -4,
        "EBIT": 3,
        "Net Income": -10
    },
    "2020-06-30": {
        "Diluted EPS": -1.21,
        "Total Revenue": 56,
        "Gross Profit": 35,
        "Operating Income": -35,
        "EBIT": -27,
        "Net Income": -41
    },
    "2020-03-31": {
        "Diluted EPS": -0.78,
        "Total Revenue": 87,
        "Gross Profit": 61,
        "Operating Income": -23,
        "EBIT": -21,
        "Net Income": -25
    },
    "2019-12-31": {
        "Diluted EPS": -0.43,
        "Total Revenue": 114,
        "Gross Profit": 81,
        "Operating Income": -12,
        "EBIT": -2,
        "Net Income": -14
    },
    "2019-09-30": {
        "Diluted EPS": -0.58,
        "Total Revenue": 100,
        "Gross Profit": 70,
        "Operating Income": -16,
        "EBIT": -15,
        "Net Income": -18
    },
    "2019-06-30": {
        "Diluted EPS": -0.91,
        "Total Revenue": 94,
        "Gross Profit": 64,
        "Operating Income": -27,
        "EBIT": -25,
        "Net Income": -28
    },
    "2019-03-31": {
        "Diluted EPS": -1.45,
        "Total Revenue": 82,
        "Gross Profit": 53,
        "Operating Income": -42,
        "EBIT": -41,
        "Net Income": -44
    },
    "2018-12-31": {
        "Diluted EPS": -0.33,
        "Total Revenue": 108,
        "Gross Profit": 76,
        "Operating Income": -9,
        "EBIT": -8,
        "Net Income": -10
    },
    "2018-09-30": {
        "Diluted EPS": -0.37,
        "Total Revenue": 96,
        "Gross Profit": 67,
        "Operating Income": -9,
        "EBIT": -8,
        "Net Income": -11
    },
    "2018-06-30": {
        "Diluted EPS": -0.35,
        "Total Revenue": 96,
        "Gross Profit": 68,
        "Operating Income": -8,
        "EBIT": -7,
        "Net Income": -11
    },
    "2018-03-31": {
        "Diluted EPS": -0.59,
        "Total Revenue": 88,
        "Gross Profit": 62,
        "Operating Income": -16,
        "EBIT": -15,
        "Net Income": -18
    },
    "2017-12-31": {
        "Diluted EPS": -0.14,
        "Total Revenue": 98,
        "Gross Profit": 70,
        "Operating Income": -2,
        "EBIT": -1,
        "Net Income": -4
    },
    "2017-09-30": {
        "Diluted EPS": -0.21,
        "Total Revenue": 82,
        "Gross Profit": 58,
        "Operating Income": -4,
        "EBIT": -4,
        "Net Income": -6
    },
    "2017-06-30": {
        "Diluted EPS": -0.4,
        "Total Revenue": 78,
        "Gross Profit": 54,
        "Operating Income": -10,
        "EBIT": -9,
        "Net Income": -12
    },
    "2017-03-31": {
        "Diluted EPS": -0.5,
        "Total Revenue": 68,
        "Gross Profit": 46,
        "Operating Income": -13,
        "EBIT": -13,
        "Net Income": -15
    },
    "2016-12-31": {
        "Diluted EPS": -0.34,
        "Total Revenue": 71,
        "Gross Profit": 49,
        "Operating Income": -6,
        "EBIT": -6,
        "Net Income": -10
    },
    "2016-09-30": {
        "Diluted EPS": -0.14,
        "Total Revenue": 61,
        "Gross Profit": 42,
        "Operating Income": -2,
        "EBIT": -1,
        "Net Income": -4
    },
    "2016-06-30": {
        "Diluted EPS": -0.31,
        "Total Revenue": 55,
        "Gross Profit": 37,
        "Operating Income": -6,
        "EBIT": -6,
        "Net Income": -9
    },
    "2016-03-31": {
        "Diluted EPS": -0.33,
        "Total Revenue": 42,
        "Gross Profit": 26,
        "Operating Income": -9,
        "EBIT": -9,
        "Net Income": -9
    },
    "2015-12-31": {
        "Diluted EPS": -0.5,
        "Total Revenue": 33,
        "Gross Profit": 20,
        "Operating Income": -13,
        "EBIT": -13,
        "Net Income": -14
    },
    "2015-09-30": {
        "Diluted EPS": -0.7,
        "Total Revenue": 15,
        "Gross Profit": 9,
        "Operating Income": -18,
        "EBIT": -18,
        "Net Income": -19
    },
    "2015-06-30": {
        "Diluted EPS": -0.77,
        "Total Revenue": 11,
        "Gross Profit": 6,
        "Operating Income": -19,
        "EBIT": -19,
        "Net Income": -20
    },
    "2015-03-31": {
        "Diluted EPS": -0.57,
        "Total Revenue": 10,
        "Gross Profit": 6,
        "Operating Income": -12,
        "EBIT": -12,
        "Net Income": -14
    },
    "2014-12-31": {
        "Diluted EPS": 12.2,
        "Total Revenue": 10,
        "Gross Profit": 7,
        "Operating Income": -7,
        "EBIT": -7,
        "Net Income": -8
    },
    "2014-09-30": {
        "Diluted EPS": -5.96,
        "Total Revenue": 9,
        "Gross Profit": 6,
        "Operating Income": -6,
        "EBIT": -6,
        "Net Income": -8
    },
    "2014-06-30": {
        "Diluted EPS": -6.58,
        "Total Revenue": 8,
        "Gross Profit": 5,
        "Operating Income": -7,
        "EBIT": -7,
        "Net Income": -7
    },
    "2014-03-31": {
        "Diluted EPS": -6.6,
        "Total Revenue": 7,
        "Gross Profit": 4,
        "Operating Income": -7,
        "EBIT": -7,
        "Net Income": -7
    },
    "2013-12-31": {
        "Diluted EPS": 0.0,
        "Total Revenue": NaN,
        "Gross Profit": NaN,
        "Operating Income": NaN,
        "EBIT": NaN,
        "Net Income": NaN
    },
    "2013-09-30": {
        "Diluted EPS": -5.54,
        "Total Revenue": 6,
        "Gross Profit": 4,
        "Operating Income": -5,
        "EBIT": -5,
        "Net Income": -5
    },
    "2012-12-31": {
        "Diluted EPS": 0.0,
        "Total Revenue": NaN,
        "Gross Profit": NaN,
        "Operating Income": NaN,
        "EBIT": NaN,
        "Net Income": NaN
    },
    "2023-09-30": {
        "Tax Effect Of Unusual Items": 0.0,
        "Tax Rate For Calcs": 0.21,
        "Normalized EBITDA": -18876000.0,
        "Total Unusual Items": 0.0,
        "Total Unusual Items Excluding Goodwill": 0.0,
        "Net Income From Continuing Operation Net Minority Interest": -23479000.0,
        "Reconciled Depreciation": 2855000.0,
        "Reconciled Cost Of Revenue": 31491000.0,
        "EBITDA": -18876000.0,
        "EBIT": -21731000.0,
        "Net Interest Income": 1976000.0,
        "Interest Expense": 1618000.0,
        "Interest Income": 3594000.0,
        "Normalized Income": -23479000.0,
        "Net Income From Continuing And Discontinued Operation": -23479000.0,
        "Total Expenses": 129421000.0,
        "Total Operating Income As Reported": -25559000.0,
        "Diluted Average Shares": 36142255.0,
        "Basic Average Shares": 36142255.0,
        "Diluted EPS": -0.65,
        "Basic EPS": -0.65,
        "Diluted NI Availto Com Stockholders": -23479000.0,
        "Average Dilution Earnings": 0.0,
        "Net Income Common Stockholders": -23479000.0,
        "Net Income": -23479000.0,
        "Net Income Including Noncontrolling Interests": -23479000.0,
        "Net Income Continuous Operations": -23479000.0,
        "Tax Provision": 130000.0,
        "Pretax Income": -23349000.0,
        "Other Income Expense": 234000.0,
        "Other Non Operating Income Expenses": 234000.0,
        "Special Income Charges": 0.0,
        "Restructuring And Mergern Acquisition": 0.0,
        "Gain On Sale Of Security": NaN,
        "Net Non Operating Interest Income Expense": 1976000.0,
        "Interest Expense Non Operating": 1618000.0,
        "Interest Income Non Operating": 3594000.0,
        "Operating Income": -25559000.0,
        "Operating Expense": 95075000.0,
        "Depreciation Amortization Depletion Income Statement": 0.0,
        "Depreciation And Amortization In Income Statement": 0.0,
        "Amortization": 0.0,
        "Amortization Of Intangibles Income Statement": 0.0,
        "Research And Development": 13923000.0,
        "Selling General And Administration": 81152000.0,
        "Gross Profit": 69516000.0,
        "Cost Of Revenue": 34346000.0,
        "Total Revenue": 103862000.0,
        "Operating Revenue": 103862000.0
    },
    "2023-12-31": {
        "Tax Effect Of Unusual Items": -864570.0,
        "Tax Rate For Calcs": 0.21,
        "Normalized EBITDA": -5007000.0,
        "Total Unusual Items": -4117000.0,
        "Total Unusual Items Excluding Goodwill": -4117000.0,
        "Net Income From Continuing Operation Net Minority Interest": -8981000.0,
        "Reconciled Depreciation": 3270000.0,
        "Reconciled Cost Of Revenue": 34699000.0,
        "EBITDA": -9124000.0,
        "EBIT": -12394000.0,
        "Net Interest Income": 781000.0,
        "Interest Expense": 3165000.0,
        "Interest Income": 3946000.0,
        "Normalized Income": -5728570.0,
        "Net Income From Continuing And Discontinued Operation": -8981000.0,
        "Total Expenses": 127963000.0,
        "Total Operating Income As Reported": -11787000.0,
        "Diluted Average Shares": 36277243.0,
        "Basic Average Shares": 36277243.0,
        "Diluted EPS": -0.25,
        "Basic EPS": -0.25,
        "Diluted NI Availto Com Stockholders": -8981000.0,
        "Average Dilution Earnings": NaN,
        "Net Income Common Stockholders": -8981000.0,
        "Net Income": -8981000.0,
        "Net Income Including Noncontrolling Interests": -8981000.0,
        "Net Income Continuous Operations": -8981000.0,
        "Tax Provision": -6578000.0,
        "Pretax Income": -15559000.0,
        "Other Income Expense": -4553000.0,
        "Other Non Operating Income Expenses": -436000.0,
        "Special Income Charges": 3934000.0,
        "Restructuring And Mergern Acquisition": NaN,
        "Gain On Sale Of Security": NaN,
        "Net Non Operating Interest Income Expense": 781000.0,
        "Interest Expense Non Operating": 3165000.0,
        "Interest Income Non Operating": 3946000.0,
        "Operating Income": -11787000.0,
        "Operating Expense": 93264000.0,
        "Depreciation Amortization Depletion Income Statement": NaN,
        "Depreciation And Amortization In Income Statement": NaN,
        "Amortization": NaN,
        "Amortization Of Intangibles Income Statement": NaN,
        "Research And Development": 12420000.0,
        "Selling General And Administration": 80598000.0,
        "Gross Profit": 81477000.0,
        "Cost Of Revenue": 34699000.0,
        "Total Revenue": 116176000.0,
        "Operating Revenue": 116176000.0
    },
    "2024-03-31": {
        "Tax Effect Of Unusual Items": 2118690.0,
        "Tax Rate For Calcs": 0.21,
        "Normalized EBITDA": -24635000.0,
        "Total Unusual Items": 10089000.0,
        "Total Unusual Items Excluding Goodwill": 10089000.0,
        "Net Income From Continuing Operation Net Minority Interest": -25409000.0,
        "Reconciled Depreciation": 3969000.0,
        "Reconciled Cost Of Revenue": 27139000.0,
        "EBITDA": -14546000.0,
        "EBIT": -18515000.0,
        "Net Interest Income": -2732000.0,
        "Interest Expense": 6512000.0,
        "Interest Income": 3780000.0,
        "Normalized Income": -33379310.0,
        "Net Income From Continuing And Discontinued Operation": -25409000.0,
        "Total Expenses": 134262000.0,
        "Total Operating Income As Reported": -35834000.0,
        "Diluted Average Shares": 36467371.0,
        "Basic Average Shares": 36467371.0,
        "Diluted EPS": -0.7,
        "Basic EPS": -0.7,
        "Diluted NI Availto Com Stockholders": -25409000.0,
        "Average Dilution Earnings": NaN,
        "Net Income Common Stockholders": -25409000.0,
        "Net Income": -25409000.0,
        "Net Income Including Noncontrolling Interests": -25409000.0,
        "Net Income Continuous Operations": -25409000.0,
        "Tax Provision": 382000.0,
        "Pretax Income": -25027000.0,
        "Other Income Expense": 10068000.0,
        "Other Non Operating Income Expenses": -21000.0,
        "Special Income Charges": -3471000.0,
        "Restructuring And Mergern Acquisition": 3471000.0,
        "Gain On Sale Of Security": 13560000.0,
        "Net Non Operating Interest Income Expense": -2732000.0,
        "Interest Expense Non Operating": 6512000.0,
        "Interest Income Non Operating": 3780000.0,
        "Operating Income": -32363000.0,
        "Operating Expense": 103891000.0,
        "Depreciation Amortization Depletion Income Statement": 737000.0,
        "Depreciation And Amortization In Income Statement": 737000.0,
        "Amortization": 737000.0,
        "Amortization Of Intangibles Income Statement": 737000.0,
        "Research And Development": 14828000.0,
        "Selling General And Administration": 88326000.0,
        "Gross Profit": 71528000.0,
        "Cost Of Revenue": 30371000.0,
        "Total Revenue": 101899000.0,
        "Operating Revenue": 101899000.0
    },
    "2024-06-30": {
        "Tax Effect Of Unusual Items": 1794240.0,
        "Tax Rate For Calcs": 0.21,
        "Normalized EBITDA": -17545000.0,
        "Total Unusual Items": 8544000.0,
        "Total Unusual Items Excluding Goodwill": 8544000.0,
        "Net Income From Continuing Operation Net Minority Interest": -19575000.0,
        "Reconciled Depreciation": 3571000.0,
        "Reconciled Cost Of Revenue": 33860000.0,
        "EBITDA": -9001000.0,
        "EBIT": -12572000.0,
        "Net Interest Income": -3424000.0,
        "Interest Expense": 6741000.0,
        "Interest Income": 3317000.0,
        "Normalized Income": -26324760.0,
        "Net Income From Continuing And Discontinued Operation": -19575000.0,
        "Total Expenses": 128322000.0,
        "Total Operating Income As Reported": -25121000.0,
        "Diluted Average Shares": 36936867.0,
        "Basic Average Shares": 36936867.0,
        "Diluted EPS": -0.53,
        "Basic EPS": -0.53,
        "Diluted NI Availto Com Stockholders": -19575000.0,
        "Average Dilution Earnings": NaN,
        "Net Income Common Stockholders": -19575000.0,
        "Net Income": -19575000.0,
        "Net Income Including Noncontrolling Interests": -19575000.0,
        "Net Income Continuous Operations": -19575000.0,
        "Tax Provision": 262000.0,
        "Pretax Income": -19313000.0,
        "Other Income Expense": 8272000.0,
        "Other Non Operating Income Expenses": -272000.0,
        "Special Income Charges": -960000.0,
        "Restructuring And Mergern Acquisition": 960000.0,
        "Gain On Sale Of Security": 9504000.0,
        "Net Non Operating Interest Income Expense": -3424000.0,
        "Interest Expense Non Operating": 6741000.0,
        "Interest Income Non Operating": 3317000.0,
        "Operating Income": -24161000.0,
        "Operating Expense": 91628000.0,
        "Depreciation Amortization Depletion Income Statement": 737000.0,
        "Depreciation And Amortization In Income Statement": 737000.0,
        "Amortization": 737000.0,
        "Amortization Of Intangibles Income Statement": 737000.0,
        "Research And Development": 14117000.0,
        "Selling General And Administration": 76774000.0,
        "Gross Profit": 67467000.0,
        "Cost Of Revenue": 36694000.0,
        "Total Revenue": 104161000.0,
        "Operating Revenue": 104161000.0
    },
    "2024-09-30": {
        "Tax Effect Of Unusual Items": 996450.0,
        "Tax Rate For Calcs": 0.21,
        "Normalized EBITDA": -9531000.0,
        "Total Unusual Items": 4745000.0,
        "Total Unusual Items Excluding Goodwill": 4745000.0,
        "Net Income From Continuing Operation Net Minority Interest": -15344000.0,
        "Reconciled Depreciation": 3270000.0,
        "Reconciled Cost Of Revenue": 29763000.0,
        "EBITDA": -4786000.0,
        "EBIT": -8056000.0,
        "Net Interest Income": -3782000.0,
        "Interest Expense": 7008000.0,
        "Interest Income": 3226000.0,
        "Normalized Income": -19092550.0,
        "Net Income From Continuing And Discontinued Operation": -15344000.0,
        "Total Expenses": 112083000.0,
        "Total Operating Income As Reported": -13866000.0,
        "Diluted Average Shares": 37324907.0,
        "Basic Average Shares": 37324907.0,
        "Diluted EPS": -0.41,
        "Basic EPS": -0.41,
        "Diluted NI Availto Com Stockholders": -15344000.0,
        "Average Dilution Earnings": NaN,
        "Net Income Common Stockholders": -15344000.0,
        "Net Income": -15344000.0,
        "Net Income Including Noncontrolling Interests": -15344000.0,
        "Net Income Continuous Operations": -15344000.0,
        "Tax Provision": 280000.0,
        "Pretax Income": -15064000.0,
        "Other Income Expense": 3891000.0,
        "Other Non Operating Income Expenses": -854000.0,
        "Special Income Charges": 1307000.0,
        "Restructuring And Mergern Acquisition": -1307000.0,
        "Gain On Sale Of Security": 3438000.0,
        "Net Non Operating Interest Income Expense": -3782000.0,
        "Interest Expense Non Operating": 7008000.0,
        "Interest Income Non Operating": 3226000.0,
        "Operating Income": -15173000.0,
        "Operating Expense": 79787000.0,
        "Depreciation Amortization Depletion Income Statement": 737000.0,
        "Depreciation And Amortization In Income Statement": 737000.0,
        "Amortization": 737000.0,
        "Amortization Of Intangibles Income Statement": 737000.0,
        "Research And Development": 10579000.0,
        "Selling General And Administration": 68471000.0,
        "Gross Profit": 64614000.0,
        "Cost Of Revenue": 32296000.0,
        "Total Revenue": 96910000.0,
        "Operating Revenue": 96910000.0
    }
}