{
    "2023-03-31": {
        "Tax Effect Of Unusual Items": 0.0,
        "Tax Rate For Calcs": 0.213645,
        "Normalized EBITDA": 115300000.0,
        "Net Income From Continuing Operation Net Minority Interest": 43800000.0,
        "Reconciled Depreciation": 42900000.0,
        "Reconciled Cost Of Revenue": 264500000.0,
        "EBITDA": 115300000.0,
        "EBIT": 72400000.0,
        "Net Interest Income": -16700000.0,
        "Interest Expense": 16700000.0,
        "Normalized Income": 43800000.0,
        "Net Income From Continuing And Discontinued Operation": 43800000.0,
        "Total Expenses": 555100000.0,
        "Total Operating Income As Reported": 72100000.0,
        "Diluted Average Shares": 177400000.0,
        "Basic Average Shares": 163600000.0,
        "Diluted EPS": 0.25,
        "Basic EPS": 0.27,
        "Diluted NI Availto Com Stockholders": 43800000.0,
        "Net Income Common Stockholders": 43800000.0,
        "Net Income": 43800000.0,
        "Net Income Including Noncontrolling Interests": 43800000.0,
        "Net Income Discontinuous Operations": 0.0,
        "Net Income Continuous Operations": 43800000.0,
        "Tax Provision": 11900000.0,
        "Pretax Income": 55700000.0,
        "Other Income Expense": 300000.0,
        "Other Non Operating Income Expenses": 300000.0,
        "Net Non Operating Interest Income Expense": -16700000.0,
        "Interest Expense Non Operating": 16700000.0,
        "Operating Income": 72100000.0,
        "Operating Expense": 290600000.0,
        "Research And Development": 24500000.0,
        "Selling General And Administration": 266100000.0,
        "Gross Profit": 362700000.0,
        "Cost Of Revenue": 264500000.0,
        "Total Revenue": 627200000.0,
        "Operating Revenue": 627200000.0
    },
    "2022-12-31": {
        "Tax Effect Of Unusual Items": 0.0,
        "Tax Rate For Calcs": 0.029062,
        "Normalized EBITDA": 132500000.0,
        "Net Income From Continuing Operation Net Minority Interest": 73500000.0,
        "Reconciled Depreciation": 42300000.0,
        "Reconciled Cost Of Revenue": 294600000.0,
        "EBITDA": 132500000.0,
        "EBIT": 90200000.0,
        "Net Interest Income": -14500000.0,
        "Interest Expense": 14500000.0,
        "Normalized Income": 73500000.0,
        "Net Income From Continuing And Discontinued Operation": 73500000.0,
        "Total Expenses": 572800000.0,
        "Total Operating Income As Reported": 88000000.0,
        "Diluted Average Shares": 175300000.0,
        "Basic Average Shares": 163300000.0,
        "Diluted EPS": 0.42,
        "Basic EPS": 0.45,
        "Diluted NI Availto Com Stockholders": 73500000.0,
        "Net Income Common Stockholders": 73500000.0,
        "Net Income": 73500000.0,
        "Net Income Including Noncontrolling Interests": 73500000.0,
        "Net Income Discontinuous Operations": 0.0,
        "Net Income Continuous Operations": 73500000.0,
        "Tax Provision": 2200000.0,
        "Pretax Income": 75700000.0,
        "Other Income Expense": 2200000.0,
        "Other Non Operating Income Expenses": 2200000.0,
        "Net Non Operating Interest Income Expense": -14500000.0,
        "Interest Expense Non Operating": 14500000.0,
        "Operating Income": 88000000.0,
        "Operating Expense": 278200000.0,
        "Research And Development": 24600000.0,
        "Selling General And Administration": 253600000.0,
        "Gross Profit": 366200000.0,
        "Cost Of Revenue": 294600000.0,
        "Total Revenue": 660800000.0,
        "Operating Revenue": 660800000.0
    },
    "2022-09-30": {
        "Tax Effect Of Unusual Items": 0.0,
        "Tax Rate For Calcs": 0.21519,
        "Normalized EBITDA": 74800000.0,
        "Net Income From Continuing Operation Net Minority Interest": 49600000.0,
        "Reconciled Depreciation": 42200000.0,
        "Reconciled Cost Of Revenue": 266400000.0,
        "EBITDA": 74800000.0,
        "EBIT": 74800000.0,
        "Net Interest Income": -11600000.0,
        "Interest Expense": 11600000.0,
        "Normalized Income": 49600000.0,
        "Net Income From Continuing And Discontinued Operation": 47600000.0,
        "Total Expenses": 556600000.0,
        "Total Operating Income As Reported": 74500000.0,
        "Diluted Average Shares": 176900000.0,
        "Basic Average Shares": 163100000.0,
        "Diluted EPS": 0.27,
        "Basic EPS": 0.29,
        "Diluted NI Availto Com Stockholders": 47600000.0,
        "Net Income Common Stockholders": 47600000.0,
        "Net Income": 47600000.0,
        "Net Income Including Noncontrolling Interests": 47600000.0,
        "Net Income Discontinuous Operations": -2000000.0,
        "Net Income Continuous Operations": 49600000.0,
        "Tax Provision": 13600000.0,
        "Pretax Income": 63200000.0,
        "Other Income Expense": 300000.0,
        "Other Non Operating Income Expenses": 300000.0,
        "Net Non Operating Interest Income Expense": -11600000.0,
        "Interest Expense Non Operating": 11600000.0,
        "Operating Income": 74500000.0,
        "Operating Expense": 290200000.0,
        "Research And Development": 26000000.0,
        "Selling General And Administration": 264200000.0,
        "Gross Profit": 364700000.0,
        "Cost Of Revenue": 266400000.0,
        "Total Revenue": 631100000.0,
        "Operating Revenue": 631100000.0
    },
    "2022-06-30": {
        "Tax Effect Of Unusual Items": 0.0,
        "Tax Rate For Calcs": 0.247,
        "Normalized EBITDA": 105400000.0,
        "Net Income From Continuing Operation Net Minority Interest": 44500000.0,
        "Reconciled Depreciation": 39900000.0,
        "Reconciled Cost Of Revenue": 276000000.0,
        "EBITDA": 105400000.0,
        "EBIT": 65500000.0,
        "Net Interest Income": -6400000.0,
        "Interest Expense": 6400000.0,
        "Normalized Income": 44500000.0,
        "Net Income From Continuing And Discontinued Operation": 47100000.0,
        "Total Expenses": 580600000.0,
        "Total Operating Income As Reported": 65200000.0,
        "Diluted Average Shares": 178500000.0,
        "Basic Average Shares": 162900000.0,
        "Diluted EPS": 0.26,
        "Basic EPS": 0.29,
        "Diluted NI Availto Com Stockholders": 47100000.0,
        "Net Income Common Stockholders": 47100000.0,
        "Net Income": 47100000.0,
        "Net Income Including Noncontrolling Interests": 47100000.0,
        "Net Income Discontinuous Operations": 2600000.0,
        "Net Income Continuous Operations": 44500000.0,
        "Tax Provision": 14600000.0,
        "Pretax Income": 59100000.0,
        "Other Income Expense": 300000.0,
        "Other Non Operating Income Expenses": 300000.0,
        "Net Non Operating Interest Income Expense": -6400000.0,
        "Interest Expense Non Operating": 6400000.0,
        "Operating Income": 65200000.0,
        "Operating Expense": 304600000.0,
        "Research And Development": 25100000.0,
        "Selling General And Administration": 279500000.0,
        "Gross Profit": 369800000.0,
        "Cost Of Revenue": 276000000.0,
        "Total Revenue": 645800000.0,
        "Operating Revenue": 645800000.0
    },
    "2023-06-30": {
        "Tax Effect Of Unusual Items": 0.0,
        "Tax Rate For Calcs": 0.243,
        "Normalized EBITDA": 126100000.0,
        "Net Income From Continuing Operation Net Minority Interest": 51900000.0,
        "Reconciled Depreciation": 40100000.0,
        "Reconciled Cost Of Revenue": 283800000.0,
        "EBITDA": 126100000.0,
        "EBIT": 86000000.0,
        "Net Interest Income": -17400000.0,
        "Interest Expense": 17400000.0,
        "Normalized Income": 51900000.0,
        "Net Income From Continuing And Discontinued Operation": 51900000.0,
        "Total Expenses": 583500000.0,
        "Total Operating Income As Reported": 78900000.0,
        "Diluted Average Shares": 176300000.0,
        "Basic Average Shares": 164000000.0,
        "Diluted EPS": 0.29,
        "Basic EPS": 0.32,
        "Diluted NI Availto Com Stockholders": 51900000.0,
        "Net Income Common Stockholders": 51900000.0,
        "Net Income": 51900000.0,
        "Net Income Including Noncontrolling Interests": 51900000.0,
        "Net Income Discontinuous Operations": 0.0,
        "Net Income Continuous Operations": 51900000.0,
        "Tax Provision": 16700000.0,
        "Pretax Income": 68600000.0,
        "Other Income Expense": 7100000.0,
        "Other Non Operating Income Expenses": 7100000.0,
        "Net Non Operating Interest Income Expense": -17400000.0,
        "Interest Expense Non Operating": 17400000.0,
        "Operating Income": 78900000.0,
        "Operating Expense": 299700000.0,
        "Research And Development": 26800000.0,
        "Selling General And Administration": 272900000.0,
        "Gross Profit": 378600000.0,
        "Cost Of Revenue": 283800000.0,
        "Total Revenue": 662400000.0,
        "Operating Revenue": 662400000.0
    },
    "2022-03-31": {
        "Diluted EPS": 0.42,
        "Total Revenue": 631,
        "Gross Profit": 374,
        "Operating Income": 92,
        "EBIT": 130,
        "Net Income": 75
    },
    "2021-12-31": {
        "Diluted EPS": 0.48,
        "Total Revenue": 652,
        "Gross Profit": 343,
        "Operating Income": 46,
        "EBIT": 90,
        "Net Income": 86
    },
    "2021-09-30": {
        "Diluted EPS": 0.52,
        "Total Revenue": 607,
        "Gross Profit": 356,
        "Operating Income": 82,
        "EBIT": 124,
        "Net Income": 93
    },
    "2021-06-30": {
        "Diluted EPS": 0.51,
        "Total Revenue": 637,
        "Gross Profit": 369,
        "Operating Income": 83,
        "EBIT": 127,
        "Net Income": 90
    },
    "2021-03-31": {
        "Diluted EPS": 0.41,
        "Total Revenue": 613,
        "Gross Profit": 358,
        "Operating Income": 95,
        "EBIT": 140,
        "Net Income": 72
    },
    "2020-12-31": {
        "Diluted EPS": 0.68,
        "Total Revenue": 473,
        "Gross Profit": 318,
        "Operating Income": 115,
        "EBIT": 161,
        "Net Income": 108
    },
    "2020-09-30": {
        "Diluted EPS": 0.22,
        "Total Revenue": 547,
        "Gross Profit": 308,
        "Operating Income": 62,
        "EBIT": 109,
        "Net Income": 36
    },
    "2020-06-30": {
        "Diluted EPS": -0.59,
        "Total Revenue": 362,
        "Gross Profit": 151,
        "Operating Income": -108,
        "EBIT": -65,
        "Net Income": -94
    },
    "2020-03-31": {
        "Diluted EPS": -0.11,
        "Total Revenue": 547,
        "Gross Profit": 278,
        "Operating Income": -25,
        "EBIT": 15,
        "Net Income": -17
    },
    "2019-12-31": {
        "Diluted EPS": 0.34,
        "Total Revenue": 254,
        "Gross Profit": 226,
        "Operating Income": 36,
        "EBIT": 78,
        "Net Income": 56
    },
    "2019-09-30": {
        "Diluted EPS": 0.48,
        "Total Revenue": 659,
        "Gross Profit": 367,
        "Operating Income": 79,
        "EBIT": 124,
        "Net Income": 62
    },
    "2019-06-30": {
        "Diluted EPS": 0.48,
        "Total Revenue": 712,
        "Gross Profit": 394,
        "Operating Income": 76,
        "EBIT": 115,
        "Net Income": 62
    },
    "2019-03-31": {
        "Diluted EPS": 0.3,
        "Total Revenue": 660,
        "Gross Profit": 363,
        "Operating Income": 45,
        "EBIT": 87,
        "Net Income": 38
    },
    "2018-12-31": {
        "Diluted EPS": 0.0,
        "Total Revenue": NaN,
        "Gross Profit": NaN,
        "Operating Income": NaN,
        "EBIT": NaN,
        "Net Income": NaN
    },
    "2018-09-30": {
        "Diluted EPS": 0.5,
        "Total Revenue": 680,
        "Gross Profit": 381,
        "Operating Income": 81,
        "EBIT": 81,
        "Net Income": 64
    },
    "2017-12-31": {
        "Diluted EPS": 0.0,
        "Total Revenue": NaN,
        "Gross Profit": NaN,
        "Operating Income": NaN,
        "EBIT": NaN,
        "Net Income": NaN
    },
    "2023-09-30": {
        "Tax Effect Of Unusual Items": 0.0,
        "Tax Rate For Calcs": 0.399,
        "Normalized EBITDA": 90800000.0,
        "Net Income From Continuing Operation Net Minority Interest": 21500000.0,
        "Reconciled Depreciation": 39600000.0,
        "Reconciled Cost Of Revenue": 268000000.0,
        "EBITDA": 90800000.0,
        "EBIT": 51200000.0,
        "Net Interest Income": -15400000.0,
        "Interest Expense": 15400000.0,
        "Normalized Income": 21500000.0,
        "Net Income From Continuing And Discontinued Operation": 21500000.0,
        "Total Expenses": 548000000.0,
        "Total Operating Income As Reported": 83300000.0,
        "Diluted Average Shares": 175200000.0,
        "Basic Average Shares": 168200000.0,
        "Diluted EPS": 0.12,
        "Basic EPS": 0.13,
        "Diluted NI Availto Com Stockholders": 21500000.0,
        "Net Income Common Stockholders": 21500000.0,
        "Net Income": 21500000.0,
        "Net Income Including Noncontrolling Interests": 21500000.0,
        "Net Income Discontinuous Operations": 0.0,
        "Net Income Continuous Operations": 21500000.0,
        "Tax Provision": 14300000.0,
        "Pretax Income": 35800000.0,
        "Other Income Expense": -32100000.0,
        "Other Non Operating Income Expenses": -32100000.0,
        "Net Non Operating Interest Income Expense": -15400000.0,
        "Interest Expense Non Operating": 15400000.0,
        "Operating Income": 83300000.0,
        "Operating Expense": 280000000.0,
        "Research And Development": 22300000.0,
        "Selling General And Administration": 257700000.0,
        "Gross Profit": 363300000.0,
        "Cost Of Revenue": 268000000.0,
        "Total Revenue": 631300000.0,
        "Operating Revenue": 631300000.0
    },
    "2023-12-31": {
        "Tax Effect Of Unusual Items": 0.0,
        "Tax Rate For Calcs": 0.21,
        "Normalized EBITDA": -161100000.0,
        "Net Income From Continuing Operation Net Minority Interest": -217400000.0,
        "Reconciled Depreciation": 40000000.0,
        "Reconciled Cost Of Revenue": 309700000.0,
        "EBITDA": -161100000.0,
        "EBIT": -201100000.0,
        "Net Interest Income": -13900000.0,
        "Interest Expense": 13900000.0,
        "Normalized Income": -217400000.0,
        "Net Income From Continuing And Discontinued Operation": -217400000.0,
        "Total Expenses": 590100000.0,
        "Total Operating Income As Reported": -202800000.0,
        "Diluted Average Shares": 171700000.0,
        "Basic Average Shares": 171700000.0,
        "Diluted EPS": -1.27,
        "Basic EPS": -1.27,
        "Diluted NI Availto Com Stockholders": -217400000.0,
        "Net Income Common Stockholders": -217400000.0,
        "Net Income": -217400000.0,
        "Net Income Including Noncontrolling Interests": -217400000.0,
        "Net Income Discontinuous Operations": 0.0,
        "Net Income Continuous Operations": -217400000.0,
        "Tax Provision": 2400000.0,
        "Pretax Income": -215000000.0,
        "Other Income Expense": -256600000.0,
        "Other Non Operating Income Expenses": 1700000.0,
        "Net Non Operating Interest Income Expense": -13900000.0,
        "Interest Expense Non Operating": 13900000.0,
        "Operating Income": 55500000.0,
        "Operating Expense": 280400000.0,
        "Research And Development": 20200000.0,
        "Selling General And Administration": 260200000.0,
        "Gross Profit": 335900000.0,
        "Cost Of Revenue": 309700000.0,
        "Total Revenue": 645600000.0,
        "Operating Revenue": 645600000.0
    },
    "2024-03-31": {
        "Tax Effect Of Unusual Items": 0.0,
        "Tax Rate For Calcs": 0.331445,
        "Normalized EBITDA": 87600000.0,
        "Net Income From Continuing Operation Net Minority Interest": 23600000.0,
        "Reconciled Depreciation": 39400000.0,
        "Reconciled Cost Of Revenue": 267300000.0,
        "EBITDA": 87600000.0,
        "EBIT": 48200000.0,
        "Net Interest Income": -12900000.0,
        "Interest Expense": 12900000.0,
        "Normalized Income": 23600000.0,
        "Net Income From Continuing And Discontinued Operation": 23600000.0,
        "Total Expenses": 575500000.0,
        "Total Operating Income As Reported": 48100000.0,
        "Diluted Average Shares": 173400000.0,
        "Basic Average Shares": 171900000.0,
        "Diluted EPS": 0.14,
        "Basic EPS": 0.14,
        "Diluted NI Availto Com Stockholders": 23600000.0,
        "Net Income Common Stockholders": 23600000.0,
        "Net Income": 23600000.0,
        "Net Income Including Noncontrolling Interests": 23600000.0,
        "Net Income Discontinuous Operations": NaN,
        "Net Income Continuous Operations": 23600000.0,
        "Tax Provision": 11700000.0,
        "Pretax Income": 35300000.0,
        "Other Income Expense": 100000.0,
        "Other Non Operating Income Expenses": 100000.0,
        "Net Non Operating Interest Income Expense": -12900000.0,
        "Interest Expense Non Operating": 12900000.0,
        "Operating Income": 48100000.0,
        "Operating Expense": 308200000.0,
        "Research And Development": 23300000.0,
        "Selling General And Administration": 284900000.0,
        "Gross Profit": 356300000.0,
        "Cost Of Revenue": 267300000.0,
        "Total Revenue": 623600000.0,
        "Operating Revenue": 623600000.0
    }
}