{
    "2023-06-30": {
        "Tax Effect Of Unusual Items": 1611600.0,
        "Tax Rate For Calcs": 0.158,
        "Normalized EBITDA": 178800000.0,
        "Total Unusual Items": 10200000.0,
        "Total Unusual Items Excluding Goodwill": 10200000.0,
        "Net Income From Continuing Operation Net Minority Interest": 112900000.0,
        "Reconciled Depreciation": 33200000.0,
        "Reconciled Cost Of Revenue": 471100000.0,
        "EBITDA": 189000000.0,
        "EBIT": 155800000.0,
        "Net Interest Income": -21700000.0,
        "Interest Expense": 21700000.0,
        "Normalized Income": 104311600.0,
        "Net Income From Continuing And Discontinued Operation": 112900000.0,
        "Total Expenses": 656300000.0,
        "Total Operating Income As Reported": 146700000.0,
        "Diluted Average Shares": 168000000.0,
        "Basic Average Shares": 165700000.0,
        "Diluted EPS": 0.67,
        "Basic EPS": 0.68,
        "Diluted NI Availto Com Stockholders": 112900000.0,
        "Net Income Common Stockholders": 112900000.0,
        "Net Income": 112900000.0,
        "Net Income Including Noncontrolling Interests": 112900000.0,
        "Net Income Continuous Operations": 112900000.0,
        "Tax Provision": 21200000.0,
        "Pretax Income": 134100000.0,
        "Other Income Expense": 9100000.0,
        "Other Non Operating Income Expenses": -1100000.0,
        "Special Income Charges": NaN,
        "Gain On Sale Of Security": 10200000.0,
        "Net Non Operating Interest Income Expense": -21700000.0,
        "Interest Expense Non Operating": 21700000.0,
        "Operating Income": 146700000.0,
        "Operating Expense": 185200000.0,
        "Research And Development": 17500000.0,
        "Selling General And Administration": 167700000.0,
        "Gross Profit": 331900000.0,
        "Cost Of Revenue": 471100000.0,
        "Total Revenue": 803000000.0,
        "Operating Revenue": 803000000.0
    },
    "2023-03-31": {
        "Tax Effect Of Unusual Items": 0.0,
        "Tax Rate For Calcs": 0.185,
        "Normalized EBITDA": 151600000.0,
        "Total Unusual Items": NaN,
        "Total Unusual Items Excluding Goodwill": NaN,
        "Net Income From Continuing Operation Net Minority Interest": 93800000.0,
        "Reconciled Depreciation": 28700000.0,
        "Reconciled Cost Of Revenue": 437400000.0,
        "EBITDA": 151600000.0,
        "EBIT": 122900000.0,
        "Net Interest Income": -7800000.0,
        "Interest Expense": 7800000.0,
        "Normalized Income": 93800000.0,
        "Net Income From Continuing And Discontinued Operation": 93800000.0,
        "Total Expenses": 616500000.0,
        "Total Operating Income As Reported": 124100000.0,
        "Diluted Average Shares": 168000000.0,
        "Basic Average Shares": 165300000.0,
        "Diluted EPS": 0.56,
        "Basic EPS": 0.57,
        "Diluted NI Availto Com Stockholders": 93800000.0,
        "Net Income Common Stockholders": 93800000.0,
        "Net Income": 93800000.0,
        "Net Income Including Noncontrolling Interests": 93800000.0,
        "Net Income Continuous Operations": 93800000.0,
        "Tax Provision": 21300000.0,
        "Pretax Income": 115100000.0,
        "Other Income Expense": -1200000.0,
        "Other Non Operating Income Expenses": -1200000.0,
        "Special Income Charges": NaN,
        "Gain On Sale Of Security": NaN,
        "Net Non Operating Interest Income Expense": -7800000.0,
        "Interest Expense Non Operating": 7800000.0,
        "Operating Income": 124100000.0,
        "Operating Expense": 179100000.0,
        "Research And Development": 16700000.0,
        "Selling General And Administration": 162400000.0,
        "Gross Profit": 303200000.0,
        "Cost Of Revenue": 437400000.0,
        "Total Revenue": 740600000.0,
        "Operating Revenue": 740600000.0
    },
    "2022-12-31": {
        "Tax Effect Of Unusual Items": 0.0,
        "Tax Rate For Calcs": 0.13,
        "Normalized EBITDA": 219100000.0,
        "Total Unusual Items": 0.0,
        "Total Unusual Items Excluding Goodwill": 0.0,
        "Net Income From Continuing Operation Net Minority Interest": 158700000.0,
        "Reconciled Depreciation": 28300000.0,
        "Reconciled Cost Of Revenue": 450000000.0,
        "EBITDA": 219100000.0,
        "EBIT": 190800000.0,
        "Net Interest Income": -8400000.0,
        "Interest Expense": 8400000.0,
        "Normalized Income": 158700000.0,
        "Net Income From Continuing And Discontinued Operation": 158700000.0,
        "Total Expenses": 616500000.0,
        "Total Operating Income As Reported": 125100000.0,
        "Diluted Average Shares": 168600000.0,
        "Basic Average Shares": 166000000.0,
        "Diluted EPS": 0.94,
        "Basic EPS": 0.95,
        "Diluted NI Availto Com Stockholders": 158700000.0,
        "Net Income Common Stockholders": 158700000.0,
        "Net Income": 158700000.0,
        "Net Income Including Noncontrolling Interests": 158700000.0,
        "Net Income Continuous Operations": 158700000.0,
        "Tax Provision": 23700000.0,
        "Pretax Income": 182400000.0,
        "Other Income Expense": 65700000.0,
        "Other Non Operating Income Expenses": 65700000.0,
        "Special Income Charges": 0.0,
        "Gain On Sale Of Security": NaN,
        "Net Non Operating Interest Income Expense": -8400000.0,
        "Interest Expense Non Operating": 8400000.0,
        "Operating Income": 125100000.0,
        "Operating Expense": 166500000.0,
        "Research And Development": 15800000.0,
        "Selling General And Administration": 150700000.0,
        "Gross Profit": 291600000.0,
        "Cost Of Revenue": 450000000.0,
        "Total Revenue": 741600000.0,
        "Operating Revenue": 741600000.0
    },
    "2022-09-30": {
        "Tax Effect Of Unusual Items": 0.0,
        "Tax Rate For Calcs": 0.165,
        "Normalized EBITDA": 120000000.0,
        "Total Unusual Items": NaN,
        "Total Unusual Items Excluding Goodwill": NaN,
        "Net Income From Continuing Operation Net Minority Interest": 93400000.0,
        "Reconciled Depreciation": 28800000.0,
        "Reconciled Cost Of Revenue": 455200000.0,
        "EBITDA": 120000000.0,
        "EBIT": 120000000.0,
        "Net Interest Income": -8100000.0,
        "Interest Expense": 8100000.0,
        "Normalized Income": 93400000.0,
        "Net Income From Continuing And Discontinued Operation": 93400000.0,
        "Total Expenses": 624700000.0,
        "Total Operating Income As Reported": 120500000.0,
        "Diluted Average Shares": 168300000.0,
        "Basic Average Shares": 166500000.0,
        "Diluted EPS": 0.55,
        "Basic EPS": 0.56,
        "Diluted NI Availto Com Stockholders": 93400000.0,
        "Net Income Common Stockholders": 93400000.0,
        "Net Income": 93400000.0,
        "Net Income Including Noncontrolling Interests": 93400000.0,
        "Net Income Continuous Operations": 93400000.0,
        "Tax Provision": 18500000.0,
        "Pretax Income": 111900000.0,
        "Other Income Expense": -500000.0,
        "Other Non Operating Income Expenses": -500000.0,
        "Special Income Charges": NaN,
        "Gain On Sale Of Security": NaN,
        "Net Non Operating Interest Income Expense": -8100000.0,
        "Interest Expense Non Operating": 8100000.0,
        "Operating Income": 120500000.0,
        "Operating Expense": 169500000.0,
        "Research And Development": 14700000.0,
        "Selling General And Administration": 154800000.0,
        "Gross Profit": 290000000.0,
        "Cost Of Revenue": 455200000.0,
        "Total Revenue": 745200000.0,
        "Operating Revenue": 745200000.0
    },
    "2022-06-30": {
        "Tax Effect Of Unusual Items": 0.0,
        "Tax Rate For Calcs": 0.168,
        "Normalized EBITDA": 132100000.0,
        "Total Unusual Items": NaN,
        "Total Unusual Items Excluding Goodwill": NaN,
        "Net Income From Continuing Operation Net Minority Interest": 79900000.0,
        "Reconciled Depreciation": 28600000.0,
        "Reconciled Cost Of Revenue": 459700000.0,
        "EBITDA": 132100000.0,
        "EBIT": 103500000.0,
        "Net Interest Income": -7500000.0,
        "Interest Expense": 7500000.0,
        "Normalized Income": 79900000.0,
        "Net Income From Continuing And Discontinued Operation": 79900000.0,
        "Total Expenses": 622800000.0,
        "Total Operating Income As Reported": 104700000.0,
        "Diluted Average Shares": 168200000.0,
        "Basic Average Shares": 166400000.0,
        "Diluted EPS": 0.48,
        "Basic EPS": 0.48,
        "Diluted NI Availto Com Stockholders": 79900000.0,
        "Net Income Common Stockholders": 79900000.0,
        "Net Income": 79900000.0,
        "Net Income Including Noncontrolling Interests": 79900000.0,
        "Net Income Continuous Operations": 79900000.0,
        "Tax Provision": 16100000.0,
        "Pretax Income": 96000000.0,
        "Other Income Expense": -1200000.0,
        "Other Non Operating Income Expenses": -1200000.0,
        "Special Income Charges": NaN,
        "Gain On Sale Of Security": NaN,
        "Net Non Operating Interest Income Expense": -7500000.0,
        "Interest Expense Non Operating": 7500000.0,
        "Operating Income": 104700000.0,
        "Operating Expense": 163100000.0,
        "Research And Development": 14600000.0,
        "Selling General And Administration": 148500000.0,
        "Gross Profit": 267800000.0,
        "Cost Of Revenue": 459700000.0,
        "Total Revenue": 727500000.0,
        "Operating Revenue": 727500000.0
    },
    "2022-03-31": {
        "Diluted EPS": 0.4,
        "Total Revenue": 695,
        "Gross Profit": 247,
        "Operating Income": 90,
        "EBIT": 119,
        "Net Income": 68
    },
    "2021-12-31": {
        "Diluted EPS": 0.39,
        "Total Revenue": 669,
        "Gross Profit": 247,
        "Operating Income": 89,
        "EBIT": 118,
        "Net Income": 67
    },
    "2021-09-30": {
        "Diluted EPS": 0.44,
        "Total Revenue": 643,
        "Gross Profit": 251,
        "Operating Income": 98,
        "EBIT": 126,
        "Net Income": 74
    },
    "2021-06-30": {
        "Diluted EPS": 0.39,
        "Total Revenue": 601,
        "Gross Profit": 235,
        "Operating Income": 88,
        "EBIT": 115,
        "Net Income": 66
    },
    "2021-03-31": {
        "Diluted EPS": 0.39,
        "Total Revenue": 549,
        "Gross Profit": 209,
        "Operating Income": 80,
        "EBIT": 106,
        "Net Income": 65
    },
    "2020-12-31": {
        "Diluted EPS": 0.28,
        "Total Revenue": 521,
        "Gross Profit": 197,
        "Operating Income": 74,
        "EBIT": 100,
        "Net Income": 47
    },
    "2020-09-30": {
        "Diluted EPS": -0.82,
        "Total Revenue": 509,
        "Gross Profit": 197,
        "Operating Income": -142,
        "EBIT": -116,
        "Net Income": -139
    },
    "2020-06-30": {
        "Diluted EPS": 0.15,
        "Total Revenue": 447,
        "Gross Profit": 160,
        "Operating Income": 45,
        "EBIT": 71,
        "Net Income": 26
    },
    "2020-03-31": {
        "Diluted EPS": 0.11,
        "Total Revenue": 521,
        "Gross Profit": 195,
        "Operating Income": 60,
        "EBIT": 86,
        "Net Income": 19
    },
    "2019-12-31": {
        "Diluted EPS": 0.27,
        "Total Revenue": 567,
        "Gross Profit": 220,
        "Operating Income": 83,
        "EBIT": 108,
        "Net Income": 46
    },
    "2019-09-30": {
        "Diluted EPS": 0.35,
        "Total Revenue": 560,
        "Gross Profit": 224,
        "Operating Income": 86,
        "EBIT": 110,
        "Net Income": 60
    },
    "2019-06-30": {
        "Diluted EPS": 0.35,
        "Total Revenue": 540,
        "Gross Profit": 212,
        "Operating Income": 87,
        "EBIT": 111,
        "Net Income": 61
    },
    "2019-03-31": {
        "Diluted EPS": 0.32,
        "Total Revenue": 538,
        "Gross Profit": 210,
        "Operating Income": 78,
        "EBIT": 101,
        "Net Income": 56
    },
    "2018-12-31": {
        "Diluted EPS": 0.37,
        "Total Revenue": 568,
        "Gross Profit": 219,
        "Operating Income": 86,
        "EBIT": 110,
        "Net Income": 67
    },
    "2018-09-30": {
        "Diluted EPS": 0.38,
        "Total Revenue": 564,
        "Gross Profit": 229,
        "Operating Income": 94,
        "EBIT": 118,
        "Net Income": 68
    },
    "2018-06-30": {
        "Diluted EPS": 0.24,
        "Total Revenue": 543,
        "Gross Profit": 219,
        "Operating Income": 65,
        "EBIT": 90,
        "Net Income": 43
    },
    "2018-03-31": {
        "Diluted EPS": 0.29,
        "Total Revenue": 539,
        "Gross Profit": 209,
        "Operating Income": 66,
        "EBIT": 90,
        "Net Income": 52
    },
    "2017-12-31": {
        "Diluted EPS": 0.86,
        "Total Revenue": 542,
        "Gross Profit": 213,
        "Operating Income": 59,
        "EBIT": 84,
        "Net Income": 156
    },
    "2017-09-30": {
        "Diluted EPS": 0.44,
        "Total Revenue": 541,
        "Gross Profit": 220,
        "Operating Income": 100,
        "EBIT": 124,
        "Net Income": 80
    },
    "2017-06-30": {
        "Diluted EPS": 0.39,
        "Total Revenue": 513,
        "Gross Profit": 210,
        "Operating Income": 90,
        "EBIT": 114,
        "Net Income": 71
    },
    "2017-03-31": {
        "Diluted EPS": 0.31,
        "Total Revenue": 502,
        "Gross Profit": 199,
        "Operating Income": 68,
        "EBIT": 92,
        "Net Income": 55
    },
    "2016-12-31": {
        "Diluted EPS": 0.0,
        "Total Revenue": NaN,
        "Gross Profit": NaN,
        "Operating Income": NaN,
        "EBIT": NaN,
        "Net Income": NaN
    }
}