{
    "2023-06-30": {
        "Tax Effect Of Unusual Items": 0.0,
        "Tax Rate For Calcs": 0.101,
        "Normalized EBITDA": 102062000.0,
        "Net Income From Continuing Operation Net Minority Interest": 19124000.0,
        "Reconciled Depreciation": 52380000.0,
        "Reconciled Cost Of Revenue": 122418000.0,
        "EBITDA": 102062000.0,
        "EBIT": 49682000.0,
        "Net Interest Income": -28411000.0,
        "Interest Expense": 28411000.0,
        "Normalized Income": 19124000.0,
        "Net Income From Continuing And Discontinued Operation": 19124000.0,
        "Total Expenses": 244882000.0,
        "Total Operating Income As Reported": 45620000.0,
        "Diluted Average Shares": 59849674.0,
        "Basic Average Shares": 59804283.0,
        "Diluted EPS": 0.32,
        "Basic EPS": 0.32,
        "Diluted NI Availto Com Stockholders": 19124000.0,
        "Net Income Common Stockholders": 19124000.0,
        "Net Income": 19124000.0,
        "Net Income Including Noncontrolling Interests": 19124000.0,
        "Net Income Continuous Operations": 19124000.0,
        "Tax Provision": 2147000.0,
        "Pretax Income": 21271000.0,
        "Other Income Expense": 4062000.0,
        "Other Non Operating Income Expenses": 4062000.0,
        "Net Non Operating Interest Income Expense": -28411000.0,
        "Interest Expense Non Operating": 28411000.0,
        "Operating Income": 45620000.0,
        "Operating Expense": 122464000.0,
        "Other Taxes": 40129000.0,
        "Depreciation Amortization Depletion Income Statement": 52380000.0,
        "Depreciation And Amortization In Income Statement": NaN,
        "Depreciation Income Statement": NaN,
        "Selling General And Administration": 29955000.0,
        "Gross Profit": 168084000.0,
        "Cost Of Revenue": 122418000.0,
        "Total Revenue": 290502000.0,
        "Operating Revenue": 290502000.0
    },
    "2023-03-31": {
        "Tax Effect Of Unusual Items": 0.0,
        "Tax Rate For Calcs": 0.141,
        "Normalized EBITDA": 154027000.0,
        "Net Income From Continuing Operation Net Minority Interest": 62530000.0,
        "Reconciled Depreciation": 53248000.0,
        "Reconciled Cost Of Revenue": 221353000.0,
        "EBITDA": 154027000.0,
        "EBIT": 100779000.0,
        "Net Interest Income": -28008000.0,
        "Interest Expense": 28008000.0,
        "Normalized Income": 62530000.0,
        "Net Income From Continuing And Discontinued Operation": 62530000.0,
        "Total Expenses": 358500000.0,
        "Total Operating Income As Reported": 96042000.0,
        "Diluted Average Shares": 59776000.0,
        "Basic Average Shares": 59776000.0,
        "Diluted EPS": 1.05,
        "Basic EPS": 1.05,
        "Diluted NI Availto Com Stockholders": 62530000.0,
        "Net Income Common Stockholders": 62530000.0,
        "Net Income": 62530000.0,
        "Net Income Including Noncontrolling Interests": 62530000.0,
        "Net Income Continuous Operations": 62530000.0,
        "Tax Provision": 10241000.0,
        "Pretax Income": 72771000.0,
        "Other Income Expense": 4737000.0,
        "Other Non Operating Income Expenses": 4737000.0,
        "Net Non Operating Interest Income Expense": -28008000.0,
        "Interest Expense Non Operating": 28008000.0,
        "Operating Income": 96042000.0,
        "Operating Expense": 137147000.0,
        "Other Taxes": 49151000.0,
        "Depreciation Amortization Depletion Income Statement": 53248000.0,
        "Depreciation And Amortization In Income Statement": NaN,
        "Depreciation Income Statement": NaN,
        "Selling General And Administration": 34748000.0,
        "Gross Profit": 233189000.0,
        "Cost Of Revenue": 221353000.0,
        "Total Revenue": 454542000.0,
        "Operating Revenue": 454542000.0
    },
    "2022-12-31": {
        "Tax Effect Of Unusual Items": 0.0,
        "Tax Rate For Calcs": 0.21,
        "Normalized EBITDA": 140186000.0,
        "Net Income From Continuing Operation Net Minority Interest": 66744000.0,
        "Reconciled Depreciation": 49315000.0,
        "Reconciled Cost Of Revenue": 213659000.0,
        "EBITDA": 140186000.0,
        "EBIT": 90871000.0,
        "Net Interest Income": -27029000.0,
        "Interest Expense": 27029000.0,
        "Normalized Income": 66744000.0,
        "Net Income From Continuing And Discontinued Operation": 66744000.0,
        "Total Expenses": 342055000.0,
        "Total Operating Income As Reported": 83228000.0,
        "Diluted Average Shares": 58373624.0,
        "Basic Average Shares": 58373624.0,
        "Diluted EPS": 1.16,
        "Basic EPS": 1.16,
        "Diluted NI Availto Com Stockholders": 66744000.0,
        "Net Income Common Stockholders": 66744000.0,
        "Net Income": 66744000.0,
        "Net Income Including Noncontrolling Interests": 66744000.0,
        "Net Income Continuous Operations": 66744000.0,
        "Tax Provision": -2902000.0,
        "Pretax Income": 63842000.0,
        "Other Income Expense": 7643000.0,
        "Other Non Operating Income Expenses": 7643000.0,
        "Net Non Operating Interest Income Expense": -27029000.0,
        "Interest Expense Non Operating": 27029000.0,
        "Operating Income": 83228000.0,
        "Operating Expense": 128396000.0,
        "Other Taxes": 52315000.0,
        "Depreciation Amortization Depletion Income Statement": 49315000.0,
        "Depreciation And Amortization In Income Statement": NaN,
        "Depreciation Income Statement": NaN,
        "Selling General And Administration": 26766000.0,
        "Gross Profit": 211624000.0,
        "Cost Of Revenue": 213659000.0,
        "Total Revenue": 425283000.0,
        "Operating Revenue": 425283000.0
    },
    "2022-09-30": {
        "Tax Effect Of Unusual Items": 0.0,
        "Tax Rate For Calcs": 0.4,
        "Normalized EBITDA": 101039000.0,
        "Net Income From Continuing Operation Net Minority Interest": 27368000.0,
        "Reconciled Depreciation": 48588000.0,
        "Reconciled Cost Of Revenue": 108920000.0,
        "EBITDA": 101039000.0,
        "EBIT": 52451000.0,
        "Net Interest Income": -25332000.0,
        "Interest Expense": 25332000.0,
        "Normalized Income": 27368000.0,
        "Net Income From Continuing And Discontinued Operation": 27368000.0,
        "Total Expenses": 286774000.0,
        "Total Operating Income As Reported": 48294000.0,
        "Diluted Average Shares": 56637404.0,
        "Basic Average Shares": 56310526.0,
        "Diluted EPS": 0.47,
        "Basic EPS": 0.48,
        "Diluted NI Availto Com Stockholders": 27368000.0,
        "Net Income Common Stockholders": 27368000.0,
        "Net Income": 27368000.0,
        "Net Income Including Noncontrolling Interests": 27368000.0,
        "Net Income Continuous Operations": 27368000.0,
        "Tax Provision": -249000.0,
        "Pretax Income": 27119000.0,
        "Other Income Expense": 4157000.0,
        "Other Non Operating Income Expenses": 4157000.0,
        "Net Non Operating Interest Income Expense": -25332000.0,
        "Interest Expense Non Operating": 25332000.0,
        "Operating Income": 48294000.0,
        "Operating Expense": 177854000.0,
        "Other Taxes": 46466000.0,
        "Depreciation Amortization Depletion Income Statement": 48588000.0,
        "Depreciation And Amortization In Income Statement": NaN,
        "Depreciation Income Statement": NaN,
        "Selling General And Administration": 28146000.0,
        "Gross Profit": 226148000.0,
        "Cost Of Revenue": 108920000.0,
        "Total Revenue": 335068000.0,
        "Operating Revenue": 335068000.0
    },
    "2022-06-30": {
        "Tax Effect Of Unusual Items": 0.0,
        "Tax Rate For Calcs": 0.046,
        "Normalized EBITDA": 103466000.0,
        "Net Income From Continuing Operation Net Minority Interest": 29786000.0,
        "Reconciled Depreciation": 48212000.0,
        "Reconciled Cost Of Revenue": 95001000.0,
        "EBITDA": 103466000.0,
        "EBIT": 55254000.0,
        "Net Interest Income": -24033000.0,
        "Interest Expense": 24033000.0,
        "Normalized Income": 29786000.0,
        "Net Income From Continuing And Discontinued Operation": 29786000.0,
        "Total Expenses": 270663000.0,
        "Total Operating Income As Reported": 52341000.0,
        "Diluted Average Shares": 55140888.0,
        "Basic Average Shares": 54271862.0,
        "Diluted EPS": 0.54,
        "Basic EPS": 0.55,
        "Diluted NI Availto Com Stockholders": 29786000.0,
        "Net Income Common Stockholders": 29786000.0,
        "Net Income": 29786000.0,
        "Net Income Including Noncontrolling Interests": 29786000.0,
        "Net Income Continuous Operations": 29786000.0,
        "Tax Provision": 1435000.0,
        "Pretax Income": 31221000.0,
        "Other Income Expense": 2913000.0,
        "Other Non Operating Income Expenses": 2913000.0,
        "Net Non Operating Interest Income Expense": -24033000.0,
        "Interest Expense Non Operating": 24033000.0,
        "Operating Income": 52341000.0,
        "Operating Expense": 175662000.0,
        "Other Taxes": 46893000.0,
        "Depreciation Amortization Depletion Income Statement": 48212000.0,
        "Selling General And Administration": 27220000.0,
        "Gross Profit": 228003000.0,
        "Cost Of Revenue": 95001000.0,
        "Total Revenue": 323004000.0,
        "Operating Revenue": 323004000.0
    },
    "2022-03-31": {
        "Diluted EPS": 1.08,
        "Total Revenue": 394,
        "Gross Profit": 259,
        "Operating Income": 79,
        "EBIT": 129,
        "Net Income": 59
    },
    "2021-12-31": {
        "Diluted EPS": 0.96,
        "Total Revenue": 347,
        "Gross Profit": 233,
        "Operating Income": 80,
        "EBIT": 128,
        "Net Income": 51
    },
    "2021-09-30": {
        "Diluted EPS": 0.68,
        "Total Revenue": 326,
        "Gross Profit": 227,
        "Operating Income": 56,
        "EBIT": 104,
        "Net Income": 35
    },
    "2021-06-30": {
        "Diluted EPS": 0.72,
        "Total Revenue": 298,
        "Gross Profit": 230,
        "Operating Income": 59,
        "EBIT": 107,
        "Net Income": 37
    },
    "2021-03-31": {
        "Diluted EPS": 1.24,
        "Total Revenue": 401,
        "Gross Profit": 256,
        "Operating Income": 81,
        "EBIT": 129,
        "Net Income": 63
    },
    "2020-12-31": {
        "Diluted EPS": 1.05,
        "Total Revenue": 313,
        "Gross Profit": 228,
        "Operating Income": 66,
        "EBIT": 113,
        "Net Income": 54
    },
    "2020-09-30": {
        "Diluted EPS": 0.58,
        "Total Revenue": 281,
        "Gross Profit": 213,
        "Operating Income": 50,
        "EBIT": 95,
        "Net Income": 29
    },
    "2020-06-30": {
        "Diluted EPS": 0.43,
        "Total Revenue": 269,
        "Gross Profit": 208,
        "Operating Income": 45,
        "EBIT": 91,
        "Net Income": 21
    },
    "2020-03-31": {
        "Diluted EPS": 1.0,
        "Total Revenue": 335,
        "Gross Profit": 244,
        "Operating Income": 75,
        "EBIT": 122,
        "Net Income": 51
    },
    "2019-12-31": {
        "Diluted EPS": 1.18,
        "Total Revenue": 328,
        "Gross Profit": 246,
        "Operating Income": 85,
        "EBIT": 129,
        "Net Income": 60
    },
    "2019-09-30": {
        "Diluted EPS": 0.42,
        "Total Revenue": 275,
        "Gross Profit": 211,
        "Operating Income": 46,
        "EBIT": 91,
        "Net Income": 22
    },
    "2019-06-30": {
        "Diluted EPS": 0.94,
        "Total Revenue": 271,
        "Gross Profit": 215,
        "Operating Income": 49,
        "EBIT": 91,
        "Net Income": 48
    },
    "2019-03-31": {
        "Diluted EPS": 1.44,
        "Total Revenue": 384,
        "Gross Profit": 268,
        "Operating Income": 97,
        "EBIT": 144,
        "Net Income": 73
    },
    "2018-12-31": {
        "Diluted EPS": 1.31,
        "Total Revenue": 309,
        "Gross Profit": 236,
        "Operating Income": 65,
        "EBIT": 109,
        "Net Income": 66
    },
    "2018-09-30": {
        "Diluted EPS": 0.56,
        "Total Revenue": 280,
        "Gross Profit": 208,
        "Operating Income": 48,
        "EBIT": 93,
        "Net Income": 28
    },
    "2018-06-30": {
        "Diluted EPS": 0.87,
        "Total Revenue": 262,
        "Gross Profit": 230,
        "Operating Income": 69,
        "EBIT": 114,
        "Net Income": 44
    },
    "2018-03-31": {
        "Diluted EPS": 1.18,
        "Total Revenue": 342,
        "Gross Profit": 245,
        "Operating Income": 85,
        "EBIT": 129,
        "Net Income": 58
    },
    "2017-12-31": {
        "Diluted EPS": 0.98,
        "Total Revenue": 345,
        "Gross Profit": 236,
        "Operating Income": 74,
        "EBIT": 116,
        "Net Income": 48
    },
    "2017-09-30": {
        "Diluted EPS": 0.75,
        "Total Revenue": 310,
        "Gross Profit": 212,
        "Operating Income": 64,
        "EBIT": 107,
        "Net Income": 36
    },
    "2017-06-30": {
        "Diluted EPS": 0.44,
        "Total Revenue": 284,
        "Gross Profit": 200,
        "Operating Income": 46,
        "EBIT": 89,
        "Net Income": 22
    },
    "2017-03-31": {
        "Diluted EPS": 1.17,
        "Total Revenue": 367,
        "Gross Profit": 247,
        "Operating Income": 88,
        "EBIT": 130,
        "Net Income": 57
    },
    "2016-12-31": {
        "Diluted EPS": 0.92,
        "Total Revenue": 331,
        "Gross Profit": 223,
        "Operating Income": 73,
        "EBIT": 114,
        "Net Income": 44
    },
    "2016-09-30": {
        "Diluted EPS": 0.92,
        "Total Revenue": 301,
        "Gross Profit": 205,
        "Operating Income": 56,
        "EBIT": 95,
        "Net Income": 45
    },
    "2016-06-30": {
        "Diluted EPS": 0.73,
        "Total Revenue": 293,
        "Gross Profit": 211,
        "Operating Income": 64,
        "EBIT": 105,
        "Net Income": 36
    },
    "2016-03-31": {
        "Diluted EPS": 0.82,
        "Total Revenue": 333,
        "Gross Profit": 217,
        "Operating Income": 62,
        "EBIT": 103,
        "Net Income": 40
    },
    "2015-12-31": {
        "Diluted EPS": 0.92,
        "Total Revenue": 325,
        "Gross Profit": 218,
        "Operating Income": 72,
        "EBIT": 111,
        "Net Income": 45
    },
    "2015-09-30": {
        "Diluted EPS": 0.51,
        "Total Revenue": 273,
        "Gross Profit": 199,
        "Operating Income": 48,
        "EBIT": 85,
        "Net Income": 24
    },
    "2015-06-30": {
        "Diluted EPS": 0.65,
        "Total Revenue": 271,
        "Gross Profit": 191,
        "Operating Income": 61,
        "EBIT": 97,
        "Net Income": 31
    },
    "2015-03-31": {
        "Diluted EPS": 1.09,
        "Total Revenue": 346,
        "Gross Profit": 234,
        "Operating Income": 84,
        "EBIT": 120,
        "Net Income": 51
    },
    "2014-12-31": {
        "Diluted EPS": 0.85,
        "Total Revenue": 313,
        "Gross Profit": 205,
        "Operating Income": 51,
        "EBIT": 83,
        "Net Income": 37
    },
    "2014-09-30": {
        "Diluted EPS": 0.77,
        "Total Revenue": 252,
        "Gross Profit": 157,
        "Operating Income": 31,
        "EBIT": 63,
        "Net Income": 30
    },
    "2014-06-30": {
        "Diluted EPS": 0.2,
        "Total Revenue": 270,
        "Gross Profit": 158,
        "Operating Income": 25,
        "EBIT": 57,
        "Net Income": 8
    },
    "2014-03-31": {
        "Diluted EPS": 1.17,
        "Total Revenue": 370,
        "Gross Profit": 202,
        "Operating Income": 71,
        "EBIT": 103,
        "Net Income": 46
    },
    "2013-12-31": {
        "Diluted EPS": 0.68,
        "Total Revenue": 319,
        "Gross Profit": 183,
        "Operating Income": 50,
        "EBIT": 78,
        "Net Income": 26
    },
    "2013-09-30": {
        "Diluted EPS": 0.4,
        "Total Revenue": 262,
        "Gross Profit": 158,
        "Operating Income": 31,
        "EBIT": 60,
        "Net Income": 16
    },
    "2013-06-30": {
        "Diluted EPS": 0.37,
        "Total Revenue": 260,
        "Gross Profit": 153,
        "Operating Income": 33,
        "EBIT": 61,
        "Net Income": 14
    },
    "2013-03-31": {
        "Diluted EPS": 1.01,
        "Total Revenue": 313,
        "Gross Profit": 181,
        "Operating Income": 57,
        "EBIT": 87,
        "Net Income": 38
    },
    "2012-12-31": {
        "Diluted EPS": 1.57,
        "Total Revenue": 281,
        "Gross Profit": 213,
        "Operating Income": 89,
        "EBIT": 116,
        "Net Income": 59
    },
    "2012-09-30": {
        "Diluted EPS": -0.1,
        "Total Revenue": 236,
        "Gross Profit": 143,
        "Operating Income": 4,
        "EBIT": 32,
        "Net Income": -4
    },
    "2012-06-30": {
        "Diluted EPS": 0.31,
        "Total Revenue": 245,
        "Gross Profit": 148,
        "Operating Income": 29,
        "EBIT": 56,
        "Net Income": 11
    },
    "2012-03-31": {
        "Diluted EPS": 0.88,
        "Total Revenue": 309,
        "Gross Profit": 171,
        "Operating Income": 55,
        "EBIT": 83,
        "Net Income": 32
    },
    "2011-12-31": {
        "Diluted EPS": 0.93,
        "Total Revenue": 283,
        "Gross Profit": 159,
        "Operating Income": 49,
        "EBIT": 75,
        "Net Income": 34
    },
    "2011-09-30": {
        "Diluted EPS": 0.41,
        "Total Revenue": 244,
        "Gross Profit": 146,
        "Operating Income": 32,
        "EBIT": 58,
        "Net Income": 15
    },
    "2011-06-30": {
        "Diluted EPS": 0.3,
        "Total Revenue": 252,
        "Gross Profit": 141,
        "Operating Income": 26,
        "EBIT": 52,
        "Net Income": 11
    },
    "2011-03-31": {
        "Diluted EPS": 0.89,
        "Total Revenue": 338,
        "Gross Profit": 176,
        "Operating Income": 58,
        "EBIT": 84,
        "Net Income": 33
    },
    "2010-12-31": {
        "Diluted EPS": 0.63,
        "Total Revenue": 292,
        "Gross Profit": 151,
        "Operating Income": 45,
        "EBIT": 69,
        "Net Income": 23
    },
    "2010-09-30": {
        "Diluted EPS": 0.4,
        "Total Revenue": 241,
        "Gross Profit": 135,
        "Operating Income": 33,
        "EBIT": 57,
        "Net Income": 14
    },
    "2010-06-30": {
        "Diluted EPS": 0.32,
        "Total Revenue": 244,
        "Gross Profit": 132,
        "Operating Income": 27,
        "EBIT": 51,
        "Net Income": 12
    },
    "2010-03-31": {
        "Diluted EPS": 0.79,
        "Total Revenue": 334,
        "Gross Profit": 161,
        "Operating Income": 57,
        "EBIT": 81,
        "Net Income": 29
    },
    "2009-12-31": {
        "Diluted EPS": 0.7,
        "Total Revenue": 302,
        "Gross Profit": 149,
        "Operating Income": 49,
        "EBIT": 72,
        "Net Income": 26
    },
    "2009-09-30": {
        "Diluted EPS": 0.52,
        "Total Revenue": 233,
        "Gross Profit": 128,
        "Operating Income": 27,
        "EBIT": 50,
        "Net Income": 19
    },
    "2009-06-30": {
        "Diluted EPS": 0.17,
        "Total Revenue": 236,
        "Gross Profit": 129,
        "Operating Income": 27,
        "EBIT": 51,
        "Net Income": 6
    },
    "2009-03-31": {
        "Diluted EPS": 0.63,
        "Total Revenue": 371,
        "Gross Profit": 163,
        "Operating Income": 50,
        "EBIT": 74,
        "Net Income": 23
    },
    "2023-09-30": {
        "Tax Effect Of Unusual Items": 0.0,
        "Tax Rate For Calcs": 0.055,
        "Normalized EBITDA": 111916000.0,
        "Net Income From Continuing Operation Net Minority Interest": 29335000.0,
        "Reconciled Depreciation": 52159000.0,
        "Reconciled Cost Of Revenue": 142183000.0,
        "EBITDA": 111916000.0,
        "EBIT": 59757000.0,
        "Net Interest Income": -28725000.0,
        "Interest Expense": 28725000.0,
        "Normalized Income": 29335000.0,
        "Net Income From Continuing And Discontinued Operation": 29335000.0,
        "Total Expenses": 265460000.0,
        "Total Operating Income As Reported": 55630000.0,
        "Diluted Average Shares": 60477697.0,
        "Basic Average Shares": 60442164.0,
        "Diluted EPS": 0.48,
        "Basic EPS": 0.48,
        "Diluted NI Availto Com Stockholders": 29335000.0,
        "Net Income Common Stockholders": 29335000.0,
        "Net Income": 29335000.0,
        "Net Income Including Noncontrolling Interests": 29335000.0,
        "Net Income Continuous Operations": 29335000.0,
        "Tax Provision": 1697000.0,
        "Pretax Income": 31032000.0,
        "Other Income Expense": 4127000.0,
        "Other Non Operating Income Expenses": 4127000.0,
        "Net Non Operating Interest Income Expense": -28725000.0,
        "Interest Expense Non Operating": 28725000.0,
        "Operating Income": 55630000.0,
        "Operating Expense": 123277000.0,
        "Other Taxes": 41763000.0,
        "Depreciation Amortization Depletion Income Statement": 52159000.0,
        "Depreciation And Amortization In Income Statement": 52159000.0,
        "Depreciation Income Statement": 52159000.0,
        "Selling General And Administration": 29355000.0,
        "Gross Profit": 178907000.0,
        "Cost Of Revenue": 142183000.0,
        "Total Revenue": 321090000.0,
        "Operating Revenue": 321090000.0
    }
}