{
    "2023-03-31": {
        "Tax Effect Of Unusual Items": 0.0,
        "Tax Rate For Calcs": 0.196,
        "Net Income From Continuing Operation Net Minority Interest": 12304000.0,
        "Reconciled Depreciation": 2545000.0,
        "Normalized Income": 12304000.0,
        "Net Income From Continuing And Discontinued Operation": 12304000.0,
        "Total Expenses": 137319000.0,
        "Diluted Average Shares": 3636000.0,
        "Basic Average Shares": 3636000.0,
        "Diluted EPS": 3.48,
        "Basic EPS": 3.48,
        "Diluted NI Availto Com Stockholders": 12304000.0,
        "Net Income Common Stockholders": 12304000.0,
        "Net Income": 12304000.0,
        "Net Income Including Noncontrolling Interests": 12304000.0,
        "Net Income Continuous Operations": 12304000.0,
        "Tax Provision": 2991000.0,
        "Pretax Income": 15295000.0,
        "Other Income Expense": 5705000.0,
        "Other Operating Expenses": 3471000.0,
        "Selling General And Administration": 17494000.0,
        "General And Administrative Expense": 17494000.0,
        "Other Gand A": 11285000.0,
        "Salaries And Wages": 6209000.0,
        "Total Revenue": 152614000.0,
        "Operating Revenue": 152614000.0
    },
    "2022-12-31": {
        "Tax Effect Of Unusual Items": 0.0,
        "Tax Rate For Calcs": 0.160999,
        "Net Income From Continuing Operation Net Minority Interest": 12434000.0,
        "Reconciled Depreciation": 3732000.0,
        "Normalized Income": 12434000.0,
        "Net Income From Continuing And Discontinued Operation": 12434000.0,
        "Total Expenses": 148248000.0,
        "Diluted Average Shares": NaN,
        "Basic Average Shares": NaN,
        "Diluted EPS": NaN,
        "Basic EPS": NaN,
        "Diluted NI Availto Com Stockholders": 12434000.0,
        "Net Income Common Stockholders": 12434000.0,
        "Net Income": 12434000.0,
        "Net Income Including Noncontrolling Interests": 12434000.0,
        "Net Income Continuous Operations": 12434000.0,
        "Tax Provision": 2386000.0,
        "Pretax Income": 14820000.0,
        "Other Income Expense": 8225000.0,
        "Other Operating Expenses": 4708000.0,
        "Selling General And Administration": 35644000.0,
        "General And Administrative Expense": 35644000.0,
        "Other Gand A": 14082000.0,
        "Salaries And Wages": 21562000.0,
        "Total Revenue": 163068000.0,
        "Operating Revenue": 163068000.0
    },
    "2022-09-30": {
        "Tax Effect Of Unusual Items": 0.0,
        "Tax Rate For Calcs": 0.22012,
        "Net Income From Continuing Operation Net Minority Interest": 21761000.0,
        "Reconciled Depreciation": 3702000.0,
        "Normalized Income": 21761000.0,
        "Net Income From Continuing And Discontinued Operation": 21761000.0,
        "Total Expenses": 115970000.0,
        "Diluted Average Shares": 3636000.0,
        "Basic Average Shares": 3636000.0,
        "Diluted EPS": 9.95,
        "Basic EPS": 9.95,
        "Diluted NI Availto Com Stockholders": 21761000.0,
        "Net Income Common Stockholders": 21761000.0,
        "Net Income": 21761000.0,
        "Net Income Including Noncontrolling Interests": 21761000.0,
        "Net Income Continuous Operations": 21761000.0,
        "Tax Provision": 6142000.0,
        "Pretax Income": 27903000.0,
        "Other Income Expense": 5922000.0,
        "Other Operating Expenses": 3770000.0,
        "Selling General And Administration": 22158000.0,
        "General And Administrative Expense": 22158000.0,
        "Other Gand A": 15810000.0,
        "Salaries And Wages": 6348000.0,
        "Total Revenue": 143873000.0,
        "Operating Revenue": 143873000.0
    },
    "2022-06-30": {
        "Tax Effect Of Unusual Items": 0.0,
        "Tax Rate For Calcs": 0.184039,
        "Net Income From Continuing Operation Net Minority Interest": 30765000.0,
        "Reconciled Depreciation": 3456000.0,
        "Normalized Income": 30765000.0,
        "Net Income From Continuing And Discontinued Operation": 30765000.0,
        "Total Expenses": 79453000.0,
        "Diluted Average Shares": 3636000.0,
        "Basic Average Shares": 3636000.0,
        "Diluted EPS": 27.3,
        "Basic EPS": 27.3,
        "Diluted NI Availto Com Stockholders": 30765000.0,
        "Net Income Common Stockholders": 30765000.0,
        "Net Income": 30765000.0,
        "Net Income Including Noncontrolling Interests": 30765000.0,
        "Net Income Continuous Operations": 30765000.0,
        "Tax Provision": 6939000.0,
        "Pretax Income": 37704000.0,
        "Other Income Expense": 5578000.0,
        "Other Operating Expenses": 5002000.0,
        "Selling General And Administration": 21243000.0,
        "General And Administrative Expense": 21243000.0,
        "Other Gand A": 11746000.0,
        "Salaries And Wages": 9497000.0,
        "Total Revenue": 117157000.0,
        "Operating Revenue": 117157000.0
    },
    "2022-03-31": {
        "Diluted EPS": 26.83,
        "Total Revenue": 138,
        "Gross Profit": 179,
        "Operating Income": 123,
        "EBIT": 126,
        "Net Income": 98
    },
    "2021-12-31": {
        "Diluted EPS": 7.92,
        "Total Revenue": 217,
        "Gross Profit": 95,
        "Operating Income": 36,
        "EBIT": 39,
        "Net Income": 29
    },
    "2021-09-30": {
        "Diluted EPS": 10.96,
        "Total Revenue": 155,
        "Gross Profit": 73,
        "Operating Income": 50,
        "EBIT": 54,
        "Net Income": 40
    },
    "2021-06-30": {
        "Diluted EPS": 13.72,
        "Total Revenue": 222,
        "Gross Profit": 116,
        "Operating Income": 63,
        "EBIT": 67,
        "Net Income": 50
    },
    "2021-03-31": {
        "Diluted EPS": 17.09,
        "Total Revenue": 230,
        "Gross Profit": 140,
        "Operating Income": 78,
        "EBIT": 82,
        "Net Income": 62
    },
    "2020-12-31": {
        "Diluted EPS": 9.67,
        "Total Revenue": 224,
        "Gross Profit": 100,
        "Operating Income": 41,
        "EBIT": 46,
        "Net Income": 35
    },
    "2020-09-30": {
        "Diluted EPS": 2.98,
        "Total Revenue": 203,
        "Gross Profit": 90,
        "Operating Income": 13,
        "EBIT": 17,
        "Net Income": 11
    },
    "2020-06-30": {
        "Diluted EPS": 13.31,
        "Total Revenue": 216,
        "Gross Profit": 121,
        "Operating Income": 61,
        "EBIT": 64,
        "Net Income": 48
    },
    "2020-03-31": {
        "Diluted EPS": -0.57,
        "Total Revenue": 52,
        "Gross Profit": 47,
        "Operating Income": -3,
        "EBIT": 1,
        "Net Income": -2
    },
    "2019-12-31": {
        "Diluted EPS": 10.37,
        "Total Revenue": 235,
        "Gross Profit": 105,
        "Operating Income": 47,
        "EBIT": 51,
        "Net Income": 38
    },
    "2019-09-30": {
        "Diluted EPS": 5.5,
        "Total Revenue": 173,
        "Gross Profit": 74,
        "Operating Income": 25,
        "EBIT": 28,
        "Net Income": 20
    },
    "2019-06-30": {
        "Diluted EPS": 9.27,
        "Total Revenue": 193,
        "Gross Profit": 99,
        "Operating Income": 42,
        "EBIT": 44,
        "Net Income": 34
    },
    "2019-03-31": {
        "Diluted EPS": 11.06,
        "Total Revenue": 218,
        "Gross Profit": 109,
        "Operating Income": 51,
        "EBIT": 56,
        "Net Income": 40
    },
    "2018-12-31": {
        "Diluted EPS": 5.99,
        "Total Revenue": 42,
        "Gross Profit": 69,
        "Operating Income": 23,
        "EBIT": 26,
        "Net Income": 22
    },
    "2018-09-30": {
        "Diluted EPS": 9.8,
        "Total Revenue": 225,
        "Gross Profit": 96,
        "Operating Income": 45,
        "EBIT": 48,
        "Net Income": 36
    },
    "2018-06-30": {
        "Diluted EPS": 8.93,
        "Total Revenue": 175,
        "Gross Profit": 96,
        "Operating Income": 40,
        "EBIT": 43,
        "Net Income": 32
    },
    "2018-03-31": {
        "Diluted EPS": 7.39,
        "Total Revenue": 109,
        "Gross Profit": 89,
        "Operating Income": 34,
        "EBIT": 37,
        "Net Income": 27
    },
    "2017-12-31": {
        "Diluted EPS": 10.89,
        "Total Revenue": 248,
        "Gross Profit": 98,
        "Operating Income": 36,
        "EBIT": 38,
        "Net Income": 40
    },
    "2017-09-30": {
        "Diluted EPS": 6.0,
        "Total Revenue": 204,
        "Gross Profit": 75,
        "Operating Income": 34,
        "EBIT": 36,
        "Net Income": 22
    },
    "2017-06-30": {
        "Diluted EPS": 7.01,
        "Total Revenue": 198,
        "Gross Profit": 98,
        "Operating Income": 39,
        "EBIT": 41,
        "Net Income": 25
    },
    "2017-03-31": {
        "Diluted EPS": 6.47,
        "Total Revenue": 224,
        "Gross Profit": 95,
        "Operating Income": 35,
        "EBIT": 38,
        "Net Income": 24
    },
    "2016-12-31": {
        "Diluted EPS": 6.48,
        "Total Revenue": 184,
        "Gross Profit": 99,
        "Operating Income": 38,
        "EBIT": 40,
        "Net Income": 24
    },
    "2016-09-30": {
        "Diluted EPS": 9.28,
        "Total Revenue": 182,
        "Gross Profit": 97,
        "Operating Income": 49,
        "EBIT": 51,
        "Net Income": 34
    },
    "2016-06-30": {
        "Diluted EPS": 7.23,
        "Total Revenue": 167,
        "Gross Profit": 89,
        "Operating Income": 40,
        "EBIT": 42,
        "Net Income": 26
    },
    "2016-03-31": {
        "Diluted EPS": 4.75,
        "Total Revenue": 149,
        "Gross Profit": 84,
        "Operating Income": 26,
        "EBIT": 28,
        "Net Income": 17
    },
    "2015-12-31": {
        "Diluted EPS": 8.8,
        "Total Revenue": 181,
        "Gross Profit": 101,
        "Operating Income": 47,
        "EBIT": 49,
        "Net Income": 32
    },
    "2015-09-30": {
        "Diluted EPS": 4.46,
        "Total Revenue": 106,
        "Gross Profit": 76,
        "Operating Income": 25,
        "EBIT": 26,
        "Net Income": 16
    },
    "2015-06-30": {
        "Diluted EPS": 7.94,
        "Total Revenue": 155,
        "Gross Profit": 90,
        "Operating Income": 43,
        "EBIT": 44,
        "Net Income": 29
    },
    "2015-03-31": {
        "Diluted EPS": 5.86,
        "Total Revenue": 148,
        "Gross Profit": 80,
        "Operating Income": 31,
        "EBIT": 32,
        "Net Income": 21
    },
    "2014-12-31": {
        "Diluted EPS": 7.74,
        "Total Revenue": 184,
        "Gross Profit": 97,
        "Operating Income": 41,
        "EBIT": 42,
        "Net Income": 28
    },
    "2014-09-30": {
        "Diluted EPS": 7.82,
        "Total Revenue": 160,
        "Gross Profit": 87,
        "Operating Income": 43,
        "EBIT": 44,
        "Net Income": 28
    },
    "2014-06-30": {
        "Diluted EPS": 8.02,
        "Total Revenue": 207,
        "Gross Profit": 90,
        "Operating Income": 43,
        "EBIT": 43,
        "Net Income": 29
    },
    "2014-03-31": {
        "Diluted EPS": 5.45,
        "Total Revenue": 158,
        "Gross Profit": 82,
        "Operating Income": 30,
        "EBIT": 31,
        "Net Income": 20
    },
    "2013-12-31": {
        "Diluted EPS": 7.66,
        "Total Revenue": 258,
        "Gross Profit": 91,
        "Operating Income": 40,
        "EBIT": 41,
        "Net Income": 28
    },
    "2013-09-30": {
        "Diluted EPS": 6.81,
        "Total Revenue": 188,
        "Gross Profit": 84,
        "Operating Income": 37,
        "EBIT": 37,
        "Net Income": 25
    },
    "2013-06-30": {
        "Diluted EPS": 7.41,
        "Total Revenue": 183,
        "Gross Profit": 93,
        "Operating Income": 39,
        "EBIT": 40,
        "Net Income": 27
    },
    "2013-03-31": {
        "Diluted EPS": 4.57,
        "Total Revenue": 231,
        "Gross Profit": 78,
        "Operating Income": 25,
        "EBIT": 26,
        "Net Income": 17
    },
    "2012-12-31": {
        "Diluted EPS": 6.94,
        "Total Revenue": 149,
        "Gross Profit": 92,
        "Operating Income": 38,
        "EBIT": 40,
        "Net Income": 25
    },
    "2012-09-30": {
        "Diluted EPS": 6.69,
        "Total Revenue": 191,
        "Gross Profit": 89,
        "Operating Income": 39,
        "EBIT": 40,
        "Net Income": 24
    },
    "2012-06-30": {
        "Diluted EPS": 6.4,
        "Total Revenue": 128,
        "Gross Profit": 88,
        "Operating Income": 34,
        "EBIT": 35,
        "Net Income": 23
    },
    "2012-03-31": {
        "Diluted EPS": 5.43,
        "Total Revenue": 197,
        "Gross Profit": 81,
        "Operating Income": 30,
        "EBIT": 30,
        "Net Income": 20
    },
    "2011-12-31": {
        "Diluted EPS": 1.21,
        "Total Revenue": 160,
        "Gross Profit": 62,
        "Operating Income": 6,
        "EBIT": 7,
        "Net Income": 4
    },
    "2011-09-30": {
        "Diluted EPS": 5.3,
        "Total Revenue": 92,
        "Gross Profit": 78,
        "Operating Income": 29,
        "EBIT": 32,
        "Net Income": 19
    },
    "2011-06-30": {
        "Diluted EPS": 3.79,
        "Total Revenue": 140,
        "Gross Profit": 77,
        "Operating Income": 19,
        "EBIT": 19,
        "Net Income": 14
    },
    "2011-03-31": {
        "Diluted EPS": 5.0,
        "Total Revenue": 180,
        "Gross Profit": 76,
        "Operating Income": 28,
        "EBIT": 27,
        "Net Income": 18
    },
    "2010-12-31": {
        "Diluted EPS": 5.56,
        "Total Revenue": 184,
        "Gross Profit": 72,
        "Operating Income": 27,
        "EBIT": 27,
        "Net Income": 20
    },
    "2010-09-30": {
        "Diluted EPS": 3.7,
        "Total Revenue": 151,
        "Gross Profit": 51,
        "Operating Income": 21,
        "EBIT": 21,
        "Net Income": 13
    },
    "2010-06-30": {
        "Diluted EPS": 5.72,
        "Total Revenue": 97,
        "Gross Profit": 65,
        "Operating Income": 30,
        "EBIT": 34,
        "Net Income": 21
    },
    "2010-03-31": {
        "Diluted EPS": 5.06,
        "Total Revenue": 144,
        "Gross Profit": 68,
        "Operating Income": 27,
        "EBIT": 24,
        "Net Income": 18
    },
    "2009-12-31": {
        "Diluted EPS": 3.5,
        "Total Revenue": 153,
        "Gross Profit": 78,
        "Operating Income": 22,
        "EBIT": 23,
        "Net Income": 13
    },
    "2009-09-30": {
        "Diluted EPS": -0.31,
        "Total Revenue": 163,
        "Gross Profit": 62,
        "Operating Income": -3,
        "EBIT": -5,
        "Net Income": -1
    },
    "2009-06-30": {
        "Diluted EPS": 5.19,
        "Total Revenue": 141,
        "Gross Profit": 73,
        "Operating Income": 28,
        "EBIT": 30,
        "Net Income": 19
    },
    "2009-03-31": {
        "Diluted EPS": 4.14,
        "Total Revenue": 112,
        "Gross Profit": 63,
        "Operating Income": 23,
        "EBIT": 19,
        "Net Income": 15
    },
    "2023-06-30": {
        "Tax Effect Of Unusual Items": 0.0,
        "Tax Rate For Calcs": 0.196628,
        "Net Income From Continuing Operation Net Minority Interest": 29634000.0,
        "Reconciled Depreciation": 2562000.0,
        "Normalized Income": 29634000.0,
        "Net Income From Continuing And Discontinued Operation": 29634000.0,
        "Total Expenses": 149290000.0,
        "Diluted Average Shares": 3636000.0,
        "Basic Average Shares": 3636000.0,
        "Diluted EPS": 8.38,
        "Basic EPS": 8.38,
        "Diluted NI Availto Com Stockholders": 29634000.0,
        "Net Income Common Stockholders": 29634000.0,
        "Net Income": 29634000.0,
        "Net Income Including Noncontrolling Interests": 29634000.0,
        "Net Income Continuous Operations": 29634000.0,
        "Tax Provision": 7253000.0,
        "Pretax Income": 36887000.0,
        "Other Income Expense": 5285000.0,
        "Other Operating Expenses": 3701000.0,
        "Selling General And Administration": 56120000.0,
        "General And Administrative Expense": 56120000.0,
        "Other Gand A": 13105000.0,
        "Salaries And Wages": 43015000.0,
        "Total Revenue": 186177000.0,
        "Operating Revenue": 186177000.0
    },
    "2023-09-30": {
        "Tax Effect Of Unusual Items": 0.0,
        "Tax Rate For Calcs": 0.345372,
        "Net Income From Continuing Operation Net Minority Interest": 64725000.0,
        "Reconciled Depreciation": 2342000.0,
        "Normalized Income": 64725000.0,
        "Net Income From Continuing And Discontinued Operation": 64725000.0,
        "Total Expenses": 57817000.0,
        "Diluted Average Shares": 3636000.0,
        "Basic Average Shares": 3636000.0,
        "Diluted EPS": 18.3,
        "Basic EPS": 18.3,
        "Diluted NI Availto Com Stockholders": 64725000.0,
        "Net Income Common Stockholders": 64725000.0,
        "Net Income": 64725000.0,
        "Net Income Including Noncontrolling Interests": 64725000.0,
        "Net Income Continuous Operations": 64725000.0,
        "Tax Provision": 34148000.0,
        "Pretax Income": 98873000.0,
        "Other Income Expense": 5741000.0,
        "Other Operating Expenses": 3907000.0,
        "Selling General And Administration": 35539000.0,
        "General And Administrative Expense": 35539000.0,
        "Other Gand A": 14608000.0,
        "Salaries And Wages": 20931000.0,
        "Total Revenue": 156690000.0,
        "Operating Revenue": 156690000.0
    },
    "2023-12-31": {
        "Tax Effect Of Unusual Items": 0.0,
        "Tax Rate For Calcs": 0.21,
        "Net Income From Continuing Operation Net Minority Interest": -12233000.0,
        "Reconciled Depreciation": 2448000.0,
        "Normalized Income": -12233000.0,
        "Net Income From Continuing And Discontinued Operation": -12233000.0,
        "Total Expenses": 229239000.0,
        "Diluted Average Shares": NaN,
        "Basic Average Shares": NaN,
        "Diluted EPS": NaN,
        "Basic EPS": NaN,
        "Diluted NI Availto Com Stockholders": -12233000.0,
        "Net Income Common Stockholders": -12233000.0,
        "Net Income": -12233000.0,
        "Net Income Including Noncontrolling Interests": -12233000.0,
        "Net Income Continuous Operations": -12233000.0,
        "Tax Provision": -9137000.0,
        "Pretax Income": -21370000.0,
        "Other Income Expense": 18600000.0,
        "Other Operating Expenses": 3925000.0,
        "Selling General And Administration": 53924000.0,
        "General And Administrative Expense": 53924000.0,
        "Other Gand A": 21941000.0,
        "Salaries And Wages": 31983000.0,
        "Total Revenue": 207869000.0,
        "Operating Revenue": 207869000.0
    },
    "2024-03-31": {
        "Tax Effect Of Unusual Items": 0.0,
        "Tax Rate For Calcs": 0.211,
        "Net Income From Continuing Operation Net Minority Interest": 73608000.0,
        "Reconciled Depreciation": 2415000.0,
        "Normalized Income": 73608000.0,
        "Net Income From Continuing And Discontinued Operation": 73608000.0,
        "Total Expenses": 104288000.0,
        "Diluted Average Shares": 3636000.0,
        "Basic Average Shares": 3636000.0,
        "Diluted EPS": 20.82,
        "Basic EPS": 20.82,
        "Diluted NI Availto Com Stockholders": 73608000.0,
        "Net Income Common Stockholders": 73608000.0,
        "Net Income": 73608000.0,
        "Net Income Including Noncontrolling Interests": 73608000.0,
        "Net Income Continuous Operations": 73608000.0,
        "Tax Provision": 19670000.0,
        "Pretax Income": 93278000.0,
        "Other Income Expense": 5985000.0,
        "Other Operating Expenses": 3661000.0,
        "Selling General And Administration": 25657000.0,
        "General And Administrative Expense": 25657000.0,
        "Other Gand A": 11279000.0,
        "Salaries And Wages": 14378000.0,
        "Total Revenue": 197566000.0,
        "Operating Revenue": 197566000.0
    }
}