{
    "2023-03-31": {
        "Tax Effect Of Unusual Items": 0.0,
        "Tax Rate For Calcs": 0.287051,
        "Normalized EBITDA": 8542000.0,
        "Net Income From Continuing Operation Net Minority Interest": 2362000.0,
        "Reconciled Depreciation": 3860000.0,
        "Reconciled Cost Of Revenue": 82520000.0,
        "EBIT": 4682000.0,
        "Net Interest Income": -1369000.0,
        "Interest Expense": 1369000.0,
        "Normalized Income": 2362000.0,
        "Net Income From Continuing And Discontinued Operation": 2362000.0,
        "Total Expenses": 94386000.0,
        "Total Operating Income As Reported": 4711000.0,
        "Diluted Average Shares": 10087000.0,
        "Basic Average Shares": 9940000.0,
        "Diluted EPS": 0.23,
        "Basic EPS": 0.24,
        "Diluted NI Availto Com Stockholders": 2362000.0,
        "Net Income Common Stockholders": 2362000.0,
        "Net Income": 2362000.0,
        "Net Income Including Noncontrolling Interests": 2362000.0,
        "Net Income Continuous Operations": 2362000.0,
        "Tax Provision": 951000.0,
        "Pretax Income": 3313000.0,
        "Other Income Expense": -29000.0,
        "Other Non Operating Income Expenses": -29000.0,
        "Net Non Operating Interest Income Expense": -1369000.0,
        "Interest Expense Non Operating": 1369000.0,
        "Operating Income": 4711000.0,
        "Operating Expense": 11866000.0,
        "Selling General And Administration": 11866000.0,
        "Gross Profit": 16577000.0,
        "Cost Of Revenue": 82520000.0,
        "Total Revenue": 99097000.0,
        "Operating Revenue": 99097000.0
    },
    "2022-12-31": {
        "Tax Effect Of Unusual Items": 0.0,
        "Tax Rate For Calcs": 0.191941,
        "Normalized EBITDA": 11027000.0,
        "Net Income From Continuing Operation Net Minority Interest": 7961000.0,
        "Reconciled Depreciation": 4413000.0,
        "Reconciled Cost Of Revenue": 84957000.0,
        "EBIT": 11027000.0,
        "Net Interest Income": -1175000.0,
        "Interest Expense": 1175000.0,
        "Normalized Income": 7961000.0,
        "Net Income From Continuing And Discontinued Operation": 7961000.0,
        "Total Expenses": 95842000.0,
        "Total Operating Income As Reported": 10986000.0,
        "Diluted Average Shares": 10084000.0,
        "Basic Average Shares": 9929000.0,
        "Diluted EPS": 0.79,
        "Basic EPS": 0.8,
        "Diluted NI Availto Com Stockholders": 7961000.0,
        "Net Income Common Stockholders": 7961000.0,
        "Net Income": 7961000.0,
        "Net Income Including Noncontrolling Interests": 7961000.0,
        "Net Income Continuous Operations": 7961000.0,
        "Tax Provision": 1891000.0,
        "Pretax Income": 9852000.0,
        "Other Income Expense": 41000.0,
        "Other Non Operating Income Expenses": 41000.0,
        "Net Non Operating Interest Income Expense": -1175000.0,
        "Interest Expense Non Operating": 1175000.0,
        "Operating Income": 10986000.0,
        "Operating Expense": 10885000.0,
        "Selling General And Administration": 10885000.0,
        "Gross Profit": 21871000.0,
        "Cost Of Revenue": 84957000.0,
        "Total Revenue": 106828000.0,
        "Operating Revenue": 106828000.0
    },
    "2022-09-30": {
        "Tax Effect Of Unusual Items": 0.0,
        "Tax Rate For Calcs": 0.263119,
        "Normalized EBITDA": 14475000.0,
        "Net Income From Continuing Operation Net Minority Interest": 9956000.0,
        "Reconciled Depreciation": 4322000.0,
        "Reconciled Cost Of Revenue": 97866000.0,
        "EBIT": 14475000.0,
        "Net Interest Income": -964000.0,
        "Interest Expense": 964000.0,
        "Normalized Income": 9956000.0,
        "Net Income From Continuing And Discontinued Operation": 9956000.0,
        "Total Expenses": 108520000.0,
        "Total Operating Income As Reported": 14464000.0,
        "Diluted Average Shares": 10010000.0,
        "Basic Average Shares": 9927000.0,
        "Diluted EPS": 0.99,
        "Basic EPS": 1.0,
        "Diluted NI Availto Com Stockholders": 9956000.0,
        "Net Income Common Stockholders": 9956000.0,
        "Net Income": 9956000.0,
        "Net Income Including Noncontrolling Interests": 9956000.0,
        "Net Income Continuous Operations": 9956000.0,
        "Tax Provision": 3555000.0,
        "Pretax Income": 13511000.0,
        "Other Income Expense": 11000.0,
        "Other Non Operating Income Expenses": 11000.0,
        "Net Non Operating Interest Income Expense": -964000.0,
        "Interest Expense Non Operating": 964000.0,
        "Operating Income": 14464000.0,
        "Operating Expense": 10654000.0,
        "Selling General And Administration": 10654000.0,
        "Gross Profit": 25118000.0,
        "Cost Of Revenue": 97866000.0,
        "Total Revenue": 122984000.0,
        "Operating Revenue": 122984000.0
    },
    "2022-06-30": {
        "Tax Effect Of Unusual Items": 0.0,
        "Tax Rate For Calcs": 0.260757,
        "Normalized EBITDA": 13954000.0,
        "Net Income From Continuing Operation Net Minority Interest": 9673000.0,
        "Reconciled Depreciation": 4239000.0,
        "Reconciled Cost Of Revenue": 94442000.0,
        "EBIT": 13954000.0,
        "Net Interest Income": -869000.0,
        "Interest Expense": 869000.0,
        "Normalized Income": 9673000.0,
        "Net Income From Continuing And Discontinued Operation": 9673000.0,
        "Total Expenses": 104569000.0,
        "Total Operating Income As Reported": 13953000.0,
        "Diluted Average Shares": 9968000.0,
        "Basic Average Shares": 9918000.0,
        "Diluted EPS": 0.97,
        "Basic EPS": 0.98,
        "Diluted NI Availto Com Stockholders": 9673000.0,
        "Net Income Common Stockholders": 9673000.0,
        "Net Income": 9673000.0,
        "Net Income Including Noncontrolling Interests": 9673000.0,
        "Net Income Continuous Operations": 9673000.0,
        "Tax Provision": 3412000.0,
        "Pretax Income": 13085000.0,
        "Other Income Expense": 1000.0,
        "Other Non Operating Income Expenses": 1000.0,
        "Net Non Operating Interest Income Expense": -869000.0,
        "Interest Expense Non Operating": 869000.0,
        "Operating Income": 13953000.0,
        "Operating Expense": 10127000.0,
        "Selling General And Administration": 10127000.0,
        "Gross Profit": 24080000.0,
        "Cost Of Revenue": 94442000.0,
        "Total Revenue": 118522000.0,
        "Operating Revenue": 118522000.0
    },
    "2022-03-31": {
        "Diluted EPS": 0.36,
        "Total Revenue": 109,
        "Gross Profit": 15,
        "Operating Income": 5,
        "EBIT": 10,
        "Net Income": 4
    },
    "2021-12-31": {
        "Diluted EPS": 0.23,
        "Total Revenue": 103,
        "Gross Profit": 14,
        "Operating Income": 3,
        "EBIT": 7,
        "Net Income": 2
    },
    "2021-09-30": {
        "Diluted EPS": 0.5,
        "Total Revenue": 85,
        "Gross Profit": 12,
        "Operating Income": 7,
        "EBIT": 10,
        "Net Income": 5
    },
    "2021-06-30": {
        "Diluted EPS": 0.21,
        "Total Revenue": 74,
        "Gross Profit": 10,
        "Operating Income": 3,
        "EBIT": 7,
        "Net Income": 2
    },
    "2021-03-31": {
        "Diluted EPS": 0.22,
        "Total Revenue": 72,
        "Gross Profit": 9,
        "Operating Income": 3,
        "EBIT": 6,
        "Net Income": 2
    },
    "2020-12-31": {
        "Diluted EPS": 0.53,
        "Total Revenue": 69,
        "Gross Profit": 12,
        "Operating Income": 7,
        "EBIT": 10,
        "Net Income": 5
    },
    "2020-09-30": {
        "Diluted EPS": 0.73,
        "Total Revenue": 78,
        "Gross Profit": 16,
        "Operating Income": 10,
        "EBIT": 14,
        "Net Income": 7
    },
    "2020-06-30": {
        "Diluted EPS": 0.61,
        "Total Revenue": 70,
        "Gross Profit": 13,
        "Operating Income": 7,
        "EBIT": 11,
        "Net Income": 6
    },
    "2020-03-31": {
        "Diluted EPS": 0.06,
        "Total Revenue": 69,
        "Gross Profit": 10,
        "Operating Income": 2,
        "EBIT": 5,
        "Net Income": 1
    },
    "2019-12-31": {
        "Diluted EPS": 1.22,
        "Total Revenue": 72,
        "Gross Profit": 17,
        "Operating Income": 12,
        "EBIT": 16,
        "Net Income": 12
    },
    "2019-09-30": {
        "Diluted EPS": 1.1,
        "Total Revenue": 75,
        "Gross Profit": 15,
        "Operating Income": 11,
        "EBIT": 14,
        "Net Income": 11
    },
    "2019-06-30": {
        "Diluted EPS": 0.31,
        "Total Revenue": 69,
        "Gross Profit": 8,
        "Operating Income": 4,
        "EBIT": 7,
        "Net Income": 3
    },
    "2019-03-31": {
        "Diluted EPS": 0.22,
        "Total Revenue": 63,
        "Gross Profit": 7,
        "Operating Income": 2,
        "EBIT": 5,
        "Net Income": 2
    },
    "2018-12-31": {
        "Diluted EPS": 0.02,
        "Total Revenue": 58,
        "Gross Profit": 7,
        "Operating Income": 3,
        "EBIT": 6,
        "Net Income": 0
    },
    "2018-09-30": {
        "Diluted EPS": 2.86,
        "Total Revenue": 52,
        "Gross Profit": 5,
        "Operating Income": 2,
        "EBIT": 5,
        "Net Income": 28
    },
    "2018-06-30": {
        "Diluted EPS": -0.59,
        "Total Revenue": 29,
        "Gross Profit": -1,
        "Operating Income": -6,
        "EBIT": -4,
        "Net Income": -6
    },
    "2018-03-31": {
        "Diluted EPS": -0.2,
        "Total Revenue": 33,
        "Gross Profit": 1,
        "Operating Income": -2,
        "EBIT": -1,
        "Net Income": -2
    },
    "2017-12-31": {
        "Diluted EPS": -0.23,
        "Total Revenue": 36,
        "Gross Profit": 2,
        "Operating Income": -1,
        "EBIT": 0,
        "Net Income": -2
    },
    "2017-09-30": {
        "Diluted EPS": -0.21,
        "Total Revenue": 39,
        "Gross Profit": 2,
        "Operating Income": -1,
        "EBIT": 0,
        "Net Income": -2
    },
    "2017-06-30": {
        "Diluted EPS": -0.22,
        "Total Revenue": 29,
        "Gross Profit": 1,
        "Operating Income": -3,
        "EBIT": -1,
        "Net Income": -2
    },
    "2017-03-31": {
        "Diluted EPS": -0.4,
        "Total Revenue": 30,
        "Gross Profit": 1,
        "Operating Income": -3,
        "EBIT": -2,
        "Net Income": -4
    },
    "2016-12-31": {
        "Diluted EPS": 0.6,
        "Total Revenue": 32,
        "Gross Profit": 5,
        "Operating Income": 8,
        "EBIT": 10,
        "Net Income": 6
    },
    "2016-09-30": {
        "Diluted EPS": 0.08,
        "Total Revenue": 41,
        "Gross Profit": 3,
        "Operating Income": -1,
        "EBIT": 1,
        "Net Income": 1
    },
    "2016-06-30": {
        "Diluted EPS": -0.65,
        "Total Revenue": 42,
        "Gross Profit": -2,
        "Operating Income": -6,
        "EBIT": -3,
        "Net Income": -6
    },
    "2016-03-31": {
        "Diluted EPS": -1.0,
        "Total Revenue": 34,
        "Gross Profit": -5,
        "Operating Income": -10,
        "EBIT": -8,
        "Net Income": -10
    },
    "2015-12-31": {
        "Diluted EPS": -1.43,
        "Total Revenue": -18,
        "Gross Profit": 2,
        "Operating Income": -1,
        "EBIT": 0,
        "Net Income": -14
    },
    "2015-09-30": {
        "Diluted EPS": -0.16,
        "Total Revenue": 52,
        "Gross Profit": -3,
        "Operating Income": -7,
        "EBIT": 0,
        "Net Income": -2
    },
    "2015-06-30": {
        "Diluted EPS": -1.26,
        "Total Revenue": 54,
        "Gross Profit": -3,
        "Operating Income": -13,
        "EBIT": -11,
        "Net Income": -12
    },
    "2015-03-31": {
        "Diluted EPS": -0.22,
        "Total Revenue": 85,
        "Gross Profit": 4,
        "Operating Income": -3,
        "EBIT": 0,
        "Net Income": -2
    },
    "2014-12-31": {
        "Diluted EPS": -1.46,
        "Total Revenue": 102,
        "Gross Profit": 9,
        "Operating Income": -13,
        "EBIT": 6,
        "Net Income": -14
    },
    "2014-09-30": {
        "Diluted EPS": 0.52,
        "Total Revenue": 117,
        "Gross Profit": 16,
        "Operating Income": 9,
        "EBIT": 14,
        "Net Income": 5
    },
    "2014-06-30": {
        "Diluted EPS": 0.33,
        "Total Revenue": 102,
        "Gross Profit": 11,
        "Operating Income": 5,
        "EBIT": 9,
        "Net Income": 3
    },
    "2014-03-31": {
        "Diluted EPS": -1.27,
        "Total Revenue": 83,
        "Gross Profit": 4,
        "Operating Income": -1,
        "EBIT": 2,
        "Net Income": -12
    },
    "2013-12-31": {
        "Diluted EPS": -1.8,
        "Total Revenue": 115,
        "Gross Profit": 7,
        "Operating Income": -26,
        "EBIT": -23,
        "Net Income": -17
    },
    "2013-09-30": {
        "Diluted EPS": 0.11,
        "Total Revenue": 79,
        "Gross Profit": 11,
        "Operating Income": 6,
        "EBIT": 9,
        "Net Income": 1
    },
    "2013-06-30": {
        "Diluted EPS": 0.59,
        "Total Revenue": 88,
        "Gross Profit": 15,
        "Operating Income": 9,
        "EBIT": 13,
        "Net Income": 6
    },
    "2013-03-31": {
        "Diluted EPS": 1.0,
        "Total Revenue": 107,
        "Gross Profit": 23,
        "Operating Income": 17,
        "EBIT": 21,
        "Net Income": 10
    },
    "2012-12-31": {
        "Diluted EPS": 0.48,
        "Total Revenue": 136,
        "Gross Profit": 15,
        "Operating Income": 7,
        "EBIT": 12,
        "Net Income": 5
    },
    "2012-09-30": {
        "Diluted EPS": 0.36,
        "Total Revenue": 115,
        "Gross Profit": 12,
        "Operating Income": 4,
        "EBIT": 8,
        "Net Income": 3
    },
    "2012-06-30": {
        "Diluted EPS": 0.38,
        "Total Revenue": 131,
        "Gross Profit": 14,
        "Operating Income": 7,
        "EBIT": 12,
        "Net Income": 4
    },
    "2012-03-31": {
        "Diluted EPS": 0.5,
        "Total Revenue": 142,
        "Gross Profit": 17,
        "Operating Income": 9,
        "EBIT": 13,
        "Net Income": 5
    },
    "2011-12-31": {
        "Diluted EPS": 0.16,
        "Total Revenue": 117,
        "Gross Profit": 11,
        "Operating Income": 4,
        "EBIT": 9,
        "Net Income": 1
    },
    "2011-09-30": {
        "Diluted EPS": 0.35,
        "Total Revenue": 139,
        "Gross Profit": 17,
        "Operating Income": 10,
        "EBIT": 14,
        "Net Income": 3
    },
    "2011-06-30": {
        "Diluted EPS": 0.53,
        "Total Revenue": 144,
        "Gross Profit": 17,
        "Operating Income": 11,
        "EBIT": 15,
        "Net Income": 5
    },
    "2011-03-31": {
        "Diluted EPS": 0.31,
        "Total Revenue": 111,
        "Gross Profit": 15,
        "Operating Income": 7,
        "EBIT": 11,
        "Net Income": 3
    },
    "2010-12-31": {
        "Diluted EPS": -0.35,
        "Total Revenue": 97,
        "Gross Profit": 5,
        "Operating Income": -2,
        "EBIT": 2,
        "Net Income": -3
    },
    "2010-09-30": {
        "Diluted EPS": -0.01,
        "Total Revenue": 113,
        "Gross Profit": 10,
        "Operating Income": 2,
        "EBIT": 6,
        "Net Income": 0
    },
    "2010-06-30": {
        "Diluted EPS": -0.34,
        "Total Revenue": 96,
        "Gross Profit": 5,
        "Operating Income": -2,
        "EBIT": 3,
        "Net Income": -3
    },
    "2010-03-31": {
        "Diluted EPS": 0.11,
        "Total Revenue": 80,
        "Gross Profit": 9,
        "Operating Income": 2,
        "EBIT": 4,
        "Net Income": 1
    },
    "2009-12-31": {
        "Diluted EPS": -0.62,
        "Total Revenue": 65,
        "Gross Profit": -2,
        "Operating Income": -8,
        "EBIT": -2,
        "Net Income": -6
    },
    "2009-09-30": {
        "Diluted EPS": -0.59,
        "Total Revenue": 61,
        "Gross Profit": -2,
        "Operating Income": -7,
        "EBIT": -6,
        "Net Income": -5
    },
    "2009-06-30": {
        "Diluted EPS": -0.14,
        "Total Revenue": 68,
        "Gross Profit": 2,
        "Operating Income": -2,
        "EBIT": 0,
        "Net Income": -1
    },
    "2009-03-31": {
        "Diluted EPS": 0.15,
        "Total Revenue": 84,
        "Gross Profit": 8,
        "Operating Income": 3,
        "EBIT": 5,
        "Net Income": 1
    },
    "2023-06-30": {
        "Tax Effect Of Unusual Items": 0.0,
        "Tax Rate For Calcs": 0.265,
        "Normalized EBITDA": 15217000.0,
        "Net Income From Continuing Operation Net Minority Interest": 7448000.0,
        "Reconciled Depreciation": 3886000.0,
        "Reconciled Cost Of Revenue": 93891000.0,
        "EBIT": 11331000.0,
        "Net Interest Income": -1191000.0,
        "Interest Expense": 1191000.0,
        "Normalized Income": 7448000.0,
        "Net Income From Continuing And Discontinued Operation": 7448000.0,
        "Total Expenses": 104907000.0,
        "Total Operating Income As Reported": 11465000.0,
        "Diluted Average Shares": 10066000.0,
        "Basic Average Shares": 10000000.0,
        "Diluted EPS": 0.74,
        "Basic EPS": 0.74,
        "Diluted NI Availto Com Stockholders": 7448000.0,
        "Net Income Common Stockholders": 7448000.0,
        "Net Income": 7448000.0,
        "Net Income Including Noncontrolling Interests": 7448000.0,
        "Net Income Continuous Operations": 7448000.0,
        "Tax Provision": 2692000.0,
        "Pretax Income": 10140000.0,
        "Other Income Expense": -134000.0,
        "Other Non Operating Income Expenses": -134000.0,
        "Net Non Operating Interest Income Expense": -1191000.0,
        "Interest Expense Non Operating": 1191000.0,
        "Operating Income": 11465000.0,
        "Operating Expense": 11016000.0,
        "Selling General And Administration": 11016000.0,
        "Gross Profit": 22481000.0,
        "Cost Of Revenue": 93891000.0,
        "Total Revenue": 116372000.0,
        "Operating Revenue": 116372000.0
    }
}