{
    "2023-03-31": {
        "Tax Effect Of Unusual Items": 0.0,
        "Tax Rate For Calcs": 0.323,
        "Normalized EBITDA": 486000000.0,
        "Total Unusual Items": 0.0,
        "Total Unusual Items Excluding Goodwill": 0.0,
        "Net Income From Continuing Operation Net Minority Interest": 111000000.0,
        "Reconciled Depreciation": 249000000.0,
        "Reconciled Cost Of Revenue": 538000000.0,
        "EBITDA": 486000000.0,
        "EBIT": 237000000.0,
        "Net Interest Income": -107000000.0,
        "Interest Expense": 107000000.0,
        "Normalized Income": 111000000.0,
        "Net Income From Continuing And Discontinued Operation": 111000000.0,
        "Total Expenses": 1044000000.0,
        "Total Operating Income As Reported": 204000000.0,
        "Diluted Average Shares": 37448000.0,
        "Basic Average Shares": 36718000.0,
        "Diluted EPS": 2.97,
        "Basic EPS": 3.03,
        "Diluted NI Availto Com Stockholders": 111000000.0,
        "Net Income Common Stockholders": 111000000.0,
        "Net Income": 111000000.0,
        "Minority Interests": 23000000.0,
        "Net Income Including Noncontrolling Interests": 88000000.0,
        "Net Income Continuous Operations": 88000000.0,
        "Tax Provision": 42000000.0,
        "Pretax Income": 130000000.0,
        "Other Income Expense": 24000000.0,
        "Other Non Operating Income Expenses": -1000000.0,
        "Special Income Charges": 0.0,
        "Gain On Sale Of Business": 0.0,
        "Restructuring And Mergern Acquisition": NaN,
        "Earnings From Equity Interest": 25000000.0,
        "Net Non Operating Interest Income Expense": -107000000.0,
        "Interest Expense Non Operating": 107000000.0,
        "Operating Income": 213000000.0,
        "Operating Expense": 506000000.0,
        "Depreciation Amortization Depletion Income Statement": 249000000.0,
        "Depreciation And Amortization In Income Statement": 249000000.0,
        "Selling General And Administration": 257000000.0,
        "General And Administrative Expense": 257000000.0,
        "Other Gand A": 266000000.0,
        "Salaries And Wages": -9000000.0,
        "Gross Profit": 719000000.0,
        "Cost Of Revenue": 538000000.0,
        "Total Revenue": 1257000000.0,
        "Operating Revenue": 1257000000.0
    },
    "2022-12-31": {
        "Tax Effect Of Unusual Items": -36950264.550265,
        "Tax Rate For Calcs": 0.275132,
        "Normalized EBITDA": 714400000.0,
        "Total Unusual Items": -134300000.0,
        "Total Unusual Items Excluding Goodwill": -134300000.0,
        "Net Income From Continuing Operation Net Minority Interest": 203300000.0,
        "Reconciled Depreciation": 231000000.0,
        "Reconciled Cost Of Revenue": 502100000.0,
        "EBITDA": 580100000.0,
        "EBIT": 349100000.0,
        "Net Interest Income": -103400000.0,
        "Interest Expense": 103400000.0,
        "Normalized Income": 300649735.449735,
        "Net Income From Continuing And Discontinued Operation": 203300000.0,
        "Total Expenses": 1059800000.0,
        "Total Operating Income As Reported": 294000000.0,
        "Diluted Average Shares": 38320000.0,
        "Basic Average Shares": 37523000.0,
        "Diluted EPS": 5.3,
        "Basic EPS": 5.42,
        "Diluted NI Availto Com Stockholders": 203300000.0,
        "Net Income Common Stockholders": 203300000.0,
        "Net Income": 203300000.0,
        "Minority Interests": 25200000.0,
        "Net Income Including Noncontrolling Interests": 178100000.0,
        "Net Income Continuous Operations": 178100000.0,
        "Tax Provision": 67600000.0,
        "Pretax Income": 245700000.0,
        "Other Income Expense": -77800000.0,
        "Other Non Operating Income Expenses": 13300000.0,
        "Special Income Charges": -134300000.0,
        "Restructuring And Mergern Acquisition": -1500000.0,
        "Earnings From Equity Interest": 43200000.0,
        "Net Non Operating Interest Income Expense": -103400000.0,
        "Interest Expense Non Operating": 103400000.0,
        "Operating Income": 426900000.0,
        "Operating Expense": 557700000.0,
        "Other Operating Expenses": 0.0,
        "Depreciation Amortization Depletion Income Statement": 231000000.0,
        "Depreciation And Amortization In Income Statement": 231000000.0,
        "Selling General And Administration": 326700000.0,
        "General And Administrative Expense": NaN,
        "Other Gand A": NaN,
        "Salaries And Wages": NaN,
        "Gross Profit": 984600000.0,
        "Cost Of Revenue": 502100000.0,
        "Total Revenue": 1486700000.0,
        "Operating Revenue": 1486700000.0
    },
    "2022-09-30": {
        "Tax Effect Of Unusual Items": 11994558.743909,
        "Tax Rate For Calcs": 0.221711,
        "Normalized EBITDA": 546300000.0,
        "Total Unusual Items": 54100000.0,
        "Total Unusual Items Excluding Goodwill": 54100000.0,
        "Net Income From Continuing Operation Net Minority Interest": 288700000.0,
        "Reconciled Depreciation": 142400000.0,
        "Reconciled Cost Of Revenue": 511100000.0,
        "EBITDA": 600400000.0,
        "EBIT": 458000000.0,
        "Net Interest Income": -88600000.0,
        "Interest Expense": 88600000.0,
        "Normalized Income": 246594558.743909,
        "Net Income From Continuing And Discontinued Operation": 288700000.0,
        "Total Expenses": 913800000.0,
        "Total Operating Income As Reported": 355300000.0,
        "Diluted Average Shares": 39560000.0,
        "Basic Average Shares": 38767000.0,
        "Diluted EPS": 7.3,
        "Basic EPS": 7.45,
        "Diluted NI Availto Com Stockholders": 288700000.0,
        "Net Income Common Stockholders": 288700000.0,
        "Net Income": 288700000.0,
        "Minority Interests": 1200000.0,
        "Net Income Including Noncontrolling Interests": 287500000.0,
        "Net Income Continuous Operations": 287500000.0,
        "Tax Provision": 81900000.0,
        "Pretax Income": 369400000.0,
        "Other Income Expense": 102700000.0,
        "Other Non Operating Income Expenses": 12000000.0,
        "Special Income Charges": 54100000.0,
        "Impairment Of Capital Assets": NaN,
        "Restructuring And Mergern Acquisition": -54100000.0,
        "Earnings From Equity Interest": 36600000.0,
        "Net Non Operating Interest Income Expense": -88600000.0,
        "Interest Expense Non Operating": 88600000.0,
        "Operating Income": 355300000.0,
        "Operating Expense": 402700000.0,
        "Other Operating Expenses": 52000000.0,
        "Depreciation Amortization Depletion Income Statement": 142400000.0,
        "Depreciation And Amortization In Income Statement": 142400000.0,
        "Amortization": 102200000.0,
        "Amortization Of Intangibles Income Statement": 102200000.0,
        "Depreciation Income Statement": 40200000.0,
        "Selling General And Administration": 208300000.0,
        "General And Administrative Expense": NaN,
        "Other Gand A": NaN,
        "Salaries And Wages": NaN,
        "Gross Profit": 758000000.0,
        "Cost Of Revenue": 511100000.0,
        "Total Revenue": 1269100000.0,
        "Operating Revenue": 1269100000.0
    },
    "2022-06-30": {
        "Tax Effect Of Unusual Items": 0.0,
        "Tax Rate For Calcs": 0.240188,
        "Normalized EBITDA": 517600000.0,
        "Total Unusual Items": NaN,
        "Total Unusual Items Excluding Goodwill": NaN,
        "Net Income From Continuing Operation Net Minority Interest": 227500000.0,
        "Reconciled Depreciation": 144100000.0,
        "Reconciled Cost Of Revenue": 501600000.0,
        "EBITDA": 517600000.0,
        "EBIT": 373500000.0,
        "Net Interest Income": -75400000.0,
        "Interest Expense": 75400000.0,
        "Normalized Income": 227500000.0,
        "Net Income From Continuing And Discontinued Operation": 227500000.0,
        "Total Expenses": 912300000.0,
        "Total Operating Income As Reported": 333400000.0,
        "Diluted Average Shares": 40928000.0,
        "Basic Average Shares": 40203000.0,
        "Diluted EPS": 5.56,
        "Basic EPS": 5.66,
        "Diluted NI Availto Com Stockholders": 227500000.0,
        "Net Income Common Stockholders": 227500000.0,
        "Net Income": 227500000.0,
        "Minority Interests": 1000000.0,
        "Net Income Including Noncontrolling Interests": 226500000.0,
        "Net Income Continuous Operations": 226500000.0,
        "Tax Provision": 71600000.0,
        "Pretax Income": 298100000.0,
        "Other Income Expense": 40700000.0,
        "Other Non Operating Income Expenses": 4800000.0,
        "Special Income Charges": NaN,
        "Impairment Of Capital Assets": NaN,
        "Restructuring And Mergern Acquisition": NaN,
        "Earnings From Equity Interest": 35900000.0,
        "Net Non Operating Interest Income Expense": -75400000.0,
        "Interest Expense Non Operating": 75400000.0,
        "Operating Income": 332800000.0,
        "Operating Expense": 410700000.0,
        "Other Operating Expenses": 50300000.0,
        "Depreciation Amortization Depletion Income Statement": 144100000.0,
        "Depreciation And Amortization In Income Statement": 144100000.0,
        "Amortization": 104800000.0,
        "Amortization Of Intangibles Income Statement": 104800000.0,
        "Depreciation Income Statement": 39300000.0,
        "Selling General And Administration": 216300000.0,
        "General And Administrative Expense": 216300000.0,
        "Other Gand A": 216300000.0,
        "Gross Profit": 743500000.0,
        "Cost Of Revenue": 501600000.0,
        "Total Revenue": 1245100000.0,
        "Operating Revenue": 1245100000.0
    },
    "2022-03-31": {
        "Diluted EPS": 5.99,
        "Total Revenue": NaN,
        "Gross Profit": NaN,
        "Operating Income": 329,
        "EBIT": 474,
        "Net Income": 252
    },
    "2021-12-31": {
        "Diluted EPS": 6.15,
        "Total Revenue": NaN,
        "Gross Profit": NaN,
        "Operating Income": 325,
        "EBIT": 481,
        "Net Income": 264
    },
    "2021-09-30": {
        "Diluted EPS": 3.9,
        "Total Revenue": NaN,
        "Gross Profit": NaN,
        "Operating Income": 277,
        "EBIT": 428,
        "Net Income": 170
    },
    "2021-06-30": {
        "Diluted EPS": 4.51,
        "Total Revenue": NaN,
        "Gross Profit": NaN,
        "Operating Income": 288,
        "EBIT": 441,
        "Net Income": 200
    },
    "2021-03-31": {
        "Diluted EPS": 4.42,
        "Total Revenue": NaN,
        "Gross Profit": NaN,
        "Operating Income": 285,
        "EBIT": 429,
        "Net Income": 201
    },
    "2020-12-31": {
        "Diluted EPS": 7.86,
        "Total Revenue": NaN,
        "Gross Profit": NaN,
        "Operating Income": 531,
        "EBIT": 677,
        "Net Income": 364
    },
    "2020-09-30": {
        "Diluted EPS": 4.08,
        "Total Revenue": NaN,
        "Gross Profit": NaN,
        "Operating Income": 344,
        "EBIT": 486,
        "Net Income": 191
    },
    "2020-06-30": {
        "Diluted EPS": 2.13,
        "Total Revenue": 915,
        "Gross Profit": 915,
        "Operating Income": 196,
        "EBIT": 342,
        "Net Income": 100
    },
    "2020-03-31": {
        "Diluted EPS": 3.3,
        "Total Revenue": NaN,
        "Gross Profit": NaN,
        "Operating Income": 305,
        "EBIT": 453,
        "Net Income": 157
    },
    "2019-12-31": {
        "Diluted EPS": 2.36,
        "Total Revenue": NaN,
        "Gross Profit": NaN,
        "Operating Income": 256,
        "EBIT": 423,
        "Net Income": 113
    },
    "2019-09-30": {
        "Diluted EPS": -0.13,
        "Total Revenue": 664,
        "Gross Profit": 664,
        "Operating Income": 122,
        "EBIT": 278,
        "Net Income": -6
    },
    "2019-06-30": {
        "Diluted EPS": 1.42,
        "Total Revenue": 649,
        "Gross Profit": 649,
        "Operating Income": 150,
        "EBIT": 230,
        "Net Income": 68
    },
    "2019-03-31": {
        "Diluted EPS": 1.15,
        "Total Revenue": 627,
        "Gross Profit": 627,
        "Operating Income": 127,
        "EBIT": 208,
        "Net Income": 55
    },
    "2018-12-31": {
        "Diluted EPS": 3.22,
        "Total Revenue": 798,
        "Gross Profit": 798,
        "Operating Income": 273,
        "EBIT": 379,
        "Net Income": 153
    },
    "2018-09-30": {
        "Diluted EPS": 2.12,
        "Total Revenue": 693,
        "Gross Profit": 693,
        "Operating Income": 193,
        "EBIT": 275,
        "Net Income": 101
    },
    "2018-06-30": {
        "Diluted EPS": 1.86,
        "Total Revenue": 660,
        "Gross Profit": 660,
        "Operating Income": 174,
        "EBIT": 255,
        "Net Income": 88
    },
    "2018-03-31": {
        "Diluted EPS": 1.01,
        "Total Revenue": 615,
        "Gross Profit": 615,
        "Operating Income": 118,
        "EBIT": 198,
        "Net Income": 48
    },
    "2017-12-31": {
        "Diluted EPS": 8.05,
        "Total Revenue": 654,
        "Gross Profit": 654,
        "Operating Income": 137,
        "EBIT": 240,
        "Net Income": 378
    },
    "2017-09-30": {
        "Diluted EPS": 0.98,
        "Total Revenue": 612,
        "Gross Profit": 612,
        "Operating Income": 126,
        "EBIT": 206,
        "Net Income": 46
    },
    "2017-06-30": {
        "Diluted EPS": 0.91,
        "Total Revenue": 626,
        "Gross Profit": 626,
        "Operating Income": 136,
        "EBIT": 219,
        "Net Income": 44
    },
    "2017-03-31": {
        "Diluted EPS": 0.13,
        "Total Revenue": 540,
        "Gross Profit": 540,
        "Operating Income": 108,
        "EBIT": 195,
        "Net Income": 6
    },
    "2016-12-31": {
        "Diluted EPS": 0.64,
        "Total Revenue": 310,
        "Gross Profit": 310,
        "Operating Income": 92,
        "EBIT": 140,
        "Net Income": 20
    },
    "2016-09-30": {
        "Diluted EPS": 0.78,
        "Total Revenue": 276,
        "Gross Profit": 276,
        "Operating Income": 73,
        "EBIT": 105,
        "Net Income": 25
    },
    "2016-06-30": {
        "Diluted EPS": 0.78,
        "Total Revenue": 262,
        "Gross Profit": 262,
        "Operating Income": 64,
        "EBIT": 95,
        "Net Income": 25
    },
    "2016-03-31": {
        "Diluted EPS": 0.69,
        "Total Revenue": 256,
        "Gross Profit": 256,
        "Operating Income": 58,
        "EBIT": 89,
        "Net Income": 22
    },
    "2015-12-31": {
        "Diluted EPS": 0.85,
        "Total Revenue": 252,
        "Gross Profit": 252,
        "Operating Income": 67,
        "EBIT": 100,
        "Net Income": 27
    },
    "2015-09-30": {
        "Diluted EPS": 0.54,
        "Total Revenue": 223,
        "Gross Profit": 223,
        "Operating Income": 48,
        "EBIT": 79,
        "Net Income": 17
    },
    "2015-06-30": {
        "Diluted EPS": 0.63,
        "Total Revenue": 219,
        "Gross Profit": 219,
        "Operating Income": 53,
        "EBIT": 81,
        "Net Income": 20
    },
    "2015-03-31": {
        "Diluted EPS": 0.4,
        "Total Revenue": 202,
        "Gross Profit": 202,
        "Operating Income": 38,
        "EBIT": 68,
        "Net Income": 13
    },
    "2014-12-31": {
        "Diluted EPS": 0.96,
        "Total Revenue": 193,
        "Gross Profit": 193,
        "Operating Income": 69,
        "EBIT": 89,
        "Net Income": 31
    },
    "2014-09-30": {
        "Diluted EPS": 0.48,
        "Total Revenue": 158,
        "Gross Profit": 158,
        "Operating Income": 42,
        "EBIT": 61,
        "Net Income": 15
    },
    "2014-06-30": {
        "Diluted EPS": 0.34,
        "Total Revenue": 147,
        "Gross Profit": 147,
        "Operating Income": 35,
        "EBIT": 53,
        "Net Income": 11
    },
    "2014-03-31": {
        "Diluted EPS": 0.23,
        "Total Revenue": 134,
        "Gross Profit": 134,
        "Operating Income": 28,
        "EBIT": 46,
        "Net Income": 7
    },
    "2013-12-31": {
        "Diluted EPS": -0.41,
        "Total Revenue": 138,
        "Gross Profit": 138,
        "Operating Income": 32,
        "EBIT": 52,
        "Net Income": -12
    },
    "2013-09-30": {
        "Diluted EPS": 0.11,
        "Total Revenue": 126,
        "Gross Profit": 126,
        "Operating Income": 25,
        "EBIT": 46,
        "Net Income": 4
    },
    "2013-06-30": {
        "Diluted EPS": 0.2,
        "Total Revenue": 126,
        "Gross Profit": 126,
        "Operating Income": 28,
        "EBIT": 47,
        "Net Income": 6
    },
    "2013-03-31": {
        "Diluted EPS": 0.02,
        "Total Revenue": 112,
        "Gross Profit": 112,
        "Operating Income": 18,
        "EBIT": 37,
        "Net Income": 1
    },
    "2012-12-31": {
        "Diluted EPS": 5.16,
        "Total Revenue": 116,
        "Gross Profit": 116,
        "Operating Income": 35,
        "EBIT": 51,
        "Net Income": 161
    },
    "2012-09-30": {
        "Diluted EPS": 0.31,
        "Total Revenue": 90,
        "Gross Profit": 90,
        "Operating Income": 24,
        "EBIT": 38,
        "Net Income": 10
    },
    "2012-06-30": {
        "Diluted EPS": 0.29,
        "Total Revenue": 89,
        "Gross Profit": 89,
        "Operating Income": 23,
        "EBIT": 37,
        "Net Income": 9
    },
    "2012-03-31": {
        "Diluted EPS": 0.1,
        "Total Revenue": 84,
        "Gross Profit": 84,
        "Operating Income": 18,
        "EBIT": 32,
        "Net Income": 3
    },
    "2011-12-31": {
        "Diluted EPS": 0.11,
        "Total Revenue": 86,
        "Gross Profit": 86,
        "Operating Income": 18,
        "EBIT": 32,
        "Net Income": 3
    },
    "2011-09-30": {
        "Diluted EPS": -0.22,
        "Total Revenue": 75,
        "Gross Profit": 75,
        "Operating Income": 8,
        "EBIT": 25,
        "Net Income": -6
    },
    "2011-06-30": {
        "Diluted EPS": -0.09,
        "Total Revenue": 76,
        "Gross Profit": 76,
        "Operating Income": 13,
        "EBIT": 28,
        "Net Income": -3
    },
    "2011-03-31": {
        "Diluted EPS": -0.22,
        "Total Revenue": 70,
        "Gross Profit": 70,
        "Operating Income": 9,
        "EBIT": 23,
        "Net Income": -6
    },
    "2010-12-31": {
        "Diluted EPS": 0.51,
        "Total Revenue": 97,
        "Gross Profit": 97,
        "Operating Income": 31,
        "EBIT": 47,
        "Net Income": 14
    },
    "2010-09-30": {
        "Diluted EPS": -0.11,
        "Total Revenue": 73,
        "Gross Profit": 73,
        "Operating Income": 13,
        "EBIT": 29,
        "Net Income": -3
    },
    "2010-06-30": {
        "Diluted EPS": -0.33,
        "Total Revenue": 75,
        "Gross Profit": 75,
        "Operating Income": 14,
        "EBIT": 30,
        "Net Income": -9
    },
    "2010-03-31": {
        "Diluted EPS": -0.13,
        "Total Revenue": 69,
        "Gross Profit": 69,
        "Operating Income": 10,
        "EBIT": 26,
        "Net Income": -4
    },
    "2009-12-31": {
        "Diluted EPS": 0.04,
        "Total Revenue": 74,
        "Gross Profit": 74,
        "Operating Income": 14,
        "EBIT": 31,
        "Net Income": 1
    },
    "2009-09-30": {
        "Diluted EPS": -0.65,
        "Total Revenue": 60,
        "Gross Profit": 60,
        "Operating Income": -14,
        "EBIT": 22,
        "Net Income": -18
    },
    "2009-06-30": {
        "Diluted EPS": -0.04,
        "Total Revenue": 62,
        "Gross Profit": 62,
        "Operating Income": 9,
        "EBIT": 26,
        "Net Income": -1
    },
    "2009-03-31": {
        "Diluted EPS": 0.21,
        "Total Revenue": 55,
        "Gross Profit": 55,
        "Operating Income": -1,
        "EBIT": 12,
        "Net Income": 6
    },
    "2023-06-30": {
        "Tax Effect Of Unusual Items": 0.0,
        "Tax Rate For Calcs": 0.32,
        "Normalized EBITDA": 483000000.0,
        "Total Unusual Items": NaN,
        "Total Unusual Items Excluding Goodwill": NaN,
        "Net Income From Continuing Operation Net Minority Interest": 96000000.0,
        "Reconciled Depreciation": 262000000.0,
        "Reconciled Cost Of Revenue": 537000000.0,
        "EBITDA": 483000000.0,
        "EBIT": 221000000.0,
        "Net Interest Income": -111000000.0,
        "Interest Expense": 111000000.0,
        "Normalized Income": 96000000.0,
        "Net Income From Continuing And Discontinued Operation": 96000000.0,
        "Total Expenses": 1061000000.0,
        "Total Operating Income As Reported": 179000000.0,
        "Diluted Average Shares": 36314000.0,
        "Basic Average Shares": 35788000.0,
        "Diluted EPS": 2.64,
        "Basic EPS": 2.68,
        "Diluted NI Availto Com Stockholders": 96000000.0,
        "Net Income Common Stockholders": 96000000.0,
        "Net Income": 96000000.0,
        "Minority Interests": 21000000.0,
        "Net Income Including Noncontrolling Interests": 75000000.0,
        "Net Income Continuous Operations": 75000000.0,
        "Tax Provision": 35000000.0,
        "Pretax Income": 110000000.0,
        "Other Income Expense": 42000000.0,
        "Other Non Operating Income Expenses": 10000000.0,
        "Special Income Charges": NaN,
        "Gain On Sale Of Business": NaN,
        "Restructuring And Mergern Acquisition": NaN,
        "Earnings From Equity Interest": 32000000.0,
        "Net Non Operating Interest Income Expense": -111000000.0,
        "Interest Expense Non Operating": 111000000.0,
        "Operating Income": 179000000.0,
        "Operating Expense": 524000000.0,
        "Depreciation Amortization Depletion Income Statement": 262000000.0,
        "Depreciation And Amortization In Income Statement": 262000000.0,
        "Selling General And Administration": 262000000.0,
        "General And Administrative Expense": NaN,
        "Other Gand A": NaN,
        "Salaries And Wages": NaN,
        "Gross Profit": 703000000.0,
        "Cost Of Revenue": 537000000.0,
        "Total Revenue": 1240000000.0,
        "Operating Revenue": 1207000000.0
    },
    "2023-09-30": {
        "Tax Effect Of Unusual Items": 0.0,
        "Tax Rate For Calcs": 0.21,
        "Normalized EBITDA": 347000000.0,
        "Total Unusual Items": 0.0,
        "Total Unusual Items Excluding Goodwill": 0.0,
        "Net Income From Continuing Operation Net Minority Interest": 25000000.0,
        "Reconciled Depreciation": 220000000.0,
        "Reconciled Cost Of Revenue": 537000000.0,
        "EBITDA": 347000000.0,
        "EBIT": 127000000.0,
        "Net Interest Income": -113000000.0,
        "Interest Expense": 113000000.0,
        "Normalized Income": 25000000.0,
        "Net Income From Continuing And Discontinued Operation": 25000000.0,
        "Total Expenses": 1029000000.0,
        "Total Operating Income As Reported": 94000000.0,
        "Diluted Average Shares": 35367000.0,
        "Basic Average Shares": 34931000.0,
        "Diluted EPS": 0.7,
        "Basic EPS": 0.71,
        "Diluted NI Availto Com Stockholders": 25000000.0,
        "Net Income Common Stockholders": 25000000.0,
        "Net Income": 25000000.0,
        "Minority Interests": 17000000.0,
        "Net Income Including Noncontrolling Interests": 8000000.0,
        "Net Income Continuous Operations": 8000000.0,
        "Tax Provision": 6000000.0,
        "Pretax Income": 14000000.0,
        "Other Income Expense": 24000000.0,
        "Other Non Operating Income Expenses": NaN,
        "Special Income Charges": 0.0,
        "Gain On Sale Of Business": NaN,
        "Restructuring And Mergern Acquisition": 0.0,
        "Earnings From Equity Interest": 24000000.0,
        "Net Non Operating Interest Income Expense": -113000000.0,
        "Interest Expense Non Operating": 113000000.0,
        "Operating Income": 103000000.0,
        "Operating Expense": 492000000.0,
        "Depreciation Amortization Depletion Income Statement": 220000000.0,
        "Depreciation And Amortization In Income Statement": 220000000.0,
        "Selling General And Administration": 272000000.0,
        "General And Administrative Expense": 272000000.0,
        "Other Gand A": 281000000.0,
        "Salaries And Wages": -9000000.0,
        "Gross Profit": 595000000.0,
        "Cost Of Revenue": 537000000.0,
        "Total Revenue": 1132000000.0,
        "Operating Revenue": 1132000000.0
    },
    "2023-12-31": {
        "Tax Effect Of Unusual Items": -11428571.428571,
        "Tax Rate For Calcs": 0.326531,
        "Normalized EBITDA": 507000000.0,
        "Total Unusual Items": -35000000.0,
        "Total Unusual Items Excluding Goodwill": -35000000.0,
        "Net Income From Continuing Operation Net Minority Interest": 114000000.0,
        "Reconciled Depreciation": 210000000.0,
        "Reconciled Cost Of Revenue": 540000000.0,
        "EBITDA": 472000000.0,
        "EBIT": 262000000.0,
        "Net Interest Income": -115000000.0,
        "Interest Expense": 115000000.0,
        "Normalized Income": 137571428.571429,
        "Net Income From Continuing And Discontinued Operation": 114000000.0,
        "Total Expenses": 1065000000.0,
        "Total Operating Income As Reported": 231000000.0,
        "Diluted Average Shares": NaN,
        "Basic Average Shares": NaN,
        "Diluted EPS": NaN,
        "Basic EPS": NaN,
        "Diluted NI Availto Com Stockholders": 114000000.0,
        "Net Income Common Stockholders": 114000000.0,
        "Net Income": 114000000.0,
        "Minority Interests": 15000000.0,
        "Net Income Including Noncontrolling Interests": 99000000.0,
        "Net Income Continuous Operations": 99000000.0,
        "Tax Provision": 48000000.0,
        "Pretax Income": 147000000.0,
        "Other Income Expense": 23000000.0,
        "Other Non Operating Income Expenses": NaN,
        "Special Income Charges": -35000000.0,
        "Gain On Sale Of Business": NaN,
        "Restructuring And Mergern Acquisition": 0.0,
        "Earnings From Equity Interest": 22000000.0,
        "Net Non Operating Interest Income Expense": -115000000.0,
        "Interest Expense Non Operating": 115000000.0,
        "Operating Income": 239000000.0,
        "Operating Expense": 525000000.0,
        "Depreciation Amortization Depletion Income Statement": 210000000.0,
        "Depreciation And Amortization In Income Statement": 210000000.0,
        "Selling General And Administration": 315000000.0,
        "General And Administrative Expense": NaN,
        "Other Gand A": NaN,
        "Salaries And Wages": NaN,
        "Gross Profit": 764000000.0,
        "Cost Of Revenue": 540000000.0,
        "Total Revenue": 1304000000.0,
        "Operating Revenue": 1304000000.0
    },
    "2024-03-31": {
        "Tax Effect Of Unusual Items": 10720000.0,
        "Tax Rate For Calcs": 0.268,
        "Normalized EBITDA": 492000000.0,
        "Total Unusual Items": 40000000.0,
        "Total Unusual Items Excluding Goodwill": 40000000.0,
        "Net Income From Continuing Operation Net Minority Interest": 175000000.0,
        "Reconciled Depreciation": 190000000.0,
        "Reconciled Cost Of Revenue": 548000000.0,
        "EBITDA": 532000000.0,
        "EBIT": 342000000.0,
        "Net Interest Income": -114000000.0,
        "Interest Expense": 114000000.0,
        "Normalized Income": 145720000.0,
        "Net Income From Continuing And Discontinued Operation": 175000000.0,
        "Total Expenses": 1002000000.0,
        "Total Operating Income As Reported": 275000000.0,
        "Diluted Average Shares": 34024000.0,
        "Basic Average Shares": 33449000.0,
        "Diluted EPS": 5.16,
        "Basic EPS": 5.25,
        "Diluted NI Availto Com Stockholders": 175000000.0,
        "Net Income Common Stockholders": 175000000.0,
        "Net Income": 175000000.0,
        "Minority Interests": 8000000.0,
        "Net Income Including Noncontrolling Interests": 167000000.0,
        "Net Income Continuous Operations": 167000000.0,
        "Tax Provision": 61000000.0,
        "Pretax Income": 228000000.0,
        "Other Income Expense": 60000000.0,
        "Other Non Operating Income Expenses": 1000000.0,
        "Special Income Charges": 40000000.0,
        "Gain On Sale Of Business": 40000000.0,
        "Restructuring And Mergern Acquisition": NaN,
        "Earnings From Equity Interest": 19000000.0,
        "Net Non Operating Interest Income Expense": -114000000.0,
        "Interest Expense Non Operating": 114000000.0,
        "Operating Income": 282000000.0,
        "Operating Expense": 454000000.0,
        "Depreciation Amortization Depletion Income Statement": 190000000.0,
        "Depreciation And Amortization In Income Statement": 190000000.0,
        "Selling General And Administration": 264000000.0,
        "General And Administrative Expense": 264000000.0,
        "Other Gand A": 271000000.0,
        "Salaries And Wages": -7000000.0,
        "Gross Profit": 736000000.0,
        "Cost Of Revenue": 548000000.0,
        "Total Revenue": 1284000000.0,
        "Operating Revenue": 1284000000.0
    }
}