{
    "2023-06-30": {
        "Tax Effect Of Unusual Items": 5138211.382114,
        "Tax Rate For Calcs": 0.160569,
        "Total Unusual Items": 32000000.0,
        "Total Unusual Items Excluding Goodwill": 32000000.0,
        "Net Income From Continuing Operation Net Minority Interest": 413000000.0,
        "Reconciled Depreciation": 47000000.0,
        "Net Interest Income": 900000000.0,
        "Interest Expense": 598000000.0,
        "Interest Income": 1498000000.0,
        "Normalized Income": 386138211.382114,
        "Net Income From Continuing And Discontinued Operation": 413000000.0,
        "Diluted Average Shares": 241242331.0,
        "Basic Average Shares": 240754855.0,
        "Diluted EPS": 1.659999,
        "Basic EPS": 1.659999,
        "Diluted NI Availto Com Stockholders": 401000000.0,
        "Net Income Common Stockholders": 401000000.0,
        "Otherunder Preferred Stock Dividend": 4000000.0,
        "Preferred Stock Dividends": 8000000.0,
        "Net Income": 413000000.0,
        "Net Income Including Noncontrolling Interests": 413000000.0,
        "Net Income Continuous Operations": 413000000.0,
        "Tax Provision": 79000000.0,
        "Pretax Income": 492000000.0,
        "Special Income Charges": 32000000.0,
        "Impairment Of Capital Assets": NaN,
        "Restructuring And Mergern Acquisition": -32000000.0,
        "Gain On Sale Of Security": -1000000.0,
        "Depreciation Amortization Depletion Income Statement": 37000000.0,
        "Depreciation And Amortization In Income Statement": 37000000.0,
        "Amortization": 37000000.0,
        "Amortization Of Intangibles Income Statement": 37000000.0,
        "Selling General And Administration": 465000000.0,
        "General And Administrative Expense": 465000000.0,
        "Other Gand A": 161000000.0,
        "Insurance And Claims": 15000000.0,
        "Salaries And Wages": 289000000.0,
        "Total Revenue": 1061000000.0,
        "Operating Revenue": 1061000000.0,
        "Occupancy And Equipment": 50000000.0
    },
    "2023-03-31": {
        "Tax Effect Of Unusual Items": NaN,
        "Tax Rate For Calcs": NaN,
        "Total Unusual Items": NaN,
        "Total Unusual Items Excluding Goodwill": NaN,
        "Net Income From Continuing Operation Net Minority Interest": NaN,
        "Reconciled Depreciation": NaN,
        "Net Interest Income": NaN,
        "Interest Expense": NaN,
        "Interest Income": NaN,
        "Normalized Income": NaN,
        "Net Income From Continuing And Discontinued Operation": NaN,
        "Diluted Average Shares": NaN,
        "Basic Average Shares": NaN,
        "Diluted EPS": NaN,
        "Basic EPS": NaN,
        "Diluted NI Availto Com Stockholders": NaN,
        "Net Income Common Stockholders": NaN,
        "Otherunder Preferred Stock Dividend": 21000000.0,
        "Preferred Stock Dividends": NaN,
        "Net Income": NaN,
        "Net Income Including Noncontrolling Interests": NaN,
        "Net Income Continuous Operations": NaN,
        "Tax Provision": NaN,
        "Pretax Income": NaN,
        "Special Income Charges": NaN,
        "Impairment Of Capital Assets": 0.0,
        "Restructuring And Mergern Acquisition": NaN,
        "Gain On Sale Of Security": 0.0,
        "Depreciation Amortization Depletion Income Statement": NaN,
        "Depreciation And Amortization In Income Statement": NaN,
        "Amortization": NaN,
        "Amortization Of Intangibles Income Statement": NaN,
        "Selling General And Administration": NaN,
        "General And Administrative Expense": NaN,
        "Other Gand A": NaN,
        "Insurance And Claims": NaN,
        "Salaries And Wages": NaN,
        "Total Revenue": NaN,
        "Operating Revenue": NaN,
        "Occupancy And Equipment": NaN
    },
    "2022-12-31": {
        "Tax Effect Of Unusual Items": NaN,
        "Tax Rate For Calcs": NaN,
        "Total Unusual Items": NaN,
        "Total Unusual Items Excluding Goodwill": NaN,
        "Net Income From Continuing Operation Net Minority Interest": NaN,
        "Reconciled Depreciation": NaN,
        "Net Interest Income": NaN,
        "Interest Expense": NaN,
        "Interest Income": NaN,
        "Normalized Income": NaN,
        "Net Income From Continuing And Discontinued Operation": NaN,
        "Diluted Average Shares": NaN,
        "Basic Average Shares": NaN,
        "Diluted EPS": NaN,
        "Basic EPS": NaN,
        "Diluted NI Availto Com Stockholders": NaN,
        "Net Income Common Stockholders": NaN,
        "Otherunder Preferred Stock Dividend": 2000000.0,
        "Preferred Stock Dividends": NaN,
        "Net Income": NaN,
        "Net Income Including Noncontrolling Interests": NaN,
        "Net Income Continuous Operations": NaN,
        "Tax Provision": NaN,
        "Pretax Income": NaN,
        "Special Income Charges": NaN,
        "Impairment Of Capital Assets": NaN,
        "Restructuring And Mergern Acquisition": NaN,
        "Gain On Sale Of Security": NaN,
        "Depreciation Amortization Depletion Income Statement": NaN,
        "Depreciation And Amortization In Income Statement": NaN,
        "Amortization": NaN,
        "Amortization Of Intangibles Income Statement": NaN,
        "Selling General And Administration": NaN,
        "General And Administrative Expense": NaN,
        "Other Gand A": NaN,
        "Insurance And Claims": NaN,
        "Salaries And Wages": NaN,
        "Total Revenue": NaN,
        "Operating Revenue": NaN,
        "Occupancy And Equipment": NaN
    },
    "2022-09-30": {
        "Tax Effect Of Unusual Items": -1026400.0,
        "Tax Rate For Calcs": 0.2566,
        "Total Unusual Items": -4000000.0,
        "Total Unusual Items Excluding Goodwill": -4000000.0,
        "Net Income From Continuing Operation Net Minority Interest": 152000000.0,
        "Reconciled Depreciation": 4000000.0,
        "Net Interest Income": 326000000.0,
        "Interest Expense": 183000000.0,
        "Interest Income": 509000000.0,
        "Normalized Income": 154973600.0,
        "Net Income From Continuing And Discontinued Operation": 152000000.0,
        "Diluted Average Shares": 466094357.0,
        "Basic Average Shares": 465115180.0,
        "Diluted EPS": 0.3,
        "Basic EPS": 0.31,
        "Diluted NI Availto Com Stockholders": 144000000.0,
        "Net Income Common Stockholders": 144000000.0,
        "Otherunder Preferred Stock Dividend": 2000000.0,
        "Preferred Stock Dividends": 8000000.0,
        "Net Income": 152000000.0,
        "Net Income Including Noncontrolling Interests": 152000000.0,
        "Net Income Continuous Operations": 152000000.0,
        "Tax Provision": 53000000.0,
        "Pretax Income": 205000000.0,
        "Special Income Charges": -4000000.0,
        "Restructuring And Mergern Acquisition": 4000000.0,
        "Gain On Sale Of Security": -1000000.0,
        "Depreciation Amortization Depletion Income Statement": NaN,
        "Depreciation And Amortization In Income Statement": NaN,
        "Amortization": NaN,
        "Amortization Of Intangibles Income Statement": NaN,
        "Selling General And Administration": 110000000.0,
        "General And Administrative Expense": 110000000.0,
        "Other Gand A": 31000000.0,
        "Salaries And Wages": 79000000.0,
        "Total Revenue": 343000000.0,
        "Operating Revenue": 343000000.0
    },
    "2022-06-30": {
        "Tax Effect Of Unusual Items": -588800.0,
        "Tax Rate For Calcs": 0.256,
        "Total Unusual Items": -2300000.0,
        "Total Unusual Items Excluding Goodwill": -2300000.0,
        "Net Income From Continuing Operation Net Minority Interest": 171000000.0,
        "Reconciled Depreciation": 4000000.0,
        "Net Interest Income": 359000000.0,
        "Interest Expense": 114000000.0,
        "Interest Income": 473000000.0,
        "Normalized Income": 172711200.0,
        "Net Income From Continuing And Discontinued Operation": 171000000.0,
        "Diluted Average Shares": 466800072.0,
        "Basic Average Shares": 465811096.0,
        "Diluted EPS": 0.34,
        "Basic EPS": 0.34,
        "Diluted NI Availto Com Stockholders": 163000000.0,
        "Net Income Common Stockholders": 163000000.0,
        "Otherunder Preferred Stock Dividend": 2000000.0,
        "Preferred Stock Dividends": 8000000.0,
        "Net Income": 171000000.0,
        "Net Income Including Noncontrolling Interests": 171000000.0,
        "Net Income Continuous Operations": 171000000.0,
        "Tax Provision": 59000000.0,
        "Pretax Income": 230000000.0,
        "Special Income Charges": -2300000.0,
        "Other Special Charges": -1700000.0,
        "Restructuring And Mergern Acquisition": 4000000.0,
        "Gain On Sale Of Security": 0.0,
        "Depreciation Amortization Depletion Income Statement": NaN,
        "Depreciation And Amortization In Income Statement": NaN,
        "Amortization": NaN,
        "Amortization Of Intangibles Income Statement": NaN,
        "Selling General And Administration": 112000000.0,
        "General And Administrative Expense": 112000000.0,
        "Other Gand A": 33000000.0,
        "Salaries And Wages": 79000000.0,
        "Total Revenue": 375300000.0,
        "Operating Revenue": 375300000.0
    },
    "2022-03-31": {
        "Diluted EPS": 0.31,
        "Total Revenue": 443,
        "Gross Profit": 346,
        "Operating Income": 214,
        "EBIT": NaN,
        "Net Income": 145
    },
    "2021-12-31": {
        "Diluted EPS": 0.31,
        "Total Revenue": 436,
        "Gross Profit": 338,
        "Operating Income": 206,
        "EBIT": NaN,
        "Net Income": 135
    },
    "2021-09-30": {
        "Diluted EPS": 0.3,
        "Total Revenue": 430,
        "Gross Profit": 333,
        "Operating Income": 205,
        "EBIT": NaN,
        "Net Income": 140
    },
    "2021-06-30": {
        "Diluted EPS": 0.3,
        "Total Revenue": 447,
        "Gross Profit": 347,
        "Operating Income": 222,
        "EBIT": NaN,
        "Net Income": 144
    },
    "2021-03-31": {
        "Diluted EPS": 0.29,
        "Total Revenue": 437,
        "Gross Profit": 332,
        "Operating Income": 196,
        "EBIT": NaN,
        "Net Income": 137
    },
    "2020-12-31": {
        "Diluted EPS": 0.38,
        "Total Revenue": 441,
        "Gross Profit": 323,
        "Operating Income": 179,
        "EBIT": NaN,
        "Net Income": 177
    },
    "2020-09-30": {
        "Diluted EPS": 0.23,
        "Total Revenue": 432,
        "Gross Profit": 296,
        "Operating Income": 154,
        "EBIT": NaN,
        "Net Income": 106
    },
    "2020-06-30": {
        "Diluted EPS": 0.21,
        "Total Revenue": 438,
        "Gross Profit": 281,
        "Operating Income": 140,
        "EBIT": NaN,
        "Net Income": 97
    },
    "2020-03-31": {
        "Diluted EPS": 0.2,
        "Total Revenue": 458,
        "Gross Profit": 261,
        "Operating Income": 115,
        "EBIT": NaN,
        "Net Income": 92
    },
    "2019-12-31": {
        "Diluted EPS": 0.2,
        "Total Revenue": 468,
        "Gross Profit": 259,
        "Operating Income": 132,
        "EBIT": NaN,
        "Net Income": 89
    },
    "2019-09-30": {
        "Diluted EPS": 0.19,
        "Total Revenue": 479,
        "Gross Profit": 260,
        "Operating Income": 132,
        "EBIT": NaN,
        "Net Income": 91
    },
    "2019-06-30": {
        "Diluted EPS": 0.19,
        "Total Revenue": 471,
        "Gross Profit": 255,
        "Operating Income": 130,
        "EBIT": NaN,
        "Net Income": 89
    },
    "2019-03-31": {
        "Diluted EPS": 0.19,
        "Total Revenue": 471,
        "Gross Profit": 266,
        "Operating Income": 129,
        "EBIT": NaN,
        "Net Income": 89
    },
    "2018-12-31": {
        "Diluted EPS": 0.19,
        "Total Revenue": 466,
        "Gross Profit": 270,
        "Operating Income": 133,
        "EBIT": NaN,
        "Net Income": 89
    },
    "2018-09-30": {
        "Diluted EPS": 0.2,
        "Total Revenue": 448,
        "Gross Profit": 272,
        "Operating Income": 137,
        "EBIT": NaN,
        "Net Income": 99
    },
    "2018-06-30": {
        "Diluted EPS": 0.2,
        "Total Revenue": 440,
        "Gross Profit": 287,
        "Operating Income": 144,
        "EBIT": NaN,
        "Net Income": 99
    },
    "2018-03-31": {
        "Diluted EPS": 0.2,
        "Total Revenue": 427,
        "Gross Profit": 293,
        "Operating Income": 144,
        "EBIT": NaN,
        "Net Income": 98
    },
    "2017-12-31": {
        "Diluted EPS": 0.26,
        "Total Revenue": 416,
        "Gross Profit": 296,
        "Operating Income": 145,
        "EBIT": NaN,
        "Net Income": 128
    },
    "2017-09-30": {
        "Diluted EPS": 0.21,
        "Total Revenue": 503,
        "Gross Profit": 385,
        "Operating Income": 178,
        "EBIT": NaN,
        "Net Income": 102
    },
    "2017-06-30": {
        "Diluted EPS": 0.22,
        "Total Revenue": 450,
        "Gross Profit": 338,
        "Operating Income": 181,
        "EBIT": NaN,
        "Net Income": 107
    },
    "2017-03-31": {
        "Diluted EPS": 0.21,
        "Total Revenue": 431,
        "Gross Profit": 327,
        "Operating Income": 164,
        "EBIT": NaN,
        "Net Income": 104
    },
    "2016-12-31": {
        "Diluted EPS": 0.22,
        "Total Revenue": 448,
        "Gross Profit": 348,
        "Operating Income": 180,
        "EBIT": NaN,
        "Net Income": 115
    },
    "2016-09-30": {
        "Diluted EPS": 0.26,
        "Total Revenue": 457,
        "Gross Profit": 359,
        "Operating Income": 200,
        "EBIT": NaN,
        "Net Income": 125
    },
    "2016-06-30": {
        "Diluted EPS": 0.26,
        "Total Revenue": 457,
        "Gross Profit": 363,
        "Operating Income": 202,
        "EBIT": NaN,
        "Net Income": 126
    },
    "2016-03-31": {
        "Diluted EPS": 0.27,
        "Total Revenue": 459,
        "Gross Profit": 363,
        "Operating Income": 206,
        "EBIT": NaN,
        "Net Income": 129
    },
    "2015-12-31": {
        "Diluted EPS": -0.92,
        "Total Revenue": 484,
        "Gross Profit": -390,
        "Operating Income": -549,
        "EBIT": NaN,
        "Net Income": -402
    },
    "2015-09-30": {
        "Diluted EPS": 0.26,
        "Total Revenue": 454,
        "Gross Profit": 317,
        "Operating Income": 179,
        "EBIT": NaN,
        "Net Income": 114
    },
    "2015-06-30": {
        "Diluted EPS": 0.28,
        "Total Revenue": 484,
        "Gross Profit": 347,
        "Operating Income": 195,
        "EBIT": NaN,
        "Net Income": 123
    },
    "2015-03-31": {
        "Diluted EPS": 0.27,
        "Total Revenue": 481,
        "Gross Profit": 345,
        "Operating Income": 188,
        "EBIT": NaN,
        "Net Income": 118
    },
    "2014-12-31": {
        "Diluted EPS": 0.29,
        "Total Revenue": 493,
        "Gross Profit": 354,
        "Operating Income": 206,
        "EBIT": NaN,
        "Net Income": 130
    },
    "2014-09-30": {
        "Diluted EPS": 0.27,
        "Total Revenue": 468,
        "Gross Profit": 330,
        "Operating Income": 189,
        "EBIT": NaN,
        "Net Income": 119
    },
    "2014-06-30": {
        "Diluted EPS": 0.27,
        "Total Revenue": 470,
        "Gross Profit": 336,
        "Operating Income": 188,
        "EBIT": NaN,
        "Net Income": 118
    },
    "2014-03-31": {
        "Diluted EPS": 0.26,
        "Total Revenue": 453,
        "Gross Profit": 321,
        "Operating Income": 190,
        "EBIT": NaN,
        "Net Income": 114
    },
    "2013-12-31": {
        "Diluted EPS": 0.27,
        "Total Revenue": 470,
        "Gross Profit": 336,
        "Operating Income": 189,
        "EBIT": NaN,
        "Net Income": 118
    },
    "2013-09-30": {
        "Diluted EPS": 0.26,
        "Total Revenue": 478,
        "Gross Profit": 345,
        "Operating Income": 180,
        "EBIT": NaN,
        "Net Income": 113
    },
    "2013-06-30": {
        "Diluted EPS": 0.28,
        "Total Revenue": 490,
        "Gross Profit": 354,
        "Operating Income": 192,
        "EBIT": NaN,
        "Net Income": 123
    },
    "2013-03-31": {
        "Diluted EPS": 0.27,
        "Total Revenue": 488,
        "Gross Profit": 351,
        "Operating Income": 185,
        "EBIT": NaN,
        "Net Income": 119
    },
    "2012-12-31": {
        "Diluted EPS": 0.27,
        "Total Revenue": 502,
        "Gross Profit": 345,
        "Operating Income": 189,
        "EBIT": NaN,
        "Net Income": 118
    },
    "2012-09-30": {
        "Diluted EPS": 0.29,
        "Total Revenue": 524,
        "Gross Profit": 367,
        "Operating Income": 200,
        "EBIT": NaN,
        "Net Income": 129
    },
    "2012-06-30": {
        "Diluted EPS": 0.3,
        "Total Revenue": 553,
        "Gross Profit": 395,
        "Operating Income": 206,
        "EBIT": NaN,
        "Net Income": 131
    },
    "2012-03-31": {
        "Diluted EPS": 0.27,
        "Total Revenue": 509,
        "Gross Profit": 350,
        "Operating Income": 185,
        "EBIT": NaN,
        "Net Income": 118
    },
    "2011-12-31": {
        "Diluted EPS": 0.27,
        "Total Revenue": 525,
        "Gross Profit": 360,
        "Operating Income": 181,
        "EBIT": NaN,
        "Net Income": 116
    },
    "2011-09-30": {
        "Diluted EPS": 0.27,
        "Total Revenue": 520,
        "Gross Profit": 353,
        "Operating Income": 182,
        "EBIT": NaN,
        "Net Income": 119
    },
    "2011-06-30": {
        "Diluted EPS": 0.27,
        "Total Revenue": 528,
        "Gross Profit": 361,
        "Operating Income": 182,
        "EBIT": NaN,
        "Net Income": 119
    },
    "2011-03-31": {
        "Diluted EPS": 0.28,
        "Total Revenue": 530,
        "Gross Profit": 362,
        "Operating Income": 189,
        "EBIT": NaN,
        "Net Income": 123
    },
    "2010-12-31": {
        "Diluted EPS": 0.34,
        "Total Revenue": 584,
        "Gross Profit": 408,
        "Operating Income": 231,
        "EBIT": NaN,
        "Net Income": 150
    },
    "2010-09-30": {
        "Diluted EPS": 0.31,
        "Total Revenue": 575,
        "Gross Profit": 393,
        "Operating Income": 210,
        "EBIT": NaN,
        "Net Income": 136
    },
    "2010-06-30": {
        "Diluted EPS": 0.3,
        "Total Revenue": 556,
        "Gross Profit": 367,
        "Operating Income": 203,
        "EBIT": NaN,
        "Net Income": 131
    },
    "2010-03-31": {
        "Diluted EPS": 0.29,
        "Total Revenue": 537,
        "Gross Profit": 350,
        "Operating Income": 193,
        "EBIT": NaN,
        "Net Income": 124
    },
    "2009-12-31": {
        "Diluted EPS": 0.43,
        "Total Revenue": 568,
        "Gross Profit": 393,
        "Operating Income": 248,
        "EBIT": NaN,
        "Net Income": 155
    },
    "2009-09-30": {
        "Diluted EPS": 0.28,
        "Total Revenue": 418,
        "Gross Profit": 241,
        "Operating Income": 131,
        "EBIT": NaN,
        "Net Income": 99
    },
    "2009-06-30": {
        "Diluted EPS": 0.16,
        "Total Revenue": 384,
        "Gross Profit": 200,
        "Operating Income": 80,
        "EBIT": NaN,
        "Net Income": 56
    },
    "2009-03-31": {
        "Diluted EPS": 0.26,
        "Total Revenue": 422,
        "Gross Profit": 229,
        "Operating Income": 133,
        "EBIT": NaN,
        "Net Income": 89
    },
    "2023-09-30": {
        "Tax Effect Of Unusual Items": -20657000.0,
        "Tax Rate For Calcs": 0.227,
        "Total Unusual Items": -91000000.0,
        "Total Unusual Items Excluding Goodwill": -91000000.0,
        "Net Income From Continuing Operation Net Minority Interest": 207000000.0,
        "Reconciled Depreciation": 47000000.0,
        "Net Interest Income": 882000000.0,
        "Interest Expense": 630000000.0,
        "Interest Income": 1512000000.0,
        "Normalized Income": 277343000.0,
        "Net Income From Continuing And Discontinued Operation": 207000000.0,
        "Diluted Average Shares": 241637629.0,
        "Basic Average Shares": 240828836.0,
        "Diluted EPS": 0.81,
        "Basic EPS": 0.81,
        "Diluted NI Availto Com Stockholders": 197000000.0,
        "Net Income Common Stockholders": 197000000.0,
        "Otherunder Preferred Stock Dividend": 2000000.0,
        "Preferred Stock Dividends": 8000000.0,
        "Net Income": 207000000.0,
        "Net Income Including Noncontrolling Interests": 207000000.0,
        "Net Income Continuous Operations": 207000000.0,
        "Tax Provision": 61000000.0,
        "Pretax Income": 268000000.0,
        "Special Income Charges": -91000000.0,
        "Impairment Of Capital Assets": NaN,
        "Restructuring And Mergern Acquisition": 91000000.0,
        "Gain On Sale Of Security": 0.0,
        "Depreciation Amortization Depletion Income Statement": 36000000.0,
        "Depreciation And Amortization In Income Statement": 36000000.0,
        "Amortization": 36000000.0,
        "Amortization Of Intangibles Income Statement": 36000000.0,
        "Selling General And Administration": 530000000.0,
        "General And Administrative Expense": 530000000.0,
        "Other Gand A": 184000000.0,
        "Insurance And Claims": NaN,
        "Salaries And Wages": 346000000.0,
        "Total Revenue": 1042000000.0,
        "Operating Revenue": 1042000000.0,
        "Occupancy And Equipment": 55000000.0
    },
    "2023-12-31": {
        "Tax Effect Of Unusual Items": -101344692.935747,
        "Tax Rate For Calcs": 0.039759,
        "Total Unusual Items": -2549000000.0,
        "Total Unusual Items Excluding Goodwill": -2549000000.0,
        "Net Income From Continuing Operation Net Minority Interest": -2705000000.0,
        "Reconciled Depreciation": 46000000.0,
        "Net Interest Income": 740000000.0,
        "Interest Expense": 707000000.0,
        "Interest Income": 1447000000.0,
        "Normalized Income": -257344692.935747,
        "Net Income From Continuing And Discontinued Operation": -2705000000.0,
        "Diluted Average Shares": 240808047.0,
        "Basic Average Shares": 240808047.0,
        "Diluted EPS": -1.08,
        "Basic EPS": -1.08,
        "Diluted NI Availto Com Stockholders": -2691000000.0,
        "Net Income Common Stockholders": -2691000000.0,
        "Otherunder Preferred Stock Dividend": -22000000.0,
        "Preferred Stock Dividends": 8000000.0,
        "Net Income": -2705000000.0,
        "Net Income Including Noncontrolling Interests": -2705000000.0,
        "Net Income Continuous Operations": -2705000000.0,
        "Tax Provision": -112000000.0,
        "Pretax Income": -2817000000.0,
        "Special Income Charges": -2549000000.0,
        "Impairment Of Capital Assets": NaN,
        "Restructuring And Mergern Acquisition": 74000000.0,
        "Gain On Sale Of Security": 0.0,
        "Depreciation Amortization Depletion Income Statement": 36000000.0,
        "Depreciation And Amortization In Income Statement": 36000000.0,
        "Amortization": 36000000.0,
        "Amortization Of Intangibles Income Statement": 36000000.0,
        "Selling General And Administration": 549000000.0,
        "General And Administrative Expense": 549000000.0,
        "Other Gand A": 254000000.0,
        "Insurance And Claims": NaN,
        "Salaries And Wages": 295000000.0,
        "Total Revenue": 878000000.0,
        "Operating Revenue": 878000000.0,
        "Occupancy And Equipment": 58000000.0
    },
    "2024-03-31": {
        "Tax Effect Of Unusual Items": -23452000.0,
        "Tax Rate For Calcs": 0.143,
        "Total Unusual Items": -164000000.0,
        "Total Unusual Items Excluding Goodwill": -164000000.0,
        "Net Income From Continuing Operation Net Minority Interest": -327000000.0,
        "Reconciled Depreciation": 46000000.0,
        "Net Interest Income": 624000000.0,
        "Interest Expense": 889000000.0,
        "Interest Income": 1513000000.0,
        "Normalized Income": -186452000.0,
        "Net Income From Continuing And Discontinued Operation": -327000000.0,
        "Diluted Average Shares": 246682592.0,
        "Basic Average Shares": 246682592.0,
        "Diluted EPS": -1.35,
        "Basic EPS": -1.35,
        "Diluted NI Availto Com Stockholders": -335000000.0,
        "Net Income Common Stockholders": -335000000.0,
        "Otherunder Preferred Stock Dividend": NaN,
        "Preferred Stock Dividends": 8000000.0,
        "Net Income": -327000000.0,
        "Net Income Including Noncontrolling Interests": -327000000.0,
        "Net Income Continuous Operations": -327000000.0,
        "Tax Provision": -54000000.0,
        "Pretax Income": -381000000.0,
        "Special Income Charges": -164000000.0,
        "Impairment Of Capital Assets": 0.0,
        "Restructuring And Mergern Acquisition": 164000000.0,
        "Gain On Sale Of Security": NaN,
        "Depreciation Amortization Depletion Income Statement": 35000000.0,
        "Depreciation And Amortization In Income Statement": 35000000.0,
        "Amortization": 35000000.0,
        "Amortization Of Intangibles Income Statement": 35000000.0,
        "Selling General And Administration": 569000000.0,
        "General And Administrative Expense": 569000000.0,
        "Other Gand A": 236000000.0,
        "Insurance And Claims": NaN,
        "Salaries And Wages": 333000000.0,
        "Total Revenue": 754000000.0,
        "Operating Revenue": 754000000.0,
        "Occupancy And Equipment": 52000000.0
    },
    "2024-06-30": {
        "Tax Effect Of Unusual Items": -8099056.603774,
        "Tax Rate For Calcs": 0.238208,
        "Total Unusual Items": -34000000.0,
        "Total Unusual Items Excluding Goodwill": -34000000.0,
        "Net Income From Continuing Operation Net Minority Interest": -323000000.0,
        "Reconciled Depreciation": 44000000.0,
        "Net Interest Income": 557000000.0,
        "Interest Expense": 991000000.0,
        "Interest Income": 1548000000.0,
        "Normalized Income": -297099056.603774,
        "Net Income From Continuing And Discontinued Operation": -323000000.0,
        "Diluted Average Shares": 293122116.0,
        "Basic Average Shares": 293122116.0,
        "Diluted EPS": -1.14,
        "Basic EPS": -1.14,
        "Diluted NI Availto Com Stockholders": -333000000.0,
        "Net Income Common Stockholders": -333000000.0,
        "Otherunder Preferred Stock Dividend": NaN,
        "Preferred Stock Dividends": 10000000.0,
        "Net Income": -323000000.0,
        "Net Income Including Noncontrolling Interests": -323000000.0,
        "Net Income Continuous Operations": -323000000.0,
        "Tax Provision": -101000000.0,
        "Pretax Income": -424000000.0,
        "Special Income Charges": -34000000.0,
        "Impairment Of Capital Assets": NaN,
        "Restructuring And Mergern Acquisition": 34000000.0,
        "Gain On Sale Of Security": 0.0,
        "Depreciation Amortization Depletion Income Statement": 33000000.0,
        "Depreciation And Amortization In Income Statement": 33000000.0,
        "Amortization": 33000000.0,
        "Amortization Of Intangibles Income Statement": 33000000.0,
        "Selling General And Administration": 586000000.0,
        "General And Administrative Expense": 586000000.0,
        "Other Gand A": 183000000.0,
        "Insurance And Claims": 91000000.0,
        "Salaries And Wages": 312000000.0,
        "Total Revenue": 671000000.0,
        "Operating Revenue": 671000000.0,
        "Occupancy And Equipment": 52000000.0
    }
}