{
    "2023-03-31": {
        "Tax Effect Of Unusual Items": 0.0,
        "Tax Rate For Calcs": 0.297,
        "Normalized EBITDA": 55336000.0,
        "Total Unusual Items": 0.0,
        "Total Unusual Items Excluding Goodwill": 0.0,
        "Net Income From Continuing Operation Net Minority Interest": 22321000.0,
        "Reconciled Depreciation": 23330000.0,
        "Reconciled Cost Of Revenue": 304362000.0,
        "EBITDA": 55336000.0,
        "EBIT": 32006000.0,
        "Net Interest Income": 3173000.0,
        "Interest Expense": 248000.0,
        "Interest Income": 3421000.0,
        "Normalized Income": 22321000.0,
        "Net Income From Continuing And Discontinued Operation": 22321000.0,
        "Total Expenses": 532839000.0,
        "Total Operating Income As Reported": 27900000.0,
        "Diluted Average Shares": 165398000.0,
        "Basic Average Shares": 164975000.0,
        "Diluted EPS": 0.13,
        "Basic EPS": 0.14,
        "Diluted NI Availto Com Stockholders": 22321000.0,
        "Net Income Common Stockholders": 22321000.0,
        "Net Income": 22321000.0,
        "Net Income Including Noncontrolling Interests": 22321000.0,
        "Net Income Continuous Operations": 22321000.0,
        "Tax Provision": 9437000.0,
        "Pretax Income": 31758000.0,
        "Other Income Expense": 685000.0,
        "Other Non Operating Income Expenses": 685000.0,
        "Special Income Charges": 0.0,
        "Gain On Sale Of Ppe": NaN,
        "Other Special Charges": NaN,
        "Impairment Of Capital Assets": NaN,
        "Restructuring And Mergern Acquisition": 0.0,
        "Earnings From Equity Interest": NaN,
        "Net Non Operating Interest Income Expense": 3173000.0,
        "Interest Expense Non Operating": 248000.0,
        "Interest Income Non Operating": 3421000.0,
        "Operating Income": 27900000.0,
        "Operating Expense": 225987000.0,
        "Other Operating Expenses": NaN,
        "Depreciation Amortization Depletion Income Statement": 20840000.0,
        "Depreciation And Amortization In Income Statement": 20840000.0,
        "Research And Development": 57062000.0,
        "Selling General And Administration": 148085000.0,
        "Selling And Marketing Expense": 67034000.0,
        "General And Administrative Expense": 81051000.0,
        "Other Gand A": 81051000.0,
        "Salaries And Wages": NaN,
        "Gross Profit": 253887000.0,
        "Cost Of Revenue": 306852000.0,
        "Total Revenue": 560739000.0,
        "Operating Revenue": 503783000.0
    },
    "2022-12-31": {
        "Tax Effect Of Unusual Items": NaN,
        "Tax Rate For Calcs": NaN,
        "Normalized EBITDA": NaN,
        "Total Unusual Items": NaN,
        "Total Unusual Items Excluding Goodwill": NaN,
        "Net Income From Continuing Operation Net Minority Interest": NaN,
        "Reconciled Depreciation": NaN,
        "Reconciled Cost Of Revenue": NaN,
        "EBITDA": NaN,
        "EBIT": NaN,
        "Net Interest Income": NaN,
        "Interest Expense": NaN,
        "Interest Income": NaN,
        "Normalized Income": NaN,
        "Net Income From Continuing And Discontinued Operation": NaN,
        "Total Expenses": NaN,
        "Total Operating Income As Reported": NaN,
        "Diluted Average Shares": NaN,
        "Basic Average Shares": NaN,
        "Diluted EPS": NaN,
        "Basic EPS": NaN,
        "Diluted NI Availto Com Stockholders": NaN,
        "Net Income Common Stockholders": NaN,
        "Net Income": NaN,
        "Net Income Including Noncontrolling Interests": NaN,
        "Net Income Continuous Operations": NaN,
        "Tax Provision": NaN,
        "Pretax Income": NaN,
        "Other Income Expense": NaN,
        "Other Non Operating Income Expenses": NaN,
        "Special Income Charges": NaN,
        "Gain On Sale Of Ppe": 0.0,
        "Other Special Charges": NaN,
        "Impairment Of Capital Assets": NaN,
        "Restructuring And Mergern Acquisition": 0.0,
        "Earnings From Equity Interest": NaN,
        "Net Non Operating Interest Income Expense": NaN,
        "Interest Expense Non Operating": NaN,
        "Interest Income Non Operating": NaN,
        "Operating Income": NaN,
        "Operating Expense": NaN,
        "Other Operating Expenses": NaN,
        "Depreciation Amortization Depletion Income Statement": NaN,
        "Depreciation And Amortization In Income Statement": NaN,
        "Research And Development": NaN,
        "Selling General And Administration": NaN,
        "Selling And Marketing Expense": NaN,
        "General And Administrative Expense": NaN,
        "Other Gand A": NaN,
        "Salaries And Wages": NaN,
        "Gross Profit": NaN,
        "Cost Of Revenue": NaN,
        "Total Revenue": NaN,
        "Operating Revenue": NaN
    },
    "2022-09-30": {
        "Tax Effect Of Unusual Items": NaN,
        "Tax Rate For Calcs": NaN,
        "Normalized EBITDA": NaN,
        "Total Unusual Items": NaN,
        "Total Unusual Items Excluding Goodwill": NaN,
        "Net Income From Continuing Operation Net Minority Interest": NaN,
        "Reconciled Depreciation": NaN,
        "Reconciled Cost Of Revenue": NaN,
        "EBITDA": NaN,
        "EBIT": NaN,
        "Net Interest Income": NaN,
        "Interest Expense": NaN,
        "Interest Income": NaN,
        "Normalized Income": NaN,
        "Net Income From Continuing And Discontinued Operation": NaN,
        "Total Expenses": NaN,
        "Total Operating Income As Reported": NaN,
        "Diluted Average Shares": NaN,
        "Basic Average Shares": NaN,
        "Diluted EPS": NaN,
        "Basic EPS": NaN,
        "Diluted NI Availto Com Stockholders": NaN,
        "Net Income Common Stockholders": NaN,
        "Net Income": NaN,
        "Net Income Including Noncontrolling Interests": NaN,
        "Net Income Continuous Operations": NaN,
        "Tax Provision": NaN,
        "Pretax Income": NaN,
        "Other Income Expense": NaN,
        "Other Non Operating Income Expenses": NaN,
        "Special Income Charges": NaN,
        "Gain On Sale Of Ppe": 0.0,
        "Other Special Charges": -7127000.0,
        "Impairment Of Capital Assets": 0.0,
        "Restructuring And Mergern Acquisition": NaN,
        "Earnings From Equity Interest": 0.0,
        "Net Non Operating Interest Income Expense": NaN,
        "Interest Expense Non Operating": NaN,
        "Interest Income Non Operating": NaN,
        "Operating Income": NaN,
        "Operating Expense": NaN,
        "Other Operating Expenses": -7127000.0,
        "Depreciation Amortization Depletion Income Statement": NaN,
        "Depreciation And Amortization In Income Statement": NaN,
        "Research And Development": NaN,
        "Selling General And Administration": NaN,
        "Selling And Marketing Expense": NaN,
        "General And Administrative Expense": NaN,
        "Other Gand A": NaN,
        "Salaries And Wages": -7127000.0,
        "Gross Profit": NaN,
        "Cost Of Revenue": NaN,
        "Total Revenue": NaN,
        "Operating Revenue": NaN
    },
    "2022-06-30": {
        "Tax Effect Of Unusual Items": 9549333.0,
        "Tax Rate For Calcs": 0.279,
        "Normalized EBITDA": 72276000.0,
        "Total Unusual Items": 34227000.0,
        "Total Unusual Items Excluding Goodwill": 34227000.0,
        "Net Income From Continuing Operation Net Minority Interest": 61777000.0,
        "Reconciled Depreciation": 20284000.0,
        "Reconciled Cost Of Revenue": 301003000.0,
        "EBITDA": 106503000.0,
        "EBIT": 85799000.0,
        "Net Interest Income": 1377000.0,
        "Interest Expense": 158000.0,
        "Interest Income": 1535000.0,
        "Normalized Income": 37099333.0,
        "Net Income From Continuing And Discontinued Operation": 61777000.0,
        "Total Expenses": 504019000.0,
        "Total Operating Income As Reported": 51661000.0,
        "Diluted Average Shares": 167636000.0,
        "Basic Average Shares": 167636000.0,
        "Diluted EPS": 0.37,
        "Basic EPS": 0.37,
        "Diluted NI Availto Com Stockholders": 61777000.0,
        "Net Income Common Stockholders": 61777000.0,
        "Net Income": 61777000.0,
        "Net Income Including Noncontrolling Interests": 61777000.0,
        "Net Income Continuous Operations": 61777000.0,
        "Tax Provision": 23864000.0,
        "Pretax Income": 85641000.0,
        "Other Income Expense": 32603000.0,
        "Other Non Operating Income Expenses": -1624000.0,
        "Special Income Charges": 34227000.0,
        "Gain On Sale Of Ppe": 34227000.0,
        "Other Special Charges": NaN,
        "Write Off": NaN,
        "Impairment Of Capital Assets": NaN,
        "Restructuring And Mergern Acquisition": 0.0,
        "Earnings From Equity Interest": NaN,
        "Net Non Operating Interest Income Expense": 1377000.0,
        "Total Other Finance Cost": NaN,
        "Interest Expense Non Operating": 158000.0,
        "Interest Income Non Operating": 1535000.0,
        "Operating Income": 51661000.0,
        "Operating Expense": 203436000.0,
        "Depreciation Amortization Depletion Income Statement": 20704000.0,
        "Depreciation And Amortization In Income Statement": 20704000.0,
        "Research And Development": 50822000.0,
        "Selling General And Administration": 131910000.0,
        "Selling And Marketing Expense": 62769000.0,
        "General And Administrative Expense": 69141000.0,
        "Other Gand A": 69141000.0,
        "Gross Profit": 255097000.0,
        "Cost Of Revenue": 300583000.0,
        "Total Revenue": 555680000.0,
        "Operating Revenue": 500998000.0
    },
    "2022-03-31": {
        "Diluted EPS": 0.03,
        "Total Revenue": 537,
        "Gross Profit": 256,
        "Operating Income": 6,
        "EBIT": 30,
        "Net Income": 5
    },
    "2021-12-31": {
        "Diluted EPS": 0.43,
        "Total Revenue": 594,
        "Gross Profit": 314,
        "Operating Income": 94,
        "EBIT": 111,
        "Net Income": 70
    },
    "2021-09-30": {
        "Diluted EPS": 0.32,
        "Total Revenue": 509,
        "Gross Profit": 252,
        "Operating Income": 49,
        "EBIT": 66,
        "Net Income": 55
    },
    "2021-06-30": {
        "Diluted EPS": 0.32,
        "Total Revenue": 498,
        "Gross Profit": 247,
        "Operating Income": 73,
        "EBIT": 90,
        "Net Income": 54
    },
    "2021-03-31": {
        "Diluted EPS": 0.24,
        "Total Revenue": 473,
        "Gross Profit": 222,
        "Operating Income": 52,
        "EBIT": 69,
        "Net Income": 41
    },
    "2020-12-31": {
        "Diluted EPS": 0.06,
        "Total Revenue": 509,
        "Gross Profit": 259,
        "Operating Income": 81,
        "EBIT": 98,
        "Net Income": 10
    },
    "2020-09-30": {
        "Diluted EPS": 0.2,
        "Total Revenue": 427,
        "Gross Profit": 191,
        "Operating Income": 40,
        "EBIT": 57,
        "Net Income": 34
    },
    "2020-06-30": {
        "Diluted EPS": 0.14,
        "Total Revenue": 404,
        "Gross Profit": 174,
        "Operating Income": 29,
        "EBIT": 47,
        "Net Income": 24
    },
    "2020-03-31": {
        "Diluted EPS": 0.2,
        "Total Revenue": 444,
        "Gross Profit": 200,
        "Operating Income": 27,
        "EBIT": 45,
        "Net Income": 33
    },
    "2019-12-31": {
        "Diluted EPS": 0.4,
        "Total Revenue": 508,
        "Gross Profit": 250,
        "Operating Income": 78,
        "EBIT": 95,
        "Net Income": 68
    },
    "2019-09-30": {
        "Diluted EPS": 0.1,
        "Total Revenue": 429,
        "Gross Profit": 183,
        "Operating Income": 25,
        "EBIT": 42,
        "Net Income": 16
    },
    "2019-06-30": {
        "Diluted EPS": 0.15,
        "Total Revenue": 436,
        "Gross Profit": 191,
        "Operating Income": 38,
        "EBIT": 55,
        "Net Income": 25
    },
    "2019-03-31": {
        "Diluted EPS": 0.18,
        "Total Revenue": 439,
        "Gross Profit": 200,
        "Operating Income": 35,
        "EBIT": 51,
        "Net Income": 30
    },
    "2018-12-31": {
        "Diluted EPS": 0.33,
        "Total Revenue": 503,
        "Gross Profit": -252,
        "Operating Income": 75,
        "EBIT": 90,
        "Net Income": 55
    },
    "2018-09-30": {
        "Diluted EPS": 0.15,
        "Total Revenue": 417,
        "Gross Profit": 350,
        "Operating Income": 41,
        "EBIT": 56,
        "Net Income": 25
    },
    "2018-06-30": {
        "Diluted EPS": 0.14,
        "Total Revenue": 415,
        "Gross Profit": 351,
        "Operating Income": 40,
        "EBIT": 54,
        "Net Income": 24
    },
    "2018-03-31": {
        "Diluted EPS": 0.13,
        "Total Revenue": 414,
        "Gross Profit": 352,
        "Operating Income": 34,
        "EBIT": 49,
        "Net Income": 22
    },
    "2017-12-31": {
        "Diluted EPS": -0.34,
        "Total Revenue": 484,
        "Gross Profit": 415,
        "Operating Income": 90,
        "EBIT": 105,
        "Net Income": -57
    },
    "2017-09-30": {
        "Diluted EPS": 0.2,
        "Total Revenue": 386,
        "Gross Profit": 326,
        "Operating Income": 32,
        "EBIT": 47,
        "Net Income": 32
    },
    "2017-06-30": {
        "Diluted EPS": 0.09,
        "Total Revenue": 407,
        "Gross Profit": 346,
        "Operating Income": 26,
        "EBIT": 42,
        "Net Income": 16
    },
    "2017-03-31": {
        "Diluted EPS": 0.08,
        "Total Revenue": 399,
        "Gross Profit": 337,
        "Operating Income": 28,
        "EBIT": 44,
        "Net Income": 13
    },
    "2016-12-31": {
        "Diluted EPS": 0.23,
        "Total Revenue": 440,
        "Gross Profit": 368,
        "Operating Income": 67,
        "EBIT": 82,
        "Net Income": 37
    },
    "2016-09-30": {
        "Diluted EPS": 0.0,
        "Total Revenue": 364,
        "Gross Profit": 298,
        "Operating Income": 9,
        "EBIT": 24,
        "Net Income": 0
    },
    "2016-06-30": {
        "Diluted EPS": 0.0,
        "Total Revenue": 373,
        "Gross Profit": 311,
        "Operating Income": 9,
        "EBIT": 24,
        "Net Income": 0
    },
    "2016-03-31": {
        "Diluted EPS": -0.05,
        "Total Revenue": 380,
        "Gross Profit": 314,
        "Operating Income": 28,
        "EBIT": 43,
        "Net Income": -8
    },
    "2015-12-31": {
        "Diluted EPS": 0.31,
        "Total Revenue": 445,
        "Gross Profit": 374,
        "Operating Income": 88,
        "EBIT": 103,
        "Net Income": 52
    },
    "2015-09-30": {
        "Diluted EPS": 0.06,
        "Total Revenue": 367,
        "Gross Profit": 304,
        "Operating Income": 22,
        "EBIT": 37,
        "Net Income": 9
    },
    "2015-06-30": {
        "Diluted EPS": 0.1,
        "Total Revenue": 383,
        "Gross Profit": 319,
        "Operating Income": 38,
        "EBIT": 54,
        "Net Income": 16
    },
    "2015-03-31": {
        "Diluted EPS": -0.09,
        "Total Revenue": 384,
        "Gross Profit": 318,
        "Operating Income": -11,
        "EBIT": 4,
        "Net Income": -14
    },
    "2014-12-31": {
        "Diluted EPS": 0.21,
        "Total Revenue": 445,
        "Gross Profit": 369,
        "Operating Income": 62,
        "EBIT": 83,
        "Net Income": 35
    },
    "2014-09-30": {
        "Diluted EPS": -0.08,
        "Total Revenue": 365,
        "Gross Profit": 294,
        "Operating Income": -9,
        "EBIT": 10,
        "Net Income": -12
    },
    "2014-06-30": {
        "Diluted EPS": 0.06,
        "Total Revenue": 389,
        "Gross Profit": 319,
        "Operating Income": 16,
        "EBIT": 36,
        "Net Income": 9
    },
    "2014-03-31": {
        "Diluted EPS": 0.01,
        "Total Revenue": 390,
        "Gross Profit": 320,
        "Operating Income": 22,
        "EBIT": 42,
        "Net Income": 2
    },
    "2013-12-31": {
        "Diluted EPS": 0.42,
        "Total Revenue": 444,
        "Gross Profit": 364,
        "Operating Income": 69,
        "EBIT": 90,
        "Net Income": 66
    },
    "2013-09-30": {
        "Diluted EPS": -0.16,
        "Total Revenue": 362,
        "Gross Profit": 292,
        "Operating Income": 13,
        "EBIT": 34,
        "Net Income": -24
    },
    "2013-06-30": {
        "Diluted EPS": 0.13,
        "Total Revenue": 391,
        "Gross Profit": 319,
        "Operating Income": 46,
        "EBIT": 68,
        "Net Income": 20
    },
    "2013-03-31": {
        "Diluted EPS": 0.02,
        "Total Revenue": 381,
        "Gross Profit": 307,
        "Operating Income": 28,
        "EBIT": 50,
        "Net Income": 4
    },
    "2012-12-31": {
        "Diluted EPS": 1.18,
        "Total Revenue": 275,
        "Gross Profit": 221,
        "Operating Income": 38,
        "EBIT": 59,
        "Net Income": 179
    },
    "2012-09-30": {
        "Diluted EPS": 0.02,
        "Total Revenue": 355,
        "Gross Profit": 279,
        "Operating Income": 9,
        "EBIT": 34,
        "Net Income": 3
    },
    "2012-06-30": {
        "Diluted EPS": -0.59,
        "Total Revenue": 490,
        "Gross Profit": 394,
        "Operating Income": 44,
        "EBIT": 69,
        "Net Income": -88
    },
    "2012-03-31": {
        "Diluted EPS": 0.28,
        "Total Revenue": 475,
        "Gross Profit": 381,
        "Operating Income": 13,
        "EBIT": 45,
        "Net Income": 42
    },
    "2011-12-31": {
        "Diluted EPS": 0.39,
        "Total Revenue": 643,
        "Gross Profit": 618,
        "Operating Income": 107,
        "EBIT": 136,
        "Net Income": 59
    },
    "2011-09-30": {
        "Diluted EPS": 0.1,
        "Total Revenue": 452,
        "Gross Profit": 357,
        "Operating Income": 21,
        "EBIT": 50,
        "Net Income": 16
    },
    "2011-06-30": {
        "Diluted EPS": -0.81,
        "Total Revenue": 512,
        "Gross Profit": 410,
        "Operating Income": 31,
        "EBIT": 61,
        "Net Income": -120
    },
    "2011-03-31": {
        "Diluted EPS": 0.04,
        "Total Revenue": 501,
        "Gross Profit": 398,
        "Operating Income": 26,
        "EBIT": 55,
        "Net Income": 5
    },
    "2010-12-31": {
        "Diluted EPS": 0.44,
        "Total Revenue": 662,
        "Gross Profit": 615,
        "Operating Income": 112,
        "EBIT": 142,
        "Net Income": 67
    },
    "2010-09-30": {
        "Diluted EPS": -0.03,
        "Total Revenue": 554,
        "Gross Profit": 441,
        "Operating Income": 9,
        "EBIT": 39,
        "Net Income": -4
    },
    "2010-06-30": {
        "Diluted EPS": 0.21,
        "Total Revenue": 590,
        "Gross Profit": 477,
        "Operating Income": 61,
        "EBIT": 91,
        "Net Income": 32
    },
    "2010-03-31": {
        "Diluted EPS": 0.08,
        "Total Revenue": 588,
        "Gross Profit": 476,
        "Operating Income": 53,
        "EBIT": 83,
        "Net Income": 13
    },
    "2009-12-31": {
        "Diluted EPS": 0.64,
        "Total Revenue": 681,
        "Gross Profit": 564,
        "Operating Income": 136,
        "EBIT": 167,
        "Net Income": 91
    },
    "2009-09-30": {
        "Diluted EPS": -0.25,
        "Total Revenue": 569,
        "Gross Profit": 458,
        "Operating Income": -24,
        "EBIT": 8,
        "Net Income": -36
    },
    "2009-06-30": {
        "Diluted EPS": 0.27,
        "Total Revenue": 583,
        "Gross Profit": 460,
        "Operating Income": 23,
        "EBIT": 58,
        "Net Income": 39
    },
    "2009-03-31": {
        "Diluted EPS": -0.52,
        "Total Revenue": 607,
        "Gross Profit": 463,
        "Operating Income": -62,
        "EBIT": -25,
        "Net Income": -74
    },
    "2023-06-30": {
        "Tax Effect Of Unusual Items": -3005696.0,
        "Tax Rate For Calcs": 0.236,
        "Normalized EBITDA": 98306000.0,
        "Total Unusual Items": -12736000.0,
        "Total Unusual Items Excluding Goodwill": -12736000.0,
        "Net Income From Continuing Operation Net Minority Interest": 46574000.0,
        "Reconciled Depreciation": 24357000.0,
        "Reconciled Cost Of Revenue": 307424000.0,
        "EBITDA": 85570000.0,
        "EBIT": 61213000.0,
        "Net Interest Income": 4517000.0,
        "Interest Expense": 237000.0,
        "Interest Income": 4754000.0,
        "Normalized Income": 56304304.0,
        "Net Income From Continuing And Discontinued Operation": 46574000.0,
        "Total Expenses": 522342000.0,
        "Total Operating Income As Reported": 55775000.0,
        "Diluted Average Shares": 165037000.0,
        "Basic Average Shares": 164714000.0,
        "Diluted EPS": 0.28,
        "Basic EPS": 0.28,
        "Diluted NI Availto Com Stockholders": 46574000.0,
        "Net Income Common Stockholders": 46574000.0,
        "Net Income": 46574000.0,
        "Net Income Including Noncontrolling Interests": 46574000.0,
        "Net Income Continuous Operations": 46574000.0,
        "Tax Provision": 14402000.0,
        "Pretax Income": 60976000.0,
        "Other Income Expense": -12052000.0,
        "Other Non Operating Income Expenses": 684000.0,
        "Special Income Charges": -12736000.0,
        "Gain On Sale Of Ppe": 0.0,
        "Other Special Charges": NaN,
        "Impairment Of Capital Assets": 12736000.0,
        "Restructuring And Mergern Acquisition": 0.0,
        "Earnings From Equity Interest": NaN,
        "Net Non Operating Interest Income Expense": 4517000.0,
        "Interest Expense Non Operating": 237000.0,
        "Interest Income Non Operating": 4754000.0,
        "Operating Income": 68511000.0,
        "Operating Expense": 212419000.0,
        "Other Operating Expenses": NaN,
        "Depreciation Amortization Depletion Income Statement": 21858000.0,
        "Depreciation And Amortization In Income Statement": 21858000.0,
        "Research And Development": 56047000.0,
        "Selling General And Administration": 134514000.0,
        "Selling And Marketing Expense": 62241000.0,
        "General And Administrative Expense": 72273000.0,
        "Other Gand A": 72273000.0,
        "Salaries And Wages": NaN,
        "Gross Profit": 280930000.0,
        "Cost Of Revenue": 309923000.0,
        "Total Revenue": 590853000.0,
        "Operating Revenue": 527360000.0
    },
    "2023-09-30": {
        "Tax Effect Of Unusual Items": -585702.0,
        "Tax Rate For Calcs": 0.234,
        "Normalized EBITDA": 96440000.0,
        "Total Unusual Items": -2503000.0,
        "Total Unusual Items Excluding Goodwill": -2503000.0,
        "Net Income From Continuing Operation Net Minority Interest": 53615000.0,
        "Reconciled Depreciation": 23670000.0,
        "Reconciled Cost Of Revenue": 308940000.0,
        "EBITDA": 93937000.0,
        "EBIT": 70267000.0,
        "Net Interest Income": 5736000.0,
        "Interest Expense": 280000.0,
        "Interest Income": 6016000.0,
        "Normalized Income": 55532298.0,
        "Net Income From Continuing And Discontinued Operation": 53615000.0,
        "Total Expenses": 532275000.0,
        "Total Operating Income As Reported": 63567000.0,
        "Diluted Average Shares": 165406000.0,
        "Basic Average Shares": 164568000.0,
        "Diluted EPS": 0.32,
        "Basic EPS": 0.33,
        "Diluted NI Availto Com Stockholders": 53615000.0,
        "Net Income Common Stockholders": 53615000.0,
        "Net Income": 53615000.0,
        "Net Income Including Noncontrolling Interests": 53615000.0,
        "Net Income Continuous Operations": 53615000.0,
        "Tax Provision": 16372000.0,
        "Pretax Income": 69987000.0,
        "Other Income Expense": -1819000.0,
        "Other Non Operating Income Expenses": 684000.0,
        "Special Income Charges": -2503000.0,
        "Gain On Sale Of Ppe": 0.0,
        "Other Special Charges": NaN,
        "Impairment Of Capital Assets": 2503000.0,
        "Restructuring And Mergern Acquisition": 0.0,
        "Earnings From Equity Interest": NaN,
        "Net Non Operating Interest Income Expense": 5736000.0,
        "Interest Expense Non Operating": 280000.0,
        "Interest Income Non Operating": 6016000.0,
        "Operating Income": 66070000.0,
        "Operating Expense": 221140000.0,
        "Other Operating Expenses": -2273000.0,
        "Depreciation Amortization Depletion Income Statement": 21475000.0,
        "Depreciation And Amortization In Income Statement": 21475000.0,
        "Research And Development": 57433000.0,
        "Selling General And Administration": 142232000.0,
        "Selling And Marketing Expense": 62635000.0,
        "General And Administrative Expense": 79597000.0,
        "Other Gand A": 81870000.0,
        "Salaries And Wages": -2273000.0,
        "Gross Profit": 287210000.0,
        "Cost Of Revenue": 311135000.0,
        "Total Revenue": 598345000.0,
        "Operating Revenue": 535690000.0
    },
    "2023-12-31": {
        "Tax Effect Of Unusual Items": 524649.309701,
        "Tax Rate For Calcs": 0.211808,
        "Normalized EBITDA": 161638000.0,
        "Total Unusual Items": 2477000.0,
        "Total Unusual Items Excluding Goodwill": 2477000.0,
        "Net Income From Continuing Operation Net Minority Interest": 109877000.0,
        "Reconciled Depreciation": 23990000.0,
        "Reconciled Cost Of Revenue": 319103000.0,
        "EBITDA": 164115000.0,
        "EBIT": 140125000.0,
        "Net Interest Income": 7676000.0,
        "Interest Expense": 258000.0,
        "Interest Income": 7934000.0,
        "Normalized Income": 107924649.309701,
        "Net Income From Continuing And Discontinued Operation": 109877000.0,
        "Total Expenses": 547790000.0,
        "Total Operating Income As Reported": 129030000.0,
        "Diluted Average Shares": 165851000.0,
        "Basic Average Shares": 164625000.0,
        "Diluted EPS": 0.66,
        "Basic EPS": 0.67,
        "Diluted NI Availto Com Stockholders": 109877000.0,
        "Net Income Common Stockholders": 109877000.0,
        "Net Income": 109877000.0,
        "Net Income Including Noncontrolling Interests": 110242000.0,
        "Net Income Continuous Operations": 110242000.0,
        "Tax Provision": 29625000.0,
        "Pretax Income": 139867000.0,
        "Other Income Expense": 3766000.0,
        "Other Non Operating Income Expenses": 1289000.0,
        "Special Income Charges": 2477000.0,
        "Gain On Sale Of Ppe": 0.0,
        "Other Special Charges": NaN,
        "Impairment Of Capital Assets": NaN,
        "Restructuring And Mergern Acquisition": 0.0,
        "Earnings From Equity Interest": NaN,
        "Net Non Operating Interest Income Expense": 7676000.0,
        "Interest Expense Non Operating": 258000.0,
        "Interest Income Non Operating": 7934000.0,
        "Operating Income": 128425000.0,
        "Operating Expense": 226639000.0,
        "Other Operating Expenses": NaN,
        "Depreciation Amortization Depletion Income Statement": 21942000.0,
        "Depreciation And Amortization In Income Statement": 21942000.0,
        "Research And Development": 58262000.0,
        "Selling General And Administration": 146435000.0,
        "Selling And Marketing Expense": 68317000.0,
        "General And Administrative Expense": 78118000.0,
        "Other Gand A": 75845000.0,
        "Salaries And Wages": NaN,
        "Gross Profit": 355064000.0,
        "Cost Of Revenue": 321151000.0,
        "Total Revenue": 676215000.0,
        "Operating Revenue": 594526000.0
    },
    "2024-03-31": {
        "Tax Effect Of Unusual Items": -270986.0,
        "Tax Rate For Calcs": 0.274,
        "Normalized EBITDA": 79822000.0,
        "Total Unusual Items": -989000.0,
        "Total Unusual Items Excluding Goodwill": -989000.0,
        "Net Income From Continuing Operation Net Minority Interest": 40417000.0,
        "Reconciled Depreciation": 22927000.0,
        "Reconciled Cost Of Revenue": 314646000.0,
        "EBITDA": 78833000.0,
        "EBIT": 55906000.0,
        "Net Interest Income": 8387000.0,
        "Interest Expense": 251000.0,
        "Interest Income": 8638000.0,
        "Normalized Income": 41135014.0,
        "Net Income From Continuing And Discontinued Operation": 40417000.0,
        "Total Expenses": 544707000.0,
        "Total Operating Income As Reported": 48319000.0,
        "Diluted Average Shares": 165630000.0,
        "Basic Average Shares": 164632000.0,
        "Diluted EPS": 0.24,
        "Basic EPS": 0.25,
        "Diluted NI Availto Com Stockholders": 40417000.0,
        "Net Income Common Stockholders": 40417000.0,
        "Net Income": 40417000.0,
        "Net Income Including Noncontrolling Interests": 40417000.0,
        "Net Income Continuous Operations": 40417000.0,
        "Tax Provision": 15238000.0,
        "Pretax Income": 55655000.0,
        "Other Income Expense": -2040000.0,
        "Other Non Operating Income Expenses": -1051000.0,
        "Special Income Charges": -989000.0,
        "Gain On Sale Of Ppe": NaN,
        "Other Special Charges": 989000.0,
        "Impairment Of Capital Assets": NaN,
        "Restructuring And Mergern Acquisition": NaN,
        "Earnings From Equity Interest": NaN,
        "Net Non Operating Interest Income Expense": 8387000.0,
        "Interest Expense Non Operating": 251000.0,
        "Interest Income Non Operating": 8638000.0,
        "Operating Income": 49308000.0,
        "Operating Expense": 227840000.0,
        "Other Operating Expenses": NaN,
        "Depreciation Amortization Depletion Income Statement": 20706000.0,
        "Depreciation And Amortization In Income Statement": 20706000.0,
        "Research And Development": 63185000.0,
        "Selling General And Administration": 143949000.0,
        "Selling And Marketing Expense": 65134000.0,
        "General And Administrative Expense": 78815000.0,
        "Other Gand A": 78815000.0,
        "Salaries And Wages": NaN,
        "Gross Profit": 277148000.0,
        "Cost Of Revenue": 316867000.0,
        "Total Revenue": 594015000.0,
        "Operating Revenue": 532716000.0
    }
}