{
    "2023-06-30": {
        "Tax Effect Of Unusual Items": -23865.0,
        "Tax Rate For Calcs": 0.215,
        "Total Unusual Items": -111000.0,
        "Total Unusual Items Excluding Goodwill": -111000.0,
        "Net Income From Continuing Operation Net Minority Interest": 21760000.0,
        "Reconciled Depreciation": 2552000.0,
        "Net Interest Income": 75291000.0,
        "Interest Expense": 57023000.0,
        "Interest Income": 132314000.0,
        "Normalized Income": 21847135.0,
        "Net Income From Continuing And Discontinued Operation": 21760000.0,
        "Diluted Average Shares": 30872834.0,
        "Basic Average Shares": 30791397.0,
        "Diluted EPS": 0.7,
        "Basic EPS": 0.71,
        "Diluted NI Availto Com Stockholders": 21760000.0,
        "Net Income Common Stockholders": 21760000.0,
        "Net Income": 21760000.0,
        "Net Income Including Noncontrolling Interests": 21760000.0,
        "Net Income Continuous Operations": 21760000.0,
        "Tax Provision": 5974000.0,
        "Pretax Income": 27734000.0,
        "Special Income Charges": 0.0,
        "Restructuring And Mergern Acquisition": 0.0,
        "Gain On Sale Of Security": 0.0,
        "Depreciation Amortization Depletion Income Statement": 2552000.0,
        "Depreciation And Amortization In Income Statement": 2552000.0,
        "Amortization": 2552000.0,
        "Amortization Of Intangibles Income Statement": 2552000.0,
        "Selling General And Administration": 36002000.0,
        "Selling And Marketing Expense": 1469000.0,
        "General And Administrative Expense": 34533000.0,
        "Other Gand A": NaN,
        "Salaries And Wages": 34533000.0,
        "Total Revenue": 88224000.0,
        "Operating Revenue": 88224000.0
    },
    "2023-03-31": {
        "Tax Effect Of Unusual Items": 12915.0,
        "Tax Rate For Calcs": 0.205,
        "Total Unusual Items": 63000.0,
        "Total Unusual Items Excluding Goodwill": 63000.0,
        "Net Income From Continuing Operation Net Minority Interest": 24302000.0,
        "Reconciled Depreciation": 2553000.0,
        "Net Interest Income": 77147000.0,
        "Interest Expense": 42994000.0,
        "Interest Income": 120141000.0,
        "Normalized Income": 24251915.0,
        "Net Income From Continuing And Discontinued Operation": 24302000.0,
        "Diluted Average Shares": 30882156.0,
        "Basic Average Shares": 30742902.0,
        "Diluted EPS": 0.79,
        "Basic EPS": 0.79,
        "Diluted NI Availto Com Stockholders": 24302000.0,
        "Net Income Common Stockholders": 24302000.0,
        "Net Income": 24302000.0,
        "Net Income Including Noncontrolling Interests": 24302000.0,
        "Net Income Continuous Operations": 24302000.0,
        "Tax Provision": 6272000.0,
        "Pretax Income": 30574000.0,
        "Special Income Charges": 0.0,
        "Restructuring And Mergern Acquisition": 0.0,
        "Gain On Sale Of Security": 144000.0,
        "Depreciation Amortization Depletion Income Statement": 2553000.0,
        "Depreciation And Amortization In Income Statement": 2553000.0,
        "Amortization": 2553000.0,
        "Amortization Of Intangibles Income Statement": 2553000.0,
        "Selling General And Administration": 35187000.0,
        "Selling And Marketing Expense": 1456000.0,
        "General And Administrative Expense": 33731000.0,
        "Other Gand A": NaN,
        "Salaries And Wages": 33731000.0,
        "Total Revenue": 90991000.0,
        "Operating Revenue": 90991000.0
    },
    "2022-12-31": {
        "Tax Effect Of Unusual Items": -215260.0,
        "Tax Rate For Calcs": 0.188,
        "Total Unusual Items": -1145000.0,
        "Total Unusual Items Excluding Goodwill": -1145000.0,
        "Net Income From Continuing Operation Net Minority Interest": 29478000.0,
        "Reconciled Depreciation": 2554000.0,
        "Net Interest Income": 84749000.0,
        "Interest Expense": 26547000.0,
        "Interest Income": 111296000.0,
        "Normalized Income": 30407740.0,
        "Net Income From Continuing And Discontinued Operation": 29478000.0,
        "Diluted Average Shares": 30941947.0,
        "Basic Average Shares": 30718861.0,
        "Diluted EPS": 0.95,
        "Basic EPS": 0.96,
        "Diluted NI Availto Com Stockholders": 29478000.0,
        "Net Income Common Stockholders": 29478000.0,
        "Net Income": 29478000.0,
        "Net Income Including Noncontrolling Interests": 29478000.0,
        "Net Income Continuous Operations": 29478000.0,
        "Tax Provision": 6822000.0,
        "Pretax Income": 36300000.0,
        "Special Income Charges": -1179000.0,
        "Restructuring And Mergern Acquisition": 1179000.0,
        "Gain On Sale Of Security": 0.0,
        "Depreciation Amortization Depletion Income Statement": 2554000.0,
        "Depreciation And Amortization In Income Statement": 2554000.0,
        "Amortization": 2554000.0,
        "Amortization Of Intangibles Income Statement": 2554000.0,
        "Selling General And Administration": 34844000.0,
        "Selling And Marketing Expense": 1505000.0,
        "General And Administrative Expense": 33339000.0,
        "Other Gand A": NaN,
        "Salaries And Wages": 33339000.0,
        "Total Revenue": 95674000.0,
        "Operating Revenue": 95674000.0
    },
    "2022-09-30": {
        "Tax Effect Of Unusual Items": -524512.0,
        "Tax Rate For Calcs": 0.148,
        "Total Unusual Items": -3544000.0,
        "Total Unusual Items Excluding Goodwill": -3544000.0,
        "Net Income From Continuing Operation Net Minority Interest": 16243000.0,
        "Reconciled Depreciation": 1872000.0,
        "Net Interest Income": 78523000.0,
        "Interest Expense": 12714000.0,
        "Interest Income": 91237000.0,
        "Normalized Income": 19262488.0,
        "Net Income From Continuing And Discontinued Operation": 16243000.0,
        "Diluted Average Shares": 28481619.0,
        "Basic Average Shares": 28298984.0,
        "Diluted EPS": 0.57,
        "Basic EPS": 0.57,
        "Diluted NI Availto Com Stockholders": 16243000.0,
        "Net Income Common Stockholders": 16243000.0,
        "Net Income": 16243000.0,
        "Net Income Including Noncontrolling Interests": 16243000.0,
        "Net Income Continuous Operations": 16243000.0,
        "Tax Provision": 2820000.0,
        "Pretax Income": 19063000.0,
        "Special Income Charges": -3614000.0,
        "Restructuring And Mergern Acquisition": 3614000.0,
        "Gain On Sale Of Security": 1664000.0,
        "Depreciation Amortization Depletion Income Statement": 1872000.0,
        "Depreciation And Amortization In Income Statement": 1872000.0,
        "Amortization": 1872000.0,
        "Amortization Of Intangibles Income Statement": 1872000.0,
        "Selling General And Administration": 33030000.0,
        "Selling And Marketing Expense": 1196000.0,
        "General And Administrative Expense": 31834000.0,
        "Other Gand A": 5966000.0,
        "Salaries And Wages": 31834000.0,
        "Total Revenue": 89448000.0,
        "Operating Revenue": 89448000.0
    },
    "2022-06-30": {
        "Tax Effect Of Unusual Items": -51336.0,
        "Tax Rate For Calcs": 0.184,
        "Total Unusual Items": -279000.0,
        "Total Unusual Items Excluding Goodwill": -279000.0,
        "Net Income From Continuing Operation Net Minority Interest": 21311000.0,
        "Reconciled Depreciation": 525000.0,
        "Net Interest Income": 59504000.0,
        "Interest Expense": 6284000.0,
        "Interest Income": 65788000.0,
        "Normalized Income": 21538664.0,
        "Net Income From Continuing And Discontinued Operation": 21311000.0,
        "Diluted Average Shares": 23788164.0,
        "Basic Average Shares": 23740611.0,
        "Diluted EPS": 0.9,
        "Basic EPS": 0.9,
        "Diluted NI Availto Com Stockholders": 21311000.0,
        "Net Income Common Stockholders": 21311000.0,
        "Net Income": 21311000.0,
        "Net Income Including Noncontrolling Interests": 21311000.0,
        "Net Income Continuous Operations": 21311000.0,
        "Tax Provision": 4807000.0,
        "Pretax Income": 26118000.0,
        "Special Income Charges": NaN,
        "Restructuring And Mergern Acquisition": NaN,
        "Gain On Sale Of Security": 0.0,
        "Depreciation Amortization Depletion Income Statement": 525000.0,
        "Depreciation And Amortization In Income Statement": 525000.0,
        "Amortization": 525000.0,
        "Amortization Of Intangibles Income Statement": 525000.0,
        "Selling General And Administration": 28178000.0,
        "Selling And Marketing Expense": 859000.0,
        "General And Administrative Expense": 27319000.0,
        "Other Gand A": 5858000.0,
        "Salaries And Wages": 27319000.0,
        "Total Revenue": 71025000.0,
        "Operating Revenue": 71025000.0
    },
    "2022-03-31": {
        "Diluted EPS": 0.87,
        "Total Revenue": 74,
        "Gross Profit": 68,
        "Operating Income": 26,
        "EBIT": NaN,
        "Net Income": 21
    },
    "2021-12-31": {
        "Diluted EPS": 1.21,
        "Total Revenue": 77,
        "Gross Profit": 71,
        "Operating Income": 33,
        "EBIT": NaN,
        "Net Income": 28
    },
    "2021-09-30": {
        "Diluted EPS": 1.14,
        "Total Revenue": 75,
        "Gross Profit": 68,
        "Operating Income": 33,
        "EBIT": NaN,
        "Net Income": 27
    },
    "2021-06-30": {
        "Diluted EPS": 1.17,
        "Total Revenue": 73,
        "Gross Profit": 67,
        "Operating Income": 35,
        "EBIT": NaN,
        "Net Income": 28
    },
    "2021-03-31": {
        "Diluted EPS": 1.08,
        "Total Revenue": 79,
        "Gross Profit": 72,
        "Operating Income": 32,
        "EBIT": NaN,
        "Net Income": 26
    },
    "2020-12-31": {
        "Diluted EPS": 0.75,
        "Total Revenue": 75,
        "Gross Profit": 67,
        "Operating Income": 22,
        "EBIT": NaN,
        "Net Income": 18
    },
    "2020-09-30": {
        "Diluted EPS": 0.56,
        "Total Revenue": 77,
        "Gross Profit": 69,
        "Operating Income": 16,
        "EBIT": NaN,
        "Net Income": 13
    },
    "2020-06-30": {
        "Diluted EPS": 0.21,
        "Total Revenue": 75,
        "Gross Profit": 65,
        "Operating Income": 6,
        "EBIT": NaN,
        "Net Income": 5
    },
    "2020-03-31": {
        "Diluted EPS": 0.03,
        "Total Revenue": 67,
        "Gross Profit": 55,
        "Operating Income": 0,
        "EBIT": NaN,
        "Net Income": 1
    },
    "2019-12-31": {
        "Diluted EPS": 0.54,
        "Total Revenue": 68,
        "Gross Profit": 55,
        "Operating Income": 16,
        "EBIT": NaN,
        "Net Income": 13
    },
    "2019-09-30": {
        "Diluted EPS": 0.62,
        "Total Revenue": 72,
        "Gross Profit": 58,
        "Operating Income": 18,
        "EBIT": NaN,
        "Net Income": 15
    },
    "2019-06-30": {
        "Diluted EPS": 0.52,
        "Total Revenue": 68,
        "Gross Profit": 54,
        "Operating Income": 15,
        "EBIT": NaN,
        "Net Income": 12
    },
    "2019-03-31": {
        "Diluted EPS": 0.6,
        "Total Revenue": 66,
        "Gross Profit": 54,
        "Operating Income": 17,
        "EBIT": NaN,
        "Net Income": 14
    },
    "2018-12-31": {
        "Diluted EPS": 0.55,
        "Total Revenue": 64,
        "Gross Profit": 53,
        "Operating Income": 16,
        "EBIT": NaN,
        "Net Income": 13
    },
    "2018-09-30": {
        "Diluted EPS": 0.52,
        "Total Revenue": 59,
        "Gross Profit": 50,
        "Operating Income": 15,
        "EBIT": NaN,
        "Net Income": 12
    },
    "2018-06-30": {
        "Diluted EPS": 0.53,
        "Total Revenue": 55,
        "Gross Profit": 48,
        "Operating Income": 15,
        "EBIT": NaN,
        "Net Income": 12
    },
    "2018-03-31": {
        "Diluted EPS": 0.6,
        "Total Revenue": 51,
        "Gross Profit": 45,
        "Operating Income": 16,
        "EBIT": NaN,
        "Net Income": 12
    },
    "2017-12-31": {
        "Diluted EPS": 0.24,
        "Total Revenue": 49,
        "Gross Profit": 43,
        "Operating Income": 7,
        "EBIT": NaN,
        "Net Income": 6
    },
    "2017-09-30": {
        "Diluted EPS": -0.17,
        "Total Revenue": 45,
        "Gross Profit": 39,
        "Operating Income": -5,
        "EBIT": NaN,
        "Net Income": -3
    },
    "2017-06-30": {
        "Diluted EPS": 0.13,
        "Total Revenue": 43,
        "Gross Profit": 37,
        "Operating Income": 5,
        "EBIT": NaN,
        "Net Income": 3
    },
    "2017-03-31": {
        "Diluted EPS": 0.3,
        "Total Revenue": 45,
        "Gross Profit": 40,
        "Operating Income": 10,
        "EBIT": NaN,
        "Net Income": 6
    },
    "2016-12-31": {
        "Diluted EPS": 0.0,
        "Total Revenue": NaN,
        "Gross Profit": NaN,
        "Operating Income": NaN,
        "EBIT": NaN,
        "Net Income": NaN
    },
    "2023-09-30": {
        "Tax Effect Of Unusual Items": 8616.607363,
        "Tax Rate For Calcs": 0.19148,
        "Total Unusual Items": 45000.0,
        "Total Unusual Items Excluding Goodwill": 45000.0,
        "Net Income From Continuing Operation Net Minority Interest": 24313000.0,
        "Reconciled Depreciation": 2264000.0,
        "Net Interest Income": 74130000.0,
        "Interest Expense": 61321000.0,
        "Interest Income": 135451000.0,
        "Normalized Income": 24276616.607363,
        "Net Income From Continuing And Discontinued Operation": 24313000.0,
        "Diluted Average Shares": 30943860.0,
        "Basic Average Shares": 30856649.0,
        "Diluted EPS": 0.79,
        "Basic EPS": 0.79,
        "Diluted NI Availto Com Stockholders": 24313000.0,
        "Net Income Common Stockholders": 24313000.0,
        "Net Income": 24313000.0,
        "Net Income Including Noncontrolling Interests": 24313000.0,
        "Net Income Continuous Operations": 24313000.0,
        "Tax Provision": 5758000.0,
        "Pretax Income": 30071000.0,
        "Special Income Charges": 0.0,
        "Restructuring And Mergern Acquisition": 0.0,
        "Gain On Sale Of Security": -7173000.0,
        "Depreciation Amortization Depletion Income Statement": 2264000.0,
        "Depreciation And Amortization In Income Statement": 2264000.0,
        "Amortization": 2264000.0,
        "Amortization Of Intangibles Income Statement": 2264000.0,
        "Selling General And Administration": 35995000.0,
        "Selling And Marketing Expense": 1371000.0,
        "General And Administrative Expense": 34624000.0,
        "Other Gand A": NaN,
        "Salaries And Wages": 34624000.0,
        "Total Revenue": 90070000.0,
        "Operating Revenue": 90070000.0
    }
}