{
    "2023-06-30": {
        "Tax Effect Of Unusual Items": 0.0,
        "Tax Rate For Calcs": 0.191,
        "Net Income From Continuing Operation Net Minority Interest": 9086000.0,
        "Reconciled Depreciation": 458000.0,
        "Net Interest Income": 22602000.0,
        "Interest Expense": 7138000.0,
        "Interest Income": 29740000.0,
        "Normalized Income": 9086000.0,
        "Net Income From Continuing And Discontinued Operation": 9086000.0,
        "Diluted Average Shares": 5629030.0,
        "Basic Average Shares": 5629030.0,
        "Diluted EPS": 1.61,
        "Basic EPS": 1.61,
        "Diluted NI Availto Com Stockholders": 9086000.0,
        "Net Income Common Stockholders": 9086000.0,
        "Net Income": 9086000.0,
        "Net Income Including Noncontrolling Interests": 9086000.0,
        "Net Income Continuous Operations": 9086000.0,
        "Tax Provision": 2141000.0,
        "Pretax Income": 11227000.0,
        "Gain On Sale Of Security": 0.0,
        "Depreciation Amortization Depletion Income Statement": 71000.0,
        "Depreciation And Amortization In Income Statement": 71000.0,
        "Amortization": 71000.0,
        "Amortization Of Intangibles Income Statement": 71000.0,
        "Selling General And Administration": 8778000.0,
        "Selling And Marketing Expense": 434000.0,
        "General And Administrative Expense": 8344000.0,
        "Insurance And Claims": 230000.0,
        "Salaries And Wages": 8114000.0,
        "Total Revenue": 25858000.0,
        "Operating Revenue": 25858000.0,
        "Occupancy And Equipment": 2438000.0,
        "Professional Expense And Contract Services Expense": 1666000.0,
        "Other Non Interest Expense": 1464000.0
    },
    "2023-03-31": {
        "Tax Effect Of Unusual Items": 0.0,
        "Tax Rate For Calcs": 0.177,
        "Net Income From Continuing Operation Net Minority Interest": 3230000.0,
        "Reconciled Depreciation": 569000.0,
        "Net Interest Income": 21139000.0,
        "Interest Expense": 5225000.0,
        "Interest Income": 26364000.0,
        "Normalized Income": 3230000.0,
        "Net Income From Continuing And Discontinued Operation": 3230000.0,
        "Diluted Average Shares": 5625660.0,
        "Basic Average Shares": 5625660.0,
        "Diluted EPS": 0.57,
        "Basic EPS": 0.57,
        "Diluted NI Availto Com Stockholders": 3230000.0,
        "Net Income Common Stockholders": 3230000.0,
        "Net Income": 3230000.0,
        "Net Income Including Noncontrolling Interests": 3230000.0,
        "Net Income Continuous Operations": 3230000.0,
        "Tax Provision": 696000.0,
        "Pretax Income": 3926000.0,
        "Gain On Sale Of Security": -4893000.0,
        "Depreciation Amortization Depletion Income Statement": 71000.0,
        "Depreciation And Amortization In Income Statement": 71000.0,
        "Amortization": 71000.0,
        "Amortization Of Intangibles Income Statement": 71000.0,
        "Selling General And Administration": 8957000.0,
        "Selling And Marketing Expense": 276000.0,
        "General And Administrative Expense": 8681000.0,
        "Insurance And Claims": 330000.0,
        "Salaries And Wages": 8351000.0,
        "Total Revenue": 19280000.0,
        "Operating Revenue": 19280000.0,
        "Occupancy And Equipment": 2477000.0,
        "Professional Expense And Contract Services Expense": 1048000.0,
        "Other Non Interest Expense": 1446000.0
    },
    "2022-12-31": {
        "Tax Effect Of Unusual Items": 0.0,
        "Tax Rate For Calcs": 0.212947,
        "Net Income From Continuing Operation Net Minority Interest": 9070000.0,
        "Reconciled Depreciation": 329000.0,
        "Net Interest Income": 22825000.0,
        "Interest Expense": 2803000.0,
        "Interest Income": 25628000.0,
        "Normalized Income": 9070000.0,
        "Net Income From Continuing And Discontinued Operation": 9070000.0,
        "Diluted Average Shares": 5626771.0,
        "Basic Average Shares": 5626771.0,
        "Diluted EPS": 1.61,
        "Basic EPS": 1.61,
        "Diluted NI Availto Com Stockholders": 9070000.0,
        "Net Income Common Stockholders": 9070000.0,
        "Net Income": 9070000.0,
        "Net Income Including Noncontrolling Interests": 9070000.0,
        "Net Income Continuous Operations": 9070000.0,
        "Tax Provision": 2454000.0,
        "Pretax Income": 11524000.0,
        "Gain On Sale Of Security": NaN,
        "Depreciation Amortization Depletion Income Statement": 72000.0,
        "Depreciation And Amortization In Income Statement": 72000.0,
        "Amortization": 72000.0,
        "Amortization Of Intangibles Income Statement": 72000.0,
        "Selling General And Administration": 8433000.0,
        "Selling And Marketing Expense": 474000.0,
        "General And Administrative Expense": 7959000.0,
        "Insurance And Claims": 405000.0,
        "Salaries And Wages": 7554000.0,
        "Total Revenue": 25877000.0,
        "Operating Revenue": 25877000.0
    },
    "2022-09-30": {
        "Tax Effect Of Unusual Items": 0.0,
        "Tax Rate For Calcs": 0.191,
        "Total Unusual Items": 0.0,
        "Total Unusual Items Excluding Goodwill": 0.0,
        "Net Income From Continuing Operation Net Minority Interest": 7853000.0,
        "Reconciled Depreciation": 71000.0,
        "Net Interest Income": 21415000.0,
        "Interest Expense": 1426000.0,
        "Interest Income": 22841000.0,
        "Normalized Income": 7853000.0,
        "Net Income From Continuing And Discontinued Operation": 7853000.0,
        "Diluted Average Shares": 5623172.0,
        "Basic Average Shares": 5623172.0,
        "Diluted EPS": 1.4,
        "Basic EPS": 1.4,
        "Diluted NI Availto Com Stockholders": 7853000.0,
        "Net Income Common Stockholders": 7853000.0,
        "Net Income": 7853000.0,
        "Net Income Including Noncontrolling Interests": 7853000.0,
        "Net Income Continuous Operations": 7853000.0,
        "Tax Provision": 1856000.0,
        "Pretax Income": 9709000.0,
        "Gain On Sale Of Security": -12000.0,
        "Depreciation Amortization Depletion Income Statement": 71000.0,
        "Depreciation And Amortization In Income Statement": 71000.0,
        "Amortization": 71000.0,
        "Amortization Of Intangibles Income Statement": 71000.0,
        "Selling General And Administration": 8351000.0,
        "Selling And Marketing Expense": 372000.0,
        "General And Administrative Expense": 7979000.0,
        "Other Gand A": 1468000.0,
        "Insurance And Claims": 384000.0,
        "Salaries And Wages": 7595000.0,
        "Total Revenue": 24320000.0,
        "Operating Revenue": 24320000.0
    },
    "2022-06-30": {
        "Tax Effect Of Unusual Items": 0.0,
        "Tax Rate For Calcs": 0.159,
        "Total Unusual Items": NaN,
        "Total Unusual Items Excluding Goodwill": NaN,
        "Net Income From Continuing Operation Net Minority Interest": 2110000.0,
        "Reconciled Depreciation": 71000.0,
        "Net Interest Income": 17509000.0,
        "Interest Expense": 975000.0,
        "Interest Income": 18484000.0,
        "Normalized Income": 2110000.0,
        "Net Income From Continuing And Discontinued Operation": 2110000.0,
        "Diluted Average Shares": 5618826.0,
        "Basic Average Shares": 5618826.0,
        "Diluted EPS": 0.38,
        "Basic EPS": 0.38,
        "Diluted NI Availto Com Stockholders": 2110000.0,
        "Net Income Common Stockholders": 2110000.0,
        "Net Income": 2110000.0,
        "Net Income Including Noncontrolling Interests": 2110000.0,
        "Net Income Continuous Operations": 2110000.0,
        "Tax Provision": 400000.0,
        "Pretax Income": 2510000.0,
        "Gain On Sale Of Security": NaN,
        "Depreciation Amortization Depletion Income Statement": 71000.0,
        "Depreciation And Amortization In Income Statement": 71000.0,
        "Amortization": 71000.0,
        "Amortization Of Intangibles Income Statement": 71000.0,
        "Selling General And Administration": 7910000.0,
        "Selling And Marketing Expense": 564000.0,
        "General And Administrative Expense": 7346000.0,
        "Other Gand A": 1376000.0,
        "Insurance And Claims": 313000.0,
        "Salaries And Wages": 7033000.0,
        "Total Revenue": 20466000.0,
        "Operating Revenue": 20466000.0
    },
    "2022-03-31": {
        "Diluted EPS": 0.95,
        "Total Revenue": 20,
        "Gross Profit": 19,
        "Operating Income": 7,
        "EBIT": NaN,
        "Net Income": 5
    },
    "2021-12-31": {
        "Diluted EPS": 0.94,
        "Total Revenue": 20,
        "Gross Profit": 19,
        "Operating Income": 7,
        "EBIT": NaN,
        "Net Income": 5
    },
    "2021-09-30": {
        "Diluted EPS": 1.06,
        "Total Revenue": 20,
        "Gross Profit": 19,
        "Operating Income": 7,
        "EBIT": NaN,
        "Net Income": 6
    },
    "2021-06-30": {
        "Diluted EPS": 1.16,
        "Total Revenue": 19,
        "Gross Profit": 18,
        "Operating Income": 6,
        "EBIT": NaN,
        "Net Income": 5
    },
    "2021-03-31": {
        "Diluted EPS": 1.12,
        "Total Revenue": 18,
        "Gross Profit": 17,
        "Operating Income": 6,
        "EBIT": NaN,
        "Net Income": 5
    },
    "2020-12-31": {
        "Diluted EPS": 0.0,
        "Total Revenue": NaN,
        "Gross Profit": NaN,
        "Operating Income": NaN,
        "EBIT": NaN,
        "Net Income": NaN
    },
    "2020-09-30": {
        "Diluted EPS": 0.65,
        "Total Revenue": 16,
        "Gross Profit": 15,
        "Operating Income": 4,
        "EBIT": NaN,
        "Net Income": 3
    },
    "2020-06-30": {
        "Diluted EPS": 0.64,
        "Total Revenue": 16,
        "Gross Profit": 15,
        "Operating Income": 4,
        "EBIT": NaN,
        "Net Income": 3
    },
    "2019-12-31": {
        "Diluted EPS": 0.0,
        "Total Revenue": NaN,
        "Gross Profit": NaN,
        "Operating Income": NaN,
        "EBIT": NaN,
        "Net Income": NaN
    },
    "2019-06-30": {
        "Diluted EPS": 0.63,
        "Total Revenue": 14,
        "Gross Profit": 13,
        "Operating Income": 4,
        "EBIT": NaN,
        "Net Income": 3
    },
    "2018-12-31": {
        "Diluted EPS": 0.0,
        "Total Revenue": NaN,
        "Gross Profit": NaN,
        "Operating Income": NaN,
        "EBIT": NaN,
        "Net Income": NaN
    },
    "2017-12-31": {
        "Diluted EPS": 0.0,
        "Total Revenue": NaN,
        "Gross Profit": NaN,
        "Operating Income": NaN,
        "EBIT": NaN,
        "Net Income": NaN
    },
    "2016-12-31": {
        "Diluted EPS": 0.0,
        "Total Revenue": NaN,
        "Gross Profit": NaN,
        "Operating Income": NaN,
        "EBIT": NaN,
        "Net Income": NaN
    },
    "2023-09-30": {
        "Tax Effect Of Unusual Items": 0.0,
        "Tax Rate For Calcs": 0.2,
        "Net Income From Continuing Operation Net Minority Interest": 9038000.0,
        "Reconciled Depreciation": 473000.0,
        "Net Interest Income": 22501000.0,
        "Interest Expense": 7598000.0,
        "Interest Income": 30099000.0,
        "Normalized Income": 9038000.0,
        "Net Income From Continuing And Discontinued Operation": 9038000.0,
        "Diluted Average Shares": 5627907.0,
        "Basic Average Shares": 5627907.0,
        "Diluted EPS": 1.61,
        "Basic EPS": 1.61,
        "Diluted NI Availto Com Stockholders": 9038000.0,
        "Net Income Common Stockholders": 9038000.0,
        "Net Income": 9038000.0,
        "Net Income Including Noncontrolling Interests": 9038000.0,
        "Net Income Continuous Operations": 9038000.0,
        "Tax Provision": 2256000.0,
        "Pretax Income": 11294000.0,
        "Gain On Sale Of Security": 0.0,
        "Depreciation Amortization Depletion Income Statement": 71000.0,
        "Depreciation And Amortization In Income Statement": 71000.0,
        "Amortization": 71000.0,
        "Amortization Of Intangibles Income Statement": 71000.0,
        "Selling General And Administration": 9009000.0,
        "Selling And Marketing Expense": 364000.0,
        "General And Administrative Expense": 8645000.0,
        "Insurance And Claims": 463000.0,
        "Salaries And Wages": 8182000.0,
        "Total Revenue": 25691000.0,
        "Operating Revenue": 25691000.0,
        "Occupancy And Equipment": 2413000.0,
        "Professional Expense And Contract Services Expense": 799000.0,
        "Other Non Interest Expense": 1268000.0
    },
    "2023-12-31": {
        "Tax Effect Of Unusual Items": 0.0,
        "Tax Rate For Calcs": 0.24089,
        "Net Income From Continuing Operation Net Minority Interest": 8124000.0,
        "Reconciled Depreciation": 466000.0,
        "Net Interest Income": 22149000.0,
        "Interest Expense": 9418000.0,
        "Interest Income": 31567000.0,
        "Normalized Income": 8124000.0,
        "Net Income From Continuing And Discontinued Operation": 8124000.0,
        "Diluted Average Shares": 5632454.0,
        "Basic Average Shares": 5632454.0,
        "Diluted EPS": 1.44,
        "Basic EPS": 1.44,
        "Diluted NI Availto Com Stockholders": 8124000.0,
        "Net Income Common Stockholders": 8124000.0,
        "Net Income": 8124000.0,
        "Net Income Including Noncontrolling Interests": 8124000.0,
        "Net Income Continuous Operations": 8124000.0,
        "Tax Provision": 2578000.0,
        "Pretax Income": 10702000.0,
        "Gain On Sale Of Security": 0.0,
        "Depreciation Amortization Depletion Income Statement": 71000.0,
        "Depreciation And Amortization In Income Statement": 71000.0,
        "Amortization": 71000.0,
        "Amortization Of Intangibles Income Statement": 71000.0,
        "Selling General And Administration": 9953000.0,
        "Selling And Marketing Expense": 583000.0,
        "General And Administrative Expense": 9370000.0,
        "Insurance And Claims": 380000.0,
        "Salaries And Wages": 8990000.0,
        "Total Revenue": 25861000.0,
        "Operating Revenue": 25861000.0,
        "Occupancy And Equipment": 2483000.0,
        "Professional Expense And Contract Services Expense": 1241000.0,
        "Other Non Interest Expense": 949000.0
    },
    "2024-03-31": {
        "Tax Effect Of Unusual Items": 0.0,
        "Tax Rate For Calcs": 0.2,
        "Net Income From Continuing Operation Net Minority Interest": 9290000.0,
        "Reconciled Depreciation": 465000.0,
        "Net Interest Income": 21601000.0,
        "Interest Expense": 9472000.0,
        "Interest Income": 31073000.0,
        "Normalized Income": 9290000.0,
        "Net Income From Continuing And Discontinued Operation": 9290000.0,
        "Diluted Average Shares": 5634937.0,
        "Basic Average Shares": 5634937.0,
        "Diluted EPS": 1.65,
        "Basic EPS": 1.65,
        "Diluted NI Availto Com Stockholders": 9290000.0,
        "Net Income Common Stockholders": 9290000.0,
        "Net Income": 9290000.0,
        "Net Income Including Noncontrolling Interests": 9290000.0,
        "Net Income Continuous Operations": 9290000.0,
        "Tax Provision": 2327000.0,
        "Pretax Income": 11617000.0,
        "Gain On Sale Of Security": 1900000.0,
        "Depreciation Amortization Depletion Income Statement": 72000.0,
        "Depreciation And Amortization In Income Statement": 72000.0,
        "Amortization": 72000.0,
        "Amortization Of Intangibles Income Statement": 72000.0,
        "Selling General And Administration": 9964000.0,
        "Selling And Marketing Expense": 364000.0,
        "General And Administrative Expense": 9600000.0,
        "Insurance And Claims": 418000.0,
        "Salaries And Wages": 9182000.0,
        "Total Revenue": 27154000.0,
        "Operating Revenue": 27154000.0,
        "Occupancy And Equipment": 2396000.0,
        "Professional Expense And Contract Services Expense": 1436000.0,
        "Other Non Interest Expense": 1409000.0
    },
    "2024-06-30": {
        "Tax Effect Of Unusual Items": 0.0,
        "Tax Rate For Calcs": 0.197,
        "Net Income From Continuing Operation Net Minority Interest": 8213000.0,
        "Reconciled Depreciation": 465000.0,
        "Net Interest Income": 24119000.0,
        "Interest Expense": 8393000.0,
        "Interest Income": 32512000.0,
        "Normalized Income": 8213000.0,
        "Net Income From Continuing And Discontinued Operation": 8213000.0,
        "Diluted Average Shares": 5641434.0,
        "Basic Average Shares": 5641434.0,
        "Diluted EPS": 1.46,
        "Basic EPS": 1.46,
        "Diluted NI Availto Com Stockholders": 8213000.0,
        "Net Income Common Stockholders": 8213000.0,
        "Net Income": 8213000.0,
        "Net Income Including Noncontrolling Interests": 8213000.0,
        "Net Income Continuous Operations": 8213000.0,
        "Tax Provision": 2016000.0,
        "Pretax Income": 10229000.0,
        "Gain On Sale Of Security": 0.0,
        "Depreciation Amortization Depletion Income Statement": 71000.0,
        "Depreciation And Amortization In Income Statement": 71000.0,
        "Amortization": 71000.0,
        "Amortization Of Intangibles Income Statement": 71000.0,
        "Selling General And Administration": 9840000.0,
        "Selling And Marketing Expense": 438000.0,
        "General And Administrative Expense": 9402000.0,
        "Insurance And Claims": 350000.0,
        "Salaries And Wages": 9052000.0,
        "Total Revenue": 27893000.0,
        "Operating Revenue": 27893000.0,
        "Occupancy And Equipment": 2594000.0,
        "Professional Expense And Contract Services Expense": 1337000.0,
        "Other Non Interest Expense": 1613000.0
    },
    "2024-09-30": {
        "Tax Effect Of Unusual Items": 0.0,
        "Tax Rate For Calcs": 0.197,
        "Net Income From Continuing Operation Net Minority Interest": 3216000.0,
        "Reconciled Depreciation": 470000.0,
        "Net Interest Income": 22968000.0,
        "Interest Expense": 8468000.0,
        "Interest Income": 31436000.0,
        "Normalized Income": 3216000.0,
        "Net Income From Continuing And Discontinued Operation": 3216000.0,
        "Diluted Average Shares": 5653904.0,
        "Basic Average Shares": 5653904.0,
        "Diluted EPS": 0.57,
        "Basic EPS": 0.57,
        "Diluted NI Availto Com Stockholders": 3216000.0,
        "Net Income Common Stockholders": 3216000.0,
        "Net Income": 3216000.0,
        "Net Income Including Noncontrolling Interests": 3216000.0,
        "Net Income Continuous Operations": 3216000.0,
        "Tax Provision": 788000.0,
        "Pretax Income": 4004000.0,
        "Gain On Sale Of Security": 0.0,
        "Depreciation Amortization Depletion Income Statement": 71000.0,
        "Depreciation And Amortization In Income Statement": 71000.0,
        "Amortization": 71000.0,
        "Amortization Of Intangibles Income Statement": 71000.0,
        "Selling General And Administration": 10114000.0,
        "Selling And Marketing Expense": 364000.0,
        "General And Administrative Expense": 9750000.0,
        "Insurance And Claims": 210000.0,
        "Salaries And Wages": 9540000.0,
        "Total Revenue": 27112000.0,
        "Operating Revenue": 27112000.0,
        "Occupancy And Equipment": 2748000.0,
        "Professional Expense And Contract Services Expense": 1557000.0,
        "Other Non Interest Expense": 1427000.0
    }
}