{
    "2023-03-31": {
        "Tax Effect Of Unusual Items": NaN,
        "Tax Rate For Calcs": NaN,
        "Normalized EBITDA": NaN,
        "Total Unusual Items": NaN,
        "Total Unusual Items Excluding Goodwill": NaN,
        "Net Income From Continuing Operation Net Minority Interest": NaN,
        "Reconciled Cost Of Revenue": NaN,
        "EBITDA": NaN,
        "EBIT": NaN,
        "Net Interest Income": NaN,
        "Interest Expense": NaN,
        "Interest Income": NaN,
        "Normalized Income": NaN,
        "Net Income From Continuing And Discontinued Operation": NaN,
        "Total Expenses": NaN,
        "Total Operating Income As Reported": NaN,
        "Diluted Average Shares": NaN,
        "Basic Average Shares": NaN,
        "Diluted EPS": NaN,
        "Basic EPS": NaN,
        "Diluted NI Availto Com Stockholders": NaN,
        "Net Income Common Stockholders": NaN,
        "Net Income": NaN,
        "Minority Interests": NaN,
        "Net Income Including Noncontrolling Interests": NaN,
        "Net Income Discontinuous Operations": -36394000.0,
        "Net Income Continuous Operations": NaN,
        "Tax Provision": NaN,
        "Pretax Income": NaN,
        "Other Income Expense": NaN,
        "Special Income Charges": NaN,
        "Write Off": NaN,
        "Earnings From Equity Interest": NaN,
        "Net Non Operating Interest Income Expense": NaN,
        "Interest Expense Non Operating": NaN,
        "Interest Income Non Operating": NaN,
        "Operating Income": NaN,
        "Operating Expense": NaN,
        "Other Operating Expenses": NaN,
        "Research And Development": NaN,
        "Selling General And Administration": NaN,
        "Selling And Marketing Expense": NaN,
        "General And Administrative Expense": NaN,
        "Other Gand A": NaN,
        "Gross Profit": NaN,
        "Cost Of Revenue": NaN,
        "Total Revenue": NaN,
        "Operating Revenue": NaN
    },
    "2022-12-31": {
        "Tax Effect Of Unusual Items": NaN,
        "Tax Rate For Calcs": NaN,
        "Normalized EBITDA": NaN,
        "Total Unusual Items": NaN,
        "Total Unusual Items Excluding Goodwill": NaN,
        "Net Income From Continuing Operation Net Minority Interest": NaN,
        "Reconciled Cost Of Revenue": NaN,
        "EBITDA": NaN,
        "EBIT": NaN,
        "Net Interest Income": NaN,
        "Interest Expense": NaN,
        "Interest Income": NaN,
        "Normalized Income": NaN,
        "Net Income From Continuing And Discontinued Operation": NaN,
        "Total Expenses": NaN,
        "Total Operating Income As Reported": NaN,
        "Diluted Average Shares": 36945208.0,
        "Basic Average Shares": 36945208.0,
        "Diluted EPS": -4.8,
        "Basic EPS": -4.8,
        "Diluted NI Availto Com Stockholders": NaN,
        "Net Income Common Stockholders": NaN,
        "Net Income": NaN,
        "Minority Interests": NaN,
        "Net Income Including Noncontrolling Interests": NaN,
        "Net Income Discontinuous Operations": NaN,
        "Net Income Continuous Operations": NaN,
        "Tax Provision": NaN,
        "Pretax Income": NaN,
        "Other Income Expense": NaN,
        "Special Income Charges": NaN,
        "Write Off": NaN,
        "Earnings From Equity Interest": NaN,
        "Net Non Operating Interest Income Expense": NaN,
        "Interest Expense Non Operating": NaN,
        "Interest Income Non Operating": NaN,
        "Operating Income": NaN,
        "Operating Expense": NaN,
        "Other Operating Expenses": NaN,
        "Research And Development": NaN,
        "Selling General And Administration": NaN,
        "Selling And Marketing Expense": NaN,
        "General And Administrative Expense": NaN,
        "Other Gand A": NaN,
        "Gross Profit": NaN,
        "Cost Of Revenue": NaN,
        "Total Revenue": NaN,
        "Operating Revenue": NaN
    },
    "2022-09-30": {
        "Tax Effect Of Unusual Items": NaN,
        "Tax Rate For Calcs": NaN,
        "Normalized EBITDA": NaN,
        "Total Unusual Items": NaN,
        "Total Unusual Items Excluding Goodwill": NaN,
        "Net Income From Continuing Operation Net Minority Interest": NaN,
        "Reconciled Cost Of Revenue": NaN,
        "EBITDA": NaN,
        "EBIT": NaN,
        "Net Interest Income": NaN,
        "Interest Expense": NaN,
        "Interest Income": NaN,
        "Normalized Income": NaN,
        "Net Income From Continuing And Discontinued Operation": NaN,
        "Total Expenses": NaN,
        "Total Operating Income As Reported": NaN,
        "Diluted Average Shares": 38999355.0,
        "Basic Average Shares": 38999355.0,
        "Diluted EPS": -109.8,
        "Basic EPS": -109.8,
        "Diluted NI Availto Com Stockholders": NaN,
        "Net Income Common Stockholders": NaN,
        "Net Income": NaN,
        "Minority Interests": NaN,
        "Net Income Including Noncontrolling Interests": NaN,
        "Net Income Continuous Operations": NaN,
        "Tax Provision": NaN,
        "Pretax Income": NaN,
        "Other Income Expense": NaN,
        "Special Income Charges": NaN,
        "Write Off": NaN,
        "Earnings From Equity Interest": NaN,
        "Net Non Operating Interest Income Expense": NaN,
        "Interest Expense Non Operating": NaN,
        "Interest Income Non Operating": NaN,
        "Operating Income": NaN,
        "Operating Expense": NaN,
        "Other Operating Expenses": NaN,
        "Research And Development": NaN,
        "Selling General And Administration": NaN,
        "Selling And Marketing Expense": NaN,
        "General And Administrative Expense": NaN,
        "Other Gand A": NaN,
        "Gross Profit": NaN,
        "Cost Of Revenue": NaN,
        "Total Revenue": NaN,
        "Operating Revenue": NaN
    },
    "2022-06-30": {
        "Tax Effect Of Unusual Items": -2197655.131579,
        "Tax Rate For Calcs": 0.057442,
        "Normalized EBITDA": -228981000.0,
        "Total Unusual Items": -38259000.0,
        "Total Unusual Items Excluding Goodwill": -38259000.0,
        "Net Income From Continuing Operation Net Minority Interest": -244789000.0,
        "Reconciled Cost Of Revenue": 723513000.0,
        "EBITDA": -267240000.0,
        "EBIT": -267240000.0,
        "Net Interest Income": -4747000.0,
        "Interest Expense": 6360000.0,
        "Interest Income": 2790000.0,
        "Normalized Income": -208727655.131579,
        "Net Income From Continuing And Discontinued Operation": -244789000.0,
        "Total Expenses": 1373124000.0,
        "Total Operating Income As Reported": -277618000.0,
        "Diluted Average Shares": 38999355.0,
        "Basic Average Shares": 38999355.0,
        "Diluted EPS": -201.0,
        "Basic EPS": -201.0,
        "Diluted NI Availto Com Stockholders": -244789000.0,
        "Net Income Common Stockholders": -244789000.0,
        "Net Income": -244789000.0,
        "Minority Interests": 13095000.0,
        "Net Income Including Noncontrolling Interests": -257884000.0,
        "Net Income Continuous Operations": -257884000.0,
        "Tax Provision": -15716000.0,
        "Pretax Income": -273600000.0,
        "Other Income Expense": -29494000.0,
        "Other Non Operating Income Expenses": NaN,
        "Special Income Charges": 2289000.0,
        "Write Off": -2289000.0,
        "Earnings From Equity Interest": 8765000.0,
        "Net Non Operating Interest Income Expense": -4747000.0,
        "Interest Expense Non Operating": 6360000.0,
        "Interest Income Non Operating": 2790000.0,
        "Operating Income": -239359000.0,
        "Operating Expense": 649611000.0,
        "Other Operating Expenses": -27944000.0,
        "Research And Development": 377500000.0,
        "Selling General And Administration": 300055000.0,
        "Selling And Marketing Expense": 109435000.0,
        "General And Administrative Expense": 190620000.0,
        "Other Gand A": 190620000.0,
        "Gross Profit": 410252000.0,
        "Cost Of Revenue": 723513000.0,
        "Total Revenue": 1133765000.0,
        "Operating Revenue": 1068817000.0
    },
    "2022-03-31": {
        "Diluted EPS": -1.36,
        "Total Revenue": 161,
        "Gross Profit": 55,
        "Operating Income": -56,
        "EBIT": -56,
        "Net Income": -50
    },
    "2021-12-31": {
        "Diluted EPS": -1.56,
        "Total Revenue": 200,
        "Gross Profit": 70,
        "Operating Income": -59,
        "EBIT": -59,
        "Net Income": -56
    },
    "2021-09-30": {
        "Diluted EPS": -1.1,
        "Total Revenue": 165,
        "Gross Profit": 58,
        "Operating Income": -44,
        "EBIT": -44,
        "Net Income": -42
    },
    "2021-06-30": {
        "Diluted EPS": -1.44,
        "Total Revenue": 150,
        "Gross Profit": 51,
        "Operating Income": -61,
        "EBIT": -61,
        "Net Income": -54
    },
    "2021-03-31": {
        "Diluted EPS": -1.28,
        "Total Revenue": 126,
        "Gross Profit": 43,
        "Operating Income": -53,
        "EBIT": -53,
        "Net Income": -47
    },
    "2020-12-31": {
        "Diluted EPS": -1.45,
        "Total Revenue": 160,
        "Gross Profit": 55,
        "Operating Income": -62,
        "EBIT": -62,
        "Net Income": -55
    },
    "2020-09-30": {
        "Diluted EPS": -1.0,
        "Total Revenue": 127,
        "Gross Profit": 54,
        "Operating Income": -36,
        "EBIT": -36,
        "Net Income": -35
    },
    "2020-06-30": {
        "Diluted EPS": -1.36,
        "Total Revenue": 109,
        "Gross Profit": 42,
        "Operating Income": -51,
        "EBIT": -51,
        "Net Income": -47
    },
    "2020-03-31": {
        "Diluted EPS": -1.72,
        "Total Revenue": 83,
        "Gross Profit": 29,
        "Operating Income": -64,
        "EBIT": -64,
        "Net Income": -59
    },
    "2019-12-31": {
        "Diluted EPS": -2.8,
        "Total Revenue": 110,
        "Gross Profit": 110,
        "Operating Income": 110,
        "EBIT": 110,
        "Net Income": -88
    },
    "2019-09-30": {
        "Diluted EPS": 0.0,
        "Total Revenue": NaN,
        "Gross Profit": NaN,
        "Operating Income": NaN,
        "Net Income": NaN
    },
    "2023-06-30": {
        "Tax Effect Of Unusual Items": NaN,
        "Tax Rate For Calcs": NaN,
        "Normalized EBITDA": NaN,
        "Total Unusual Items": NaN,
        "Total Unusual Items Excluding Goodwill": NaN,
        "Net Income From Continuing Operation Net Minority Interest": NaN,
        "Reconciled Cost Of Revenue": NaN,
        "EBITDA": NaN,
        "EBIT": NaN,
        "Net Interest Income": NaN,
        "Interest Expense": NaN,
        "Interest Income": NaN,
        "Normalized Income": NaN,
        "Net Income From Continuing And Discontinued Operation": NaN,
        "Total Expenses": NaN,
        "Total Operating Income As Reported": NaN,
        "Diluted Average Shares": NaN,
        "Basic Average Shares": NaN,
        "Diluted EPS": NaN,
        "Basic EPS": NaN,
        "Diluted NI Availto Com Stockholders": NaN,
        "Net Income Common Stockholders": NaN,
        "Net Income": NaN,
        "Minority Interests": NaN,
        "Net Income Including Noncontrolling Interests": NaN,
        "Net Income Discontinuous Operations": -40422000.0,
        "Net Income Continuous Operations": NaN,
        "Tax Provision": NaN,
        "Pretax Income": NaN,
        "Other Income Expense": NaN,
        "Special Income Charges": NaN,
        "Write Off": NaN,
        "Earnings From Equity Interest": NaN,
        "Net Non Operating Interest Income Expense": NaN,
        "Interest Expense Non Operating": NaN,
        "Interest Income Non Operating": NaN,
        "Operating Income": NaN,
        "Operating Expense": NaN,
        "Other Operating Expenses": NaN,
        "Research And Development": NaN,
        "Selling General And Administration": NaN,
        "Selling And Marketing Expense": NaN,
        "General And Administrative Expense": NaN,
        "Other Gand A": NaN,
        "Gross Profit": NaN,
        "Cost Of Revenue": NaN,
        "Total Revenue": NaN,
        "Operating Revenue": NaN
    },
    "2023-09-30": {
        "Tax Effect Of Unusual Items": -112750.0,
        "Tax Rate For Calcs": 0.25,
        "Normalized EBITDA": -49890000.0,
        "Total Unusual Items": -451000.0,
        "Total Unusual Items Excluding Goodwill": -451000.0,
        "Net Income From Continuing Operation Net Minority Interest": -50794000.0,
        "Reconciled Cost Of Revenue": 511458000.0,
        "EBITDA": -50341000.0,
        "EBIT": -50341000.0,
        "Net Interest Income": 5597000.0,
        "Interest Expense": 2466000.0,
        "Interest Income": 8063000.0,
        "Normalized Income": -50455750.0,
        "Net Income From Continuing And Discontinued Operation": -90901000.0,
        "Total Expenses": 862110000.0,
        "Total Operating Income As Reported": -55854000.0,
        "Diluted Average Shares": 37875417.0,
        "Basic Average Shares": 37875417.0,
        "Diluted EPS": -2.4,
        "Basic EPS": -2.4,
        "Diluted NI Availto Com Stockholders": -90901000.0,
        "Net Income Common Stockholders": -90901000.0,
        "Net Income": -90901000.0,
        "Minority Interests": 3354000.0,
        "Net Income Including Noncontrolling Interests": -94255000.0,
        "Net Income Discontinuous Operations": -40107000.0,
        "Net Income Continuous Operations": -54148000.0,
        "Tax Provision": 1341000.0,
        "Pretax Income": -52807000.0,
        "Other Income Expense": -3001000.0,
        "Special Income Charges": -451000.0,
        "Write Off": 451000.0,
        "Earnings From Equity Interest": -2550000.0,
        "Net Non Operating Interest Income Expense": 5597000.0,
        "Interest Expense Non Operating": 2466000.0,
        "Interest Income Non Operating": 8063000.0,
        "Operating Income": -55403000.0,
        "Operating Expense": 350652000.0,
        "Other Operating Expenses": -13555000.0,
        "Research And Development": 230189000.0,
        "Selling General And Administration": 134018000.0,
        "Selling And Marketing Expense": 66290000.0,
        "General And Administrative Expense": 67728000.0,
        "Other Gand A": 67728000.0,
        "Gross Profit": 295249000.0,
        "Cost Of Revenue": 511458000.0,
        "Total Revenue": 806707000.0,
        "Operating Revenue": 785775000.0
    },
    "2023-12-31": {
        "Tax Effect Of Unusual Items": 5481500.0,
        "Tax Rate For Calcs": 0.25,
        "Normalized EBITDA": -92341000.0,
        "Total Unusual Items": 21926000.0,
        "Total Unusual Items Excluding Goodwill": 21926000.0,
        "Net Income From Continuing Operation Net Minority Interest": -81349000.0,
        "Reconciled Cost Of Revenue": 566499000.0,
        "EBITDA": -70415000.0,
        "EBIT": -70415000.0,
        "Net Interest Income": 3740000.0,
        "Interest Expense": 5264000.0,
        "Interest Income": 10001000.0,
        "Normalized Income": -97793500.0,
        "Net Income From Continuing And Discontinued Operation": -81349000.0,
        "Total Expenses": 1022941000.0,
        "Total Operating Income As Reported": -79419000.0,
        "Diluted Average Shares": 38999355.0,
        "Basic Average Shares": 38999355.0,
        "Diluted EPS": -67.2,
        "Basic EPS": -67.2,
        "Diluted NI Availto Com Stockholders": -81349000.0,
        "Net Income Common Stockholders": -81349000.0,
        "Net Income": -81349000.0,
        "Minority Interests": -2651000.0,
        "Net Income Including Noncontrolling Interests": -78698000.0,
        "Net Income Discontinuous Operations": NaN,
        "Net Income Continuous Operations": -78698000.0,
        "Tax Provision": 3019000.0,
        "Pretax Income": -75679000.0,
        "Other Income Expense": 18957000.0,
        "Special Income Charges": -17502000.0,
        "Write Off": 11444000.0,
        "Earnings From Equity Interest": 0.0,
        "Net Non Operating Interest Income Expense": 3740000.0,
        "Interest Expense Non Operating": 5264000.0,
        "Interest Income Non Operating": 10001000.0,
        "Operating Income": -98376000.0,
        "Operating Expense": 456442000.0,
        "Other Operating Expenses": 20935000.0,
        "Research And Development": 196973000.0,
        "Selling General And Administration": 238534000.0,
        "Selling And Marketing Expense": 69472000.0,
        "General And Administrative Expense": 169062000.0,
        "Other Gand A": 169062000.0,
        "Gross Profit": 358066000.0,
        "Cost Of Revenue": 566499000.0,
        "Total Revenue": 924565000.0,
        "Operating Revenue": 916784000.0
    },
    "2024-03-31": {
        "Tax Effect Of Unusual Items": -3422500.0,
        "Tax Rate For Calcs": 0.25,
        "Normalized EBITDA": -42318000.0,
        "Total Unusual Items": -13690000.0,
        "Total Unusual Items Excluding Goodwill": -13690000.0,
        "Net Income From Continuing Operation Net Minority Interest": -53696000.0,
        "Reconciled Cost Of Revenue": 450867000.0,
        "EBITDA": -56008000.0,
        "EBIT": -56008000.0,
        "Net Interest Income": 6062000.0,
        "Interest Expense": 4278000.0,
        "Interest Income": 10340000.0,
        "Normalized Income": -43428500.0,
        "Net Income From Continuing And Discontinued Operation": -104334000.0,
        "Total Expenses": 775928000.0,
        "Total Operating Income As Reported": -66348000.0,
        "Diluted Average Shares": 38999355.0,
        "Basic Average Shares": 38999355.0,
        "Diluted EPS": -1.5,
        "Basic EPS": -1.5,
        "Diluted NI Availto Com Stockholders": -104334000.0,
        "Net Income Common Stockholders": -104334000.0,
        "Net Income": -104334000.0,
        "Minority Interests": 6679000.0,
        "Net Income Including Noncontrolling Interests": -111013000.0,
        "Net Income Discontinuous Operations": -50638000.0,
        "Net Income Continuous Operations": -60375000.0,
        "Tax Provision": 89000.0,
        "Pretax Income": -60286000.0,
        "Other Income Expense": -13690000.0,
        "Special Income Charges": -13690000.0,
        "Write Off": 13690000.0,
        "Earnings From Equity Interest": 0.0,
        "Net Non Operating Interest Income Expense": 6062000.0,
        "Interest Expense Non Operating": 4278000.0,
        "Interest Income Non Operating": 10340000.0,
        "Operating Income": -52658000.0,
        "Operating Expense": 325061000.0,
        "Other Operating Expenses": -17142000.0,
        "Research And Development": 213183000.0,
        "Selling General And Administration": 129020000.0,
        "Selling And Marketing Expense": 48500000.0,
        "General And Administrative Expense": 80520000.0,
        "Other Gand A": 80520000.0,
        "Gross Profit": 272403000.0,
        "Cost Of Revenue": 450867000.0,
        "Total Revenue": 723270000.0,
        "Operating Revenue": 723270000.0
    },
    "2024-06-30": {
        "Tax Effect Of Unusual Items": 1270511.310486,
        "Tax Rate For Calcs": 0.103538,
        "Normalized EBITDA": -32442000.0,
        "Total Unusual Items": 12271000.0,
        "Total Unusual Items Excluding Goodwill": 12271000.0,
        "Net Income From Continuing Operation Net Minority Interest": -16789000.0,
        "Reconciled Cost Of Revenue": 439120000.0,
        "EBITDA": -20171000.0,
        "EBIT": -20171000.0,
        "Net Interest Income": 15636000.0,
        "Interest Expense": 3347000.0,
        "Interest Income": 19346000.0,
        "Normalized Income": -27789488.689514,
        "Net Income From Continuing And Discontinued Operation": 243348000.0,
        "Total Expenses": 743924000.0,
        "Total Operating Income As Reported": -39154000.0,
        "Diluted Average Shares": 35267826.0,
        "Basic Average Shares": 35267826.0,
        "Diluted EPS": 6.9,
        "Basic EPS": 6.9,
        "Diluted NI Availto Com Stockholders": 243348000.0,
        "Net Income Common Stockholders": 243348000.0,
        "Net Income": 243348000.0,
        "Minority Interests": 4294000.0,
        "Net Income Including Noncontrolling Interests": 239054000.0,
        "Net Income Discontinuous Operations": 260137000.0,
        "Net Income Continuous Operations": -21083000.0,
        "Tax Provision": -2435000.0,
        "Pretax Income": -23518000.0,
        "Other Income Expense": 12271000.0,
        "Special Income Charges": -6816000.0,
        "Write Off": 9543000.0,
        "Earnings From Equity Interest": 0.0,
        "Net Non Operating Interest Income Expense": 15636000.0,
        "Interest Expense Non Operating": 3347000.0,
        "Interest Income Non Operating": 19346000.0,
        "Operating Income": -51425000.0,
        "Operating Expense": 304804000.0,
        "Other Operating Expenses": 8772000.0,
        "Research And Development": 186457000.0,
        "Selling General And Administration": 109575000.0,
        "Selling And Marketing Expense": 44068000.0,
        "General And Administrative Expense": 65507000.0,
        "Other Gand A": 65507000.0,
        "Gross Profit": 253379000.0,
        "Cost Of Revenue": 439120000.0,
        "Total Revenue": 692499000.0,
        "Operating Revenue": 654260000.0
    },
    "2024-09-30": {
        "Tax Effect Of Unusual Items": -24161.058957,
        "Tax Rate For Calcs": 0.005262,
        "Normalized EBITDA": -27560000.0,
        "Total Unusual Items": -4592000.0,
        "Total Unusual Items Excluding Goodwill": -4592000.0,
        "Net Income From Continuing Operation Net Minority Interest": -29510000.0,
        "Reconciled Cost Of Revenue": 280545000.0,
        "EBITDA": -32152000.0,
        "EBIT": -32152000.0,
        "Net Interest Income": 14179000.0,
        "Interest Expense": 3959000.0,
        "Interest Income": 18138000.0,
        "Normalized Income": -24942161.058957,
        "Net Income From Continuing And Discontinued Operation": -29510000.0,
        "Total Expenses": 462805000.0,
        "Total Operating Income As Reported": -50290000.0,
        "Diluted Average Shares": 36319638.0,
        "Basic Average Shares": 36319638.0,
        "Diluted EPS": -0.9,
        "Basic EPS": -0.9,
        "Diluted NI Availto Com Stockholders": -29510000.0,
        "Net Income Common Stockholders": -29510000.0,
        "Net Income": -29510000.0,
        "Minority Interests": 6411000.0,
        "Net Income Including Noncontrolling Interests": -35921000.0,
        "Net Income Discontinuous Operations": 0.0,
        "Net Income Continuous Operations": -35921000.0,
        "Tax Provision": -190000.0,
        "Pretax Income": -36111000.0,
        "Other Income Expense": -4592000.0,
        "Special Income Charges": -4592000.0,
        "Write Off": 4592000.0,
        "Earnings From Equity Interest": 0.0,
        "Net Non Operating Interest Income Expense": 14179000.0,
        "Interest Expense Non Operating": 3959000.0,
        "Interest Income Non Operating": 18138000.0,
        "Operating Income": -45698000.0,
        "Operating Expense": 182260000.0,
        "Other Operating Expenses": -7895000.0,
        "Research And Development": 69795000.0,
        "Selling General And Administration": 120360000.0,
        "Selling And Marketing Expense": 45665000.0,
        "General And Administrative Expense": 74695000.0,
        "Other Gand A": 74695000.0,
        "Gross Profit": 136562000.0,
        "Cost Of Revenue": 280545000.0,
        "Total Revenue": 417107000.0,
        "Operating Revenue": 398186000.0
    }
}