{
    "2023-04-30": {
        "Tax Effect Of Unusual Items": NaN,
        "Tax Rate For Calcs": NaN,
        "Normalized EBITDA": NaN,
        "Total Unusual Items": -4858000.0,
        "Total Unusual Items Excluding Goodwill": -4858000.0,
        "Net Income From Continuing Operation Net Minority Interest": NaN,
        "Reconciled Depreciation": NaN,
        "Reconciled Cost Of Revenue": NaN,
        "EBITDA": NaN,
        "EBIT": NaN,
        "Net Interest Income": NaN,
        "Interest Expense": NaN,
        "Interest Income": NaN,
        "Normalized Income": NaN,
        "Net Income From Continuing And Discontinued Operation": NaN,
        "Total Expenses": NaN,
        "Total Operating Income As Reported": NaN,
        "Diluted Average Shares": 7002000.0,
        "Basic Average Shares": 6802000.0,
        "Diluted EPS": 1.24,
        "Basic EPS": 1.28,
        "Diluted NI Availto Com Stockholders": NaN,
        "Net Income Common Stockholders": NaN,
        "Otherunder Preferred Stock Dividend": NaN,
        "Net Income": NaN,
        "Minority Interests": NaN,
        "Net Income Including Noncontrolling Interests": NaN,
        "Net Income Continuous Operations": NaN,
        "Tax Provision": NaN,
        "Pretax Income": NaN,
        "Other Income Expense": NaN,
        "Other Non Operating Income Expenses": NaN,
        "Special Income Charges": -4858000.0,
        "Other Special Charges": 4858000.0,
        "Impairment Of Capital Assets": 0.0,
        "Net Non Operating Interest Income Expense": NaN,
        "Interest Expense Non Operating": NaN,
        "Interest Income Non Operating": NaN,
        "Operating Income": NaN,
        "Operating Expense": NaN,
        "Selling General And Administration": NaN,
        "Gross Profit": NaN,
        "Cost Of Revenue": NaN,
        "Total Revenue": NaN,
        "Operating Revenue": NaN
    },
    "2023-01-31": {
        "Tax Effect Of Unusual Items": NaN,
        "Tax Rate For Calcs": NaN,
        "Normalized EBITDA": NaN,
        "Total Unusual Items": NaN,
        "Total Unusual Items Excluding Goodwill": NaN,
        "Net Income From Continuing Operation Net Minority Interest": NaN,
        "Reconciled Depreciation": NaN,
        "Reconciled Cost Of Revenue": NaN,
        "EBITDA": NaN,
        "EBIT": NaN,
        "Net Interest Income": NaN,
        "Interest Expense": NaN,
        "Interest Income": NaN,
        "Normalized Income": NaN,
        "Net Income From Continuing And Discontinued Operation": NaN,
        "Total Expenses": NaN,
        "Total Operating Income As Reported": NaN,
        "Diluted Average Shares": 6950000.0,
        "Basic Average Shares": 6793000.0,
        "Diluted EPS": 0.56,
        "Basic EPS": 0.58,
        "Diluted NI Availto Com Stockholders": NaN,
        "Net Income Common Stockholders": NaN,
        "Otherunder Preferred Stock Dividend": NaN,
        "Net Income": NaN,
        "Minority Interests": NaN,
        "Net Income Including Noncontrolling Interests": NaN,
        "Net Income Continuous Operations": NaN,
        "Tax Provision": NaN,
        "Pretax Income": NaN,
        "Other Income Expense": NaN,
        "Other Non Operating Income Expenses": NaN,
        "Special Income Charges": NaN,
        "Other Special Charges": NaN,
        "Impairment Of Capital Assets": NaN,
        "Net Non Operating Interest Income Expense": NaN,
        "Interest Expense Non Operating": NaN,
        "Interest Income Non Operating": NaN,
        "Operating Income": NaN,
        "Operating Expense": NaN,
        "Selling General And Administration": NaN,
        "Gross Profit": NaN,
        "Cost Of Revenue": NaN,
        "Total Revenue": NaN,
        "Operating Revenue": NaN
    },
    "2022-10-31": {
        "Tax Effect Of Unusual Items": NaN,
        "Tax Rate For Calcs": NaN,
        "Normalized EBITDA": NaN,
        "Total Unusual Items": NaN,
        "Total Unusual Items Excluding Goodwill": NaN,
        "Net Income From Continuing Operation Net Minority Interest": NaN,
        "Reconciled Depreciation": NaN,
        "Reconciled Cost Of Revenue": NaN,
        "EBITDA": NaN,
        "EBIT": NaN,
        "Net Interest Income": NaN,
        "Interest Expense": NaN,
        "Interest Income": NaN,
        "Normalized Income": NaN,
        "Net Income From Continuing And Discontinued Operation": NaN,
        "Total Expenses": NaN,
        "Total Operating Income As Reported": NaN,
        "Diluted Average Shares": 6876000.0,
        "Basic Average Shares": 6746000.0,
        "Diluted EPS": 0.78,
        "Basic EPS": 0.8,
        "Diluted NI Availto Com Stockholders": NaN,
        "Net Income Common Stockholders": NaN,
        "Otherunder Preferred Stock Dividend": NaN,
        "Net Income": NaN,
        "Minority Interests": NaN,
        "Net Income Including Noncontrolling Interests": NaN,
        "Net Income Continuous Operations": NaN,
        "Tax Provision": NaN,
        "Pretax Income": NaN,
        "Other Income Expense": NaN,
        "Other Non Operating Income Expenses": NaN,
        "Special Income Charges": NaN,
        "Other Special Charges": NaN,
        "Impairment Of Capital Assets": NaN,
        "Net Non Operating Interest Income Expense": NaN,
        "Interest Expense Non Operating": NaN,
        "Interest Income Non Operating": NaN,
        "Operating Income": NaN,
        "Operating Expense": NaN,
        "Selling General And Administration": NaN,
        "Gross Profit": NaN,
        "Cost Of Revenue": NaN,
        "Total Revenue": NaN,
        "Operating Revenue": NaN
    },
    "2022-07-31": {
        "Tax Effect Of Unusual Items": 0.0,
        "Tax Rate For Calcs": 0.199352,
        "Normalized EBITDA": 6841000.0,
        "Total Unusual Items": -303000.0,
        "Total Unusual Items Excluding Goodwill": -303000.0,
        "Net Income From Continuing Operation Net Minority Interest": 5196000.0,
        "Reconciled Depreciation": 3440000.0,
        "Reconciled Cost Of Revenue": 75677000.0,
        "EBITDA": 6841000.0,
        "EBIT": 6841000.0,
        "Net Interest Income": -360000.0,
        "Interest Expense": 360000.0,
        "Interest Income": 19000.0,
        "Normalized Income": 5196000.0,
        "Net Income From Continuing And Discontinued Operation": 5196000.0,
        "Total Expenses": 86673000.0,
        "Total Operating Income As Reported": 6485000.0,
        "Diluted Average Shares": 6896000.0,
        "Basic Average Shares": 6759000.0,
        "Diluted EPS": 0.77,
        "Basic EPS": 0.79,
        "Diluted NI Availto Com Stockholders": 5196000.0,
        "Net Income Common Stockholders": 5196000.0,
        "Net Income": 5196000.0,
        "Minority Interests": 7000.0,
        "Net Income Including Noncontrolling Interests": 5189000.0,
        "Net Income Continuous Operations": 5189000.0,
        "Tax Provision": 1292000.0,
        "Pretax Income": 6481000.0,
        "Other Income Expense": 356000.0,
        "Other Non Operating Income Expenses": 356000.0,
        "Special Income Charges": 0.0,
        "Other Special Charges": NaN,
        "Impairment Of Capital Assets": 0.0,
        "Net Non Operating Interest Income Expense": -360000.0,
        "Interest Expense Non Operating": 360000.0,
        "Interest Income Non Operating": 19000.0,
        "Operating Income": 6485000.0,
        "Operating Expense": 10996000.0,
        "Selling General And Administration": 10996000.0,
        "Gross Profit": 17481000.0,
        "Cost Of Revenue": 75677000.0,
        "Total Revenue": 93158000.0,
        "Operating Revenue": 93158000.0
    },
    "2022-04-30": {
        "Diluted EPS": -0.31,
        "Total Revenue": 86,
        "Gross Profit": 16,
        "Operating Income": -4,
        "EBIT": 5,
        "Net Income": -2
    },
    "2022-01-31": {
        "Diluted EPS": 0.28,
        "Total Revenue": 87,
        "Gross Profit": 16,
        "Operating Income": 2,
        "EBIT": 5,
        "Net Income": 2
    },
    "2021-10-31": {
        "Diluted EPS": 0.08,
        "Total Revenue": 82,
        "Gross Profit": 14,
        "Operating Income": 0,
        "EBIT": 4,
        "Net Income": 1
    },
    "2021-07-31": {
        "Diluted EPS": 0.06,
        "Total Revenue": 78,
        "Gross Profit": 15,
        "Operating Income": 2,
        "EBIT": 5,
        "Net Income": 1
    },
    "2021-04-30": {
        "Diluted EPS": 0.31,
        "Total Revenue": 76,
        "Gross Profit": 15,
        "Operating Income": 2,
        "EBIT": 6,
        "Net Income": 2
    },
    "2021-01-31": {
        "Diluted EPS": 0.61,
        "Total Revenue": 75,
        "Gross Profit": 17,
        "Operating Income": 4,
        "EBIT": 8,
        "Net Income": 4
    },
    "2020-10-31": {
        "Diluted EPS": 0.56,
        "Total Revenue": 76,
        "Gross Profit": 19,
        "Operating Income": 5,
        "EBIT": 9,
        "Net Income": 4
    },
    "2020-07-31": {
        "Diluted EPS": 0.81,
        "Total Revenue": 65,
        "Gross Profit": 8,
        "Operating Income": 9,
        "EBIT": 13,
        "Net Income": 6
    },
    "2020-04-30": {
        "Diluted EPS": 0.64,
        "Total Revenue": 76,
        "Gross Profit": 21,
        "Operating Income": 6,
        "EBIT": 9,
        "Net Income": 5
    },
    "2020-01-31": {
        "Diluted EPS": 0.66,
        "Total Revenue": 71,
        "Gross Profit": 19,
        "Operating Income": 6,
        "EBIT": 9,
        "Net Income": 5
    },
    "2019-10-31": {
        "Diluted EPS": 0.48,
        "Total Revenue": 71,
        "Gross Profit": 20,
        "Operating Income": 4,
        "EBIT": 8,
        "Net Income": 4
    },
    "2019-07-31": {
        "Diluted EPS": 0.52,
        "Total Revenue": 70,
        "Gross Profit": 17,
        "Operating Income": 4,
        "EBIT": 8,
        "Net Income": 4
    },
    "2019-04-30": {
        "Diluted EPS": 0.77,
        "Total Revenue": 71,
        "Gross Profit": 17,
        "Operating Income": 2,
        "EBIT": 6,
        "Net Income": 6
    },
    "2019-01-31": {
        "Diluted EPS": 0.32,
        "Total Revenue": 70,
        "Gross Profit": 15,
        "Operating Income": 3,
        "EBIT": 6,
        "Net Income": 2
    },
    "2018-10-31": {
        "Diluted EPS": 0.13,
        "Total Revenue": 66,
        "Gross Profit": 16,
        "Operating Income": 1,
        "EBIT": 4,
        "Net Income": 1
    },
    "2018-07-31": {
        "Diluted EPS": 0.35,
        "Total Revenue": 66,
        "Gross Profit": 16,
        "Operating Income": 3,
        "EBIT": 6,
        "Net Income": 3
    },
    "2018-04-30": {
        "Diluted EPS": 0.5,
        "Total Revenue": 65,
        "Gross Profit": 18,
        "Operating Income": 3,
        "EBIT": 6,
        "Net Income": 4
    },
    "2018-01-31": {
        "Diluted EPS": -0.15,
        "Total Revenue": 69,
        "Gross Profit": 20,
        "Operating Income": 5,
        "EBIT": 8,
        "Net Income": -1
    },
    "2017-10-31": {
        "Diluted EPS": 0.41,
        "Total Revenue": 67,
        "Gross Profit": 19,
        "Operating Income": 4,
        "EBIT": 7,
        "Net Income": 3
    },
    "2017-07-31": {
        "Diluted EPS": 0.15,
        "Total Revenue": 66,
        "Gross Profit": 16,
        "Operating Income": 3,
        "EBIT": 6,
        "Net Income": 1
    },
    "2017-04-30": {
        "Diluted EPS": 0.45,
        "Total Revenue": 65,
        "Gross Profit": 18,
        "Operating Income": 4,
        "EBIT": 7,
        "Net Income": 3
    },
    "2017-01-31": {
        "Diluted EPS": 0.59,
        "Total Revenue": 65,
        "Gross Profit": 19,
        "Operating Income": 6,
        "EBIT": 9,
        "Net Income": 4
    },
    "2016-10-31": {
        "Diluted EPS": 0.28,
        "Total Revenue": 67,
        "Gross Profit": 21,
        "Operating Income": 3,
        "EBIT": 6,
        "Net Income": 2
    },
    "2016-07-31": {
        "Diluted EPS": 0.74,
        "Total Revenue": 65,
        "Gross Profit": 19,
        "Operating Income": 3,
        "EBIT": 7,
        "Net Income": 5
    },
    "2016-04-30": {
        "Diluted EPS": -0.13,
        "Total Revenue": 64,
        "Gross Profit": 19,
        "Operating Income": -1,
        "EBIT": 2,
        "Net Income": -1
    },
    "2016-01-31": {
        "Diluted EPS": 0.54,
        "Total Revenue": 65,
        "Gross Profit": 19,
        "Operating Income": 5,
        "EBIT": 8,
        "Net Income": 4
    },
    "2015-10-31": {
        "Diluted EPS": 0.77,
        "Total Revenue": 68,
        "Gross Profit": 21,
        "Operating Income": 8,
        "EBIT": 11,
        "Net Income": 5
    },
    "2015-07-31": {
        "Diluted EPS": 0.74,
        "Total Revenue": 66,
        "Gross Profit": 17,
        "Operating Income": 6,
        "EBIT": 9,
        "Net Income": 5
    },
    "2015-04-30": {
        "Diluted EPS": 0.19,
        "Total Revenue": 65,
        "Gross Profit": 14,
        "Operating Income": 2,
        "EBIT": 5,
        "Net Income": 1
    },
    "2015-01-31": {
        "Diluted EPS": 0.39,
        "Total Revenue": 65,
        "Gross Profit": 15,
        "Operating Income": 4,
        "EBIT": 7,
        "Net Income": 3
    },
    "2014-10-31": {
        "Diluted EPS": 0.3,
        "Total Revenue": 66,
        "Gross Profit": 14,
        "Operating Income": 3,
        "EBIT": 6,
        "Net Income": 2
    },
    "2014-07-31": {
        "Diluted EPS": 0.07,
        "Total Revenue": 66,
        "Gross Profit": 12,
        "Operating Income": 1,
        "EBIT": 4,
        "Net Income": 0
    },
    "2014-04-30": {
        "Diluted EPS": 0.1,
        "Total Revenue": 67,
        "Gross Profit": 14,
        "Operating Income": 1,
        "EBIT": 4,
        "Net Income": 1
    },
    "2014-01-31": {
        "Diluted EPS": 0.61,
        "Total Revenue": 69,
        "Gross Profit": 17,
        "Operating Income": 6,
        "EBIT": 8,
        "Net Income": 4
    },
    "2013-10-31": {
        "Diluted EPS": 0.41,
        "Total Revenue": 64,
        "Gross Profit": 17,
        "Operating Income": 4,
        "EBIT": 7,
        "Net Income": 3
    },
    "2013-07-31": {
        "Diluted EPS": 0.68,
        "Total Revenue": 64,
        "Gross Profit": 16,
        "Operating Income": 4,
        "EBIT": 7,
        "Net Income": 5
    },
    "2013-04-30": {
        "Diluted EPS": 0.47,
        "Total Revenue": 64,
        "Gross Profit": 17,
        "Operating Income": 5,
        "EBIT": 7,
        "Net Income": 3
    },
    "2013-01-31": {
        "Diluted EPS": 0.31,
        "Total Revenue": 61,
        "Gross Profit": 16,
        "Operating Income": 3,
        "EBIT": 6,
        "Net Income": 2
    },
    "2012-10-31": {
        "Diluted EPS": 0.65,
        "Total Revenue": 61,
        "Gross Profit": 17,
        "Operating Income": 6,
        "EBIT": 9,
        "Net Income": 4
    },
    "2012-07-31": {
        "Diluted EPS": -0.01,
        "Total Revenue": 61,
        "Gross Profit": 16,
        "Operating Income": 0,
        "EBIT": 3,
        "Net Income": 0
    },
    "2012-04-30": {
        "Diluted EPS": 0.27,
        "Total Revenue": 60,
        "Gross Profit": 15,
        "Operating Income": 3,
        "EBIT": 5,
        "Net Income": 2
    },
    "2012-01-31": {
        "Diluted EPS": 0.45,
        "Total Revenue": 60,
        "Gross Profit": 15,
        "Operating Income": 5,
        "EBIT": 7,
        "Net Income": 3
    },
    "2011-10-31": {
        "Diluted EPS": 0.15,
        "Total Revenue": 60,
        "Gross Profit": 14,
        "Operating Income": 2,
        "EBIT": 4,
        "Net Income": 1
    },
    "2011-07-31": {
        "Diluted EPS": 0.41,
        "Total Revenue": 58,
        "Gross Profit": 12,
        "Operating Income": 4,
        "EBIT": 6,
        "Net Income": 3
    },
    "2011-04-30": {
        "Diluted EPS": 0.26,
        "Total Revenue": 56,
        "Gross Profit": 12,
        "Operating Income": 3,
        "EBIT": 5,
        "Net Income": 2
    },
    "2011-01-31": {
        "Diluted EPS": 0.25,
        "Total Revenue": 57,
        "Gross Profit": 12,
        "Operating Income": 3,
        "EBIT": 5,
        "Net Income": 2
    },
    "2010-10-31": {
        "Diluted EPS": 0.35,
        "Total Revenue": 56,
        "Gross Profit": 13,
        "Operating Income": 4,
        "EBIT": 6,
        "Net Income": 3
    },
    "2010-07-31": {
        "Diluted EPS": 0.34,
        "Total Revenue": 55,
        "Gross Profit": 12,
        "Operating Income": 3,
        "EBIT": 5,
        "Net Income": 2
    },
    "2010-04-30": {
        "Diluted EPS": 0.35,
        "Total Revenue": 56,
        "Gross Profit": 13,
        "Operating Income": 4,
        "EBIT": 6,
        "Net Income": 3
    },
    "2010-01-31": {
        "Diluted EPS": 0.31,
        "Total Revenue": 55,
        "Gross Profit": 13,
        "Operating Income": 3,
        "EBIT": 5,
        "Net Income": 2
    },
    "2009-10-31": {
        "Diluted EPS": 0.3,
        "Total Revenue": 53,
        "Gross Profit": 12,
        "Operating Income": 3,
        "EBIT": 5,
        "Net Income": 2
    },
    "2009-07-31": {
        "Diluted EPS": 0.36,
        "Total Revenue": 56,
        "Gross Profit": 12,
        "Operating Income": 4,
        "EBIT": 6,
        "Net Income": 3
    },
    "2009-04-30": {
        "Diluted EPS": 0.33,
        "Total Revenue": 58,
        "Gross Profit": 13,
        "Operating Income": 4,
        "EBIT": 5,
        "Net Income": 2
    },
    "2009-01-31": {
        "Diluted EPS": 0.33,
        "Total Revenue": 59,
        "Gross Profit": 12,
        "Operating Income": 4,
        "EBIT": 5,
        "Net Income": 2
    },
    "2023-07-31": {
        "Tax Effect Of Unusual Items": NaN,
        "Tax Rate For Calcs": NaN,
        "Normalized EBITDA": NaN,
        "Total Unusual Items": 311000.0,
        "Total Unusual Items Excluding Goodwill": 311000.0,
        "Net Income From Continuing Operation Net Minority Interest": NaN,
        "Reconciled Depreciation": NaN,
        "Reconciled Cost Of Revenue": NaN,
        "EBITDA": NaN,
        "EBIT": NaN,
        "Net Interest Income": NaN,
        "Interest Expense": NaN,
        "Interest Income": NaN,
        "Normalized Income": NaN,
        "Net Income From Continuing And Discontinued Operation": NaN,
        "Total Expenses": NaN,
        "Total Operating Income As Reported": NaN,
        "Diluted Average Shares": NaN,
        "Basic Average Shares": NaN,
        "Diluted EPS": NaN,
        "Basic EPS": NaN,
        "Diluted NI Availto Com Stockholders": NaN,
        "Net Income Common Stockholders": NaN,
        "Otherunder Preferred Stock Dividend": NaN,
        "Net Income": NaN,
        "Minority Interests": 0.0,
        "Net Income Including Noncontrolling Interests": NaN,
        "Net Income Continuous Operations": NaN,
        "Tax Provision": NaN,
        "Pretax Income": NaN,
        "Other Income Expense": NaN,
        "Other Non Operating Income Expenses": NaN,
        "Special Income Charges": 206000.0,
        "Other Special Charges": -206000.0,
        "Impairment Of Capital Assets": 0.0,
        "Net Non Operating Interest Income Expense": NaN,
        "Interest Expense Non Operating": NaN,
        "Interest Income Non Operating": NaN,
        "Operating Income": NaN,
        "Operating Expense": NaN,
        "Selling General And Administration": NaN,
        "Gross Profit": NaN,
        "Cost Of Revenue": NaN,
        "Total Revenue": NaN,
        "Operating Revenue": NaN
    },
    "2023-10-31": {
        "Tax Effect Of Unusual Items": 0.0,
        "Tax Rate For Calcs": 0.162744,
        "Normalized EBITDA": 17559000.0,
        "Total Unusual Items": NaN,
        "Total Unusual Items Excluding Goodwill": NaN,
        "Net Income From Continuing Operation Net Minority Interest": 10742000.0,
        "Reconciled Depreciation": 4368000.0,
        "Reconciled Cost Of Revenue": 80447000.0,
        "EBITDA": 17559000.0,
        "EBIT": 13191000.0,
        "Net Interest Income": -186000.0,
        "Interest Expense": 361000.0,
        "Interest Income": 175000.0,
        "Normalized Income": 10742000.0,
        "Net Income From Continuing And Discontinued Operation": 10742000.0,
        "Total Expenses": 98282000.0,
        "Total Operating Income As Reported": 13156000.0,
        "Diluted Average Shares": 8761000.0,
        "Basic Average Shares": 6794000.0,
        "Diluted EPS": 1.5,
        "Basic EPS": 1.61,
        "Diluted NI Availto Com Stockholders": 10172000.0,
        "Net Income Common Stockholders": 10172000.0,
        "Otherunder Preferred Stock Dividend": 570000.0,
        "Net Income": 10742000.0,
        "Minority Interests": 0.0,
        "Net Income Including Noncontrolling Interests": 10742000.0,
        "Net Income Continuous Operations": 10742000.0,
        "Tax Provision": 2088000.0,
        "Pretax Income": 12830000.0,
        "Other Income Expense": -140000.0,
        "Other Non Operating Income Expenses": -140000.0,
        "Special Income Charges": NaN,
        "Other Special Charges": NaN,
        "Impairment Of Capital Assets": NaN,
        "Net Non Operating Interest Income Expense": -186000.0,
        "Interest Expense Non Operating": 361000.0,
        "Interest Income Non Operating": 175000.0,
        "Operating Income": 13156000.0,
        "Operating Expense": 17835000.0,
        "Selling General And Administration": 17835000.0,
        "Gross Profit": 30991000.0,
        "Cost Of Revenue": 80447000.0,
        "Total Revenue": 111438000.0,
        "Operating Revenue": 111438000.0
    },
    "2024-01-31": {
        "Tax Effect Of Unusual Items": 0.0,
        "Tax Rate For Calcs": 0.156654,
        "Normalized EBITDA": 19530000.0,
        "Total Unusual Items": NaN,
        "Total Unusual Items Excluding Goodwill": NaN,
        "Net Income From Continuing Operation Net Minority Interest": 12382000.0,
        "Reconciled Depreciation": 4486000.0,
        "Reconciled Cost Of Revenue": 74726000.0,
        "EBITDA": 19530000.0,
        "EBIT": 15044000.0,
        "Net Interest Income": -65000.0,
        "Interest Expense": 362000.0,
        "Interest Income": 297000.0,
        "Normalized Income": 12382000.0,
        "Net Income From Continuing And Discontinued Operation": 12382000.0,
        "Total Expenses": 90503000.0,
        "Total Operating Income As Reported": 15165000.0,
        "Diluted Average Shares": 8837000.0,
        "Basic Average Shares": 6860000.0,
        "Diluted EPS": 1.7,
        "Basic EPS": 1.84,
        "Diluted NI Availto Com Stockholders": 11684000.0,
        "Net Income Common Stockholders": 11684000.0,
        "Otherunder Preferred Stock Dividend": 698000.0,
        "Net Income": 12382000.0,
        "Minority Interests": 0.0,
        "Net Income Including Noncontrolling Interests": 12382000.0,
        "Net Income Continuous Operations": 12382000.0,
        "Tax Provision": 2300000.0,
        "Pretax Income": 14682000.0,
        "Other Income Expense": -418000.0,
        "Other Non Operating Income Expenses": -418000.0,
        "Special Income Charges": NaN,
        "Other Special Charges": NaN,
        "Impairment Of Capital Assets": NaN,
        "Net Non Operating Interest Income Expense": -65000.0,
        "Interest Expense Non Operating": 362000.0,
        "Interest Income Non Operating": 297000.0,
        "Operating Income": 15165000.0,
        "Operating Expense": 15777000.0,
        "Selling General And Administration": 15777000.0,
        "Gross Profit": 30942000.0,
        "Cost Of Revenue": 74726000.0,
        "Total Revenue": 105668000.0,
        "Operating Revenue": 105668000.0
    },
    "2024-04-30": {
        "Tax Effect Of Unusual Items": 0.0,
        "Tax Rate For Calcs": 0.232886,
        "Normalized EBITDA": 15282000.0,
        "Total Unusual Items": 0.0,
        "Total Unusual Items Excluding Goodwill": 0.0,
        "Net Income From Continuing Operation Net Minority Interest": 7777000.0,
        "Reconciled Depreciation": 4765000.0,
        "Reconciled Cost Of Revenue": 76642000.0,
        "EBITDA": 15282000.0,
        "EBIT": 10517000.0,
        "Net Interest Income": -94000.0,
        "Interest Expense": 379000.0,
        "Interest Income": 285000.0,
        "Normalized Income": 7777000.0,
        "Net Income From Continuing And Discontinued Operation": 7777000.0,
        "Total Expenses": 96347000.0,
        "Total Operating Income As Reported": 10432000.0,
        "Diluted Average Shares": 8872000.0,
        "Basic Average Shares": 6892000.0,
        "Diluted EPS": 1.07,
        "Basic EPS": 1.15,
        "Diluted NI Availto Com Stockholders": 7777000.0,
        "Net Income Common Stockholders": 7777000.0,
        "Otherunder Preferred Stock Dividend": NaN,
        "Net Income": 7777000.0,
        "Minority Interests": 0.0,
        "Net Income Including Noncontrolling Interests": 7777000.0,
        "Net Income Continuous Operations": 7777000.0,
        "Tax Provision": 2361000.0,
        "Pretax Income": 10138000.0,
        "Other Income Expense": -200000.0,
        "Other Non Operating Income Expenses": -200000.0,
        "Special Income Charges": 0.0,
        "Other Special Charges": NaN,
        "Impairment Of Capital Assets": NaN,
        "Net Non Operating Interest Income Expense": -94000.0,
        "Interest Expense Non Operating": 379000.0,
        "Interest Income Non Operating": 285000.0,
        "Operating Income": 10432000.0,
        "Operating Expense": 19705000.0,
        "Selling General And Administration": 19705000.0,
        "Gross Profit": 30137000.0,
        "Cost Of Revenue": 76642000.0,
        "Total Revenue": 106779000.0,
        "Operating Revenue": 106779000.0
    },
    "2024-07-31": {
        "Tax Effect Of Unusual Items": -181895.508708,
        "Tax Rate For Calcs": 0.289643,
        "Normalized EBITDA": 18993000.0,
        "Total Unusual Items": -628000.0,
        "Total Unusual Items Excluding Goodwill": -628000.0,
        "Net Income From Continuing Operation Net Minority Interest": 8525000.0,
        "Reconciled Depreciation": 5662000.0,
        "Reconciled Cost Of Revenue": 80678000.0,
        "EBITDA": 18365000.0,
        "EBIT": 12703000.0,
        "Net Interest Income": -586000.0,
        "Interest Expense": 702000.0,
        "Interest Income": 116000.0,
        "Normalized Income": 8971104.491292,
        "Net Income From Continuing And Discontinued Operation": 8525000.0,
        "Total Expenses": 100810000.0,
        "Total Operating Income As Reported": 12892000.0,
        "Diluted Average Shares": NaN,
        "Basic Average Shares": NaN,
        "Diluted EPS": NaN,
        "Basic EPS": NaN,
        "Diluted NI Availto Com Stockholders": 6360000.0,
        "Net Income Common Stockholders": 6360000.0,
        "Otherunder Preferred Stock Dividend": NaN,
        "Net Income": 8525000.0,
        "Minority Interests": 0.0,
        "Net Income Including Noncontrolling Interests": 8525000.0,
        "Net Income Continuous Operations": 8525000.0,
        "Tax Provision": 3476000.0,
        "Pretax Income": 12001000.0,
        "Other Income Expense": -305000.0,
        "Other Non Operating Income Expenses": 323000.0,
        "Special Income Charges": 0.0,
        "Other Special Charges": NaN,
        "Impairment Of Capital Assets": NaN,
        "Net Non Operating Interest Income Expense": -586000.0,
        "Interest Expense Non Operating": 702000.0,
        "Interest Income Non Operating": 116000.0,
        "Operating Income": 12892000.0,
        "Operating Expense": 20132000.0,
        "Selling General And Administration": 20132000.0,
        "Gross Profit": 33024000.0,
        "Cost Of Revenue": 80678000.0,
        "Total Revenue": 113702000.0,
        "Operating Revenue": 113702000.0
    },
    "2024-10-31": {
        "Tax Effect Of Unusual Items": 0.0,
        "Tax Rate For Calcs": 0.189387,
        "Normalized EBITDA": 26317000.0,
        "Total Unusual Items": NaN,
        "Total Unusual Items Excluding Goodwill": NaN,
        "Net Income From Continuing Operation Net Minority Interest": 16376000.0,
        "Reconciled Depreciation": 5381000.0,
        "Reconciled Cost Of Revenue": 87165000.0,
        "EBITDA": 26317000.0,
        "EBIT": 20936000.0,
        "Net Interest Income": -584000.0,
        "Interest Expense": 734000.0,
        "Interest Income": 150000.0,
        "Normalized Income": 16376000.0,
        "Net Income From Continuing And Discontinued Operation": 16376000.0,
        "Total Expenses": 106755000.0,
        "Total Operating Income As Reported": 21190000.0,
        "Diluted Average Shares": 8890000.0,
        "Basic Average Shares": 6906000.0,
        "Diluted EPS": 2.25,
        "Basic EPS": 2.43,
        "Diluted NI Availto Com Stockholders": 15559000.0,
        "Net Income Common Stockholders": 15559000.0,
        "Otherunder Preferred Stock Dividend": 817000.0,
        "Net Income": 16376000.0,
        "Minority Interests": NaN,
        "Net Income Including Noncontrolling Interests": 16376000.0,
        "Net Income Continuous Operations": 16376000.0,
        "Tax Provision": 3826000.0,
        "Pretax Income": 20202000.0,
        "Other Income Expense": -404000.0,
        "Other Non Operating Income Expenses": -404000.0,
        "Special Income Charges": NaN,
        "Other Special Charges": NaN,
        "Impairment Of Capital Assets": NaN,
        "Net Non Operating Interest Income Expense": -584000.0,
        "Interest Expense Non Operating": 734000.0,
        "Interest Income Non Operating": 150000.0,
        "Operating Income": 21190000.0,
        "Operating Expense": 19590000.0,
        "Selling General And Administration": 19590000.0,
        "Gross Profit": 40780000.0,
        "Cost Of Revenue": 87165000.0,
        "Total Revenue": 127945000.0,
        "Operating Revenue": 127945000.0
    }
}