{
    "2023-06-30": {
        "Tax Effect Of Unusual Items": 0.0,
        "Tax Rate For Calcs": 0.254,
        "Normalized EBITDA": 471802000.0,
        "Net Income From Continuing Operation Net Minority Interest": 292362000.0,
        "Reconciled Depreciation": 79787000.0,
        "Reconciled Cost Of Revenue": 916594000.0,
        "EBITDA": 471802000.0,
        "EBIT": 392015000.0,
        "Net Interest Income": 2279000.0,
        "Interest Expense": 89000.0,
        "Interest Income": 2368000.0,
        "Normalized Income": 292362000.0,
        "Net Income From Continuing And Discontinued Operation": 292362000.0,
        "Total Expenses": 1021595000.0,
        "Total Operating Income As Reported": 391594000.0,
        "Diluted Average Shares": 110199000.0,
        "Basic Average Shares": 109521000.0,
        "Diluted EPS": 2.65,
        "Basic EPS": 2.67,
        "Diluted NI Availto Com Stockholders": 292362000.0,
        "Net Income Common Stockholders": 292362000.0,
        "Net Income": 292362000.0,
        "Net Income Including Noncontrolling Interests": 292362000.0,
        "Net Income Continuous Operations": 292362000.0,
        "Tax Provision": 99564000.0,
        "Pretax Income": 391926000.0,
        "Other Income Expense": -1947000.0,
        "Other Non Operating Income Expenses": -1947000.0,
        "Net Non Operating Interest Income Expense": 2279000.0,
        "Interest Expense Non Operating": 89000.0,
        "Interest Income Non Operating": 2368000.0,
        "Operating Income": 391594000.0,
        "Operating Expense": 105001000.0,
        "Other Operating Expenses": 2609000.0,
        "Other Taxes": 36890000.0,
        "Selling General And Administration": 65502000.0,
        "General And Administrative Expense": 65502000.0,
        "Other Gand A": 50121000.0,
        "Insurance And Claims": 15381000.0,
        "Gross Profit": 496595000.0,
        "Cost Of Revenue": 916594000.0,
        "Total Revenue": 1413189000.0,
        "Operating Revenue": 1413189000.0
    },
    "2023-03-31": {
        "Tax Effect Of Unusual Items": 0.0,
        "Tax Rate For Calcs": 0.258,
        "Normalized EBITDA": 460300000.0,
        "Net Income From Continuing Operation Net Minority Interest": 285038000.0,
        "Reconciled Depreciation": 75951000.0,
        "Reconciled Cost Of Revenue": 951021000.0,
        "EBITDA": 460300000.0,
        "EBIT": 384349000.0,
        "Net Interest Income": 2611000.0,
        "Interest Expense": 200000.0,
        "Interest Income": 2811000.0,
        "Normalized Income": 285038000.0,
        "Net Income From Continuing And Discontinued Operation": 285038000.0,
        "Total Expenses": 1059087000.0,
        "Total Operating Income As Reported": 383049000.0,
        "Diluted Average Shares": 110679000.0,
        "Basic Average Shares": 109956000.0,
        "Diluted EPS": 2.58,
        "Basic EPS": 2.59,
        "Diluted NI Availto Com Stockholders": 285038000.0,
        "Net Income Common Stockholders": 285038000.0,
        "Net Income": 285038000.0,
        "Net Income Including Noncontrolling Interests": 285038000.0,
        "Net Income Continuous Operations": 285038000.0,
        "Tax Provision": 99111000.0,
        "Pretax Income": 384149000.0,
        "Other Income Expense": -1511000.0,
        "Other Non Operating Income Expenses": -1511000.0,
        "Net Non Operating Interest Income Expense": 2611000.0,
        "Interest Expense Non Operating": 200000.0,
        "Interest Income Non Operating": 2811000.0,
        "Operating Income": 383049000.0,
        "Operating Expense": 108066000.0,
        "Other Operating Expenses": 4775000.0,
        "Other Taxes": 36701000.0,
        "Selling General And Administration": 66590000.0,
        "General And Administrative Expense": 66590000.0,
        "Other Gand A": 50562000.0,
        "Insurance And Claims": 16028000.0,
        "Gross Profit": 491115000.0,
        "Cost Of Revenue": 951021000.0,
        "Total Revenue": 1442136000.0,
        "Operating Revenue": 1442136000.0
    },
    "2022-12-31": {
        "Tax Effect Of Unusual Items": 0.0,
        "Tax Rate For Calcs": 0.250168,
        "Normalized EBITDA": 504339000.0,
        "Net Income From Continuing Operation Net Minority Interest": 323929000.0,
        "Reconciled Depreciation": 72057000.0,
        "Reconciled Cost Of Revenue": 964008000.0,
        "EBITDA": 504339000.0,
        "EBIT": 432282000.0,
        "Net Interest Income": 2671000.0,
        "Interest Expense": 280000.0,
        "Interest Income": 2951000.0,
        "Normalized Income": 323929000.0,
        "Net Income From Continuing And Discontinued Operation": 323929000.0,
        "Total Expenses": 1061430000.0,
        "Total Operating Income As Reported": 430229000.0,
        "Diluted Average Shares": 111092000.0,
        "Basic Average Shares": 110350000.0,
        "Diluted EPS": 2.92,
        "Basic EPS": 2.94,
        "Diluted NI Availto Com Stockholders": 323929000.0,
        "Net Income Common Stockholders": 323929000.0,
        "Net Income": 323929000.0,
        "Net Income Including Noncontrolling Interests": 323929000.0,
        "Net Income Continuous Operations": 323929000.0,
        "Tax Provision": 108073000.0,
        "Pretax Income": 432002000.0,
        "Other Income Expense": -898000.0,
        "Other Non Operating Income Expenses": -898000.0,
        "Net Non Operating Interest Income Expense": 2671000.0,
        "Interest Expense Non Operating": 280000.0,
        "Interest Income Non Operating": 2951000.0,
        "Operating Income": 430229000.0,
        "Operating Expense": 97422000.0,
        "Other Operating Expenses": 4285000.0,
        "Other Taxes": 35458000.0,
        "Selling General And Administration": 57679000.0,
        "General And Administrative Expense": 57679000.0,
        "Other Gand A": 49940000.0,
        "Insurance And Claims": 7739000.0,
        "Gross Profit": 527651000.0,
        "Cost Of Revenue": 964008000.0,
        "Total Revenue": 1491659000.0,
        "Operating Revenue": 1491659000.0
    },
    "2022-09-30": {
        "Tax Effect Of Unusual Items": 0.0,
        "Tax Rate For Calcs": 0.239211,
        "Normalized EBITDA": 497062000.0,
        "Net Income From Continuing Operation Net Minority Interest": 377401000.0,
        "Reconciled Depreciation": 68351000.0,
        "Reconciled Cost Of Revenue": 995144000.0,
        "EBITDA": 497062000.0,
        "EBIT": 497062000.0,
        "Net Interest Income": 336000.0,
        "Interest Expense": 997000.0,
        "Interest Income": 1333000.0,
        "Normalized Income": 377401000.0,
        "Net Income From Continuing And Discontinued Operation": 377401000.0,
        "Total Expenses": 1107610000.0,
        "Total Operating Income As Reported": 496080000.0,
        "Diluted Average Shares": 112295000.0,
        "Basic Average Shares": 111569000.0,
        "Diluted EPS": 3.36,
        "Basic EPS": 3.38,
        "Diluted NI Availto Com Stockholders": 377401000.0,
        "Net Income Common Stockholders": 377401000.0,
        "Net Income": 377401000.0,
        "Net Income Including Noncontrolling Interests": 377401000.0,
        "Net Income Continuous Operations": 377401000.0,
        "Tax Provision": 118664000.0,
        "Pretax Income": 496065000.0,
        "Other Income Expense": -351000.0,
        "Other Non Operating Income Expenses": -351000.0,
        "Net Non Operating Interest Income Expense": 336000.0,
        "Interest Expense Non Operating": 997000.0,
        "Interest Income Non Operating": 1333000.0,
        "Operating Income": 496080000.0,
        "Operating Expense": 112466000.0,
        "Other Operating Expenses": 2983000.0,
        "Other Taxes": 35753000.0,
        "Selling General And Administration": 73730000.0,
        "General And Administrative Expense": 73730000.0,
        "Other Gand A": 56239000.0,
        "Insurance And Claims": 17491000.0,
        "Gross Profit": 608546000.0,
        "Cost Of Revenue": 995144000.0,
        "Total Revenue": 1603690000.0,
        "Operating Revenue": 1603690000.0
    },
    "2022-06-30": {
        "Tax Effect Of Unusual Items": 0.0,
        "Tax Rate For Calcs": 0.259999,
        "Normalized EBITDA": 508426000.0,
        "Net Income From Continuing Operation Net Minority Interest": 376078000.0,
        "Reconciled Depreciation": 68314000.0,
        "Reconciled Cost Of Revenue": 1053413000.0,
        "EBITDA": 508426000.0,
        "EBIT": 508426000.0,
        "Net Interest Income": 258000.0,
        "Interest Expense": 213000.0,
        "Interest Income": 471000.0,
        "Normalized Income": 376078000.0,
        "Net Income From Continuing And Discontinued Operation": 376078000.0,
        "Total Expenses": 1158743000.0,
        "Total Operating Income As Reported": 508705000.0,
        "Diluted Average Shares": 113805000.0,
        "Basic Average Shares": 113079000.0,
        "Diluted EPS": 3.3,
        "Basic EPS": 3.33,
        "Diluted NI Availto Com Stockholders": 376078000.0,
        "Net Income Common Stockholders": 376078000.0,
        "Net Income": 376078000.0,
        "Net Income Including Noncontrolling Interests": 376078000.0,
        "Net Income Continuous Operations": 376078000.0,
        "Tax Provision": 132135000.0,
        "Pretax Income": 508213000.0,
        "Other Income Expense": -750000.0,
        "Other Non Operating Income Expenses": -750000.0,
        "Net Non Operating Interest Income Expense": 258000.0,
        "Interest Expense Non Operating": 213000.0,
        "Interest Income Non Operating": 471000.0,
        "Operating Income": 508705000.0,
        "Operating Expense": 105330000.0,
        "Other Operating Expenses": 4400000.0,
        "Other Taxes": 34952000.0,
        "Selling General And Administration": 65978000.0,
        "General And Administrative Expense": 65978000.0,
        "Other Gand A": 49014000.0,
        "Insurance And Claims": 16964000.0,
        "Gross Profit": 614035000.0,
        "Cost Of Revenue": 1053413000.0,
        "Total Revenue": 1667448000.0,
        "Operating Revenue": 1667448000.0
    },
    "2022-03-31": {
        "Diluted EPS": 2.6,
        "Total Revenue": NaN,
        "Gross Profit": NaN,
        "Operating Income": 406,
        "EBIT": 473,
        "Net Income": 300
    },
    "2021-12-31": {
        "Diluted EPS": 2.41,
        "Total Revenue": NaN,
        "Gross Profit": NaN,
        "Operating Income": 372,
        "EBIT": 439,
        "Net Income": 279
    },
    "2021-09-30": {
        "Diluted EPS": 2.47,
        "Total Revenue": NaN,
        "Gross Profit": NaN,
        "Operating Income": 383,
        "EBIT": 449,
        "Net Income": 287
    },
    "2021-06-30": {
        "Diluted EPS": 2.31,
        "Total Revenue": NaN,
        "Gross Profit": NaN,
        "Operating Income": 366,
        "EBIT": 430,
        "Net Income": 270
    },
    "2021-03-31": {
        "Diluted EPS": 1.7,
        "Total Revenue": NaN,
        "Gross Profit": NaN,
        "Operating Income": 270,
        "EBIT": 334,
        "Net Income": 199
    },
    "2020-12-31": {
        "Diluted EPS": 1.61,
        "Total Revenue": NaN,
        "Gross Profit": NaN,
        "Operating Income": 254,
        "EBIT": 319,
        "Net Income": 190
    },
    "2020-09-30": {
        "Diluted EPS": 1.71,
        "Total Revenue": NaN,
        "Gross Profit": NaN,
        "Operating Income": 270,
        "EBIT": 335,
        "Net Income": 202
    },
    "2020-06-30": {
        "Diluted EPS": 1.25,
        "Total Revenue": 896,
        "Gross Profit": 877,
        "Operating Income": 199,
        "EBIT": 265,
        "Net Income": 148
    },
    "2020-03-31": {
        "Diluted EPS": 1.11,
        "Total Revenue": 987,
        "Gross Profit": 967,
        "Operating Income": 183,
        "EBIT": 249,
        "Net Income": 133
    },
    "2019-12-31": {
        "Diluted EPS": 1.19,
        "Total Revenue": NaN,
        "Gross Profit": 988,
        "Operating Income": 188,
        "EBIT": 253,
        "Net Income": 144
    },
    "2019-09-30": {
        "Diluted EPS": 1.37,
        "Total Revenue": NaN,
        "Gross Profit": NaN,
        "Operating Income": 218,
        "EBIT": 281,
        "Net Income": 164
    },
    "2019-06-30": {
        "Diluted EPS": 1.44,
        "Total Revenue": NaN,
        "Gross Profit": NaN,
        "Operating Income": 234,
        "EBIT": 297,
        "Net Income": 174
    },
    "2019-03-31": {
        "Diluted EPS": 1.1,
        "Total Revenue": 991,
        "Gross Profit": 970,
        "Operating Income": 178,
        "EBIT": 241,
        "Net Income": 133
    },
    "2018-12-31": {
        "Diluted EPS": 1.29,
        "Total Revenue": NaN,
        "Gross Profit": NaN,
        "Operating Income": 219,
        "EBIT": 281,
        "Net Income": 159
    },
    "2018-09-30": {
        "Diluted EPS": 1.41,
        "Total Revenue": NaN,
        "Gross Profit": NaN,
        "Operating Income": 228,
        "EBIT": 286,
        "Net Income": 173
    },
    "2018-06-30": {
        "Diluted EPS": 1.33,
        "Total Revenue": NaN,
        "Gross Profit": NaN,
        "Operating Income": 220,
        "EBIT": 277,
        "Net Income": 163
    },
    "2018-03-31": {
        "Diluted EPS": 0.89,
        "Total Revenue": 925,
        "Gross Profit": 903,
        "Operating Income": 149,
        "EBIT": 203,
        "Net Income": 109
    },
    "2017-12-31": {
        "Diluted EPS": 1.6,
        "Total Revenue": 891,
        "Gross Profit": 868,
        "Operating Income": 143,
        "EBIT": 197,
        "Net Income": 197
    },
    "2017-09-30": {
        "Diluted EPS": 0.83,
        "Total Revenue": 873,
        "Gross Profit": 850,
        "Operating Income": 164,
        "EBIT": 216,
        "Net Income": 102
    },
    "2017-06-30": {
        "Diluted EPS": 0.79,
        "Total Revenue": 840,
        "Gross Profit": 819,
        "Operating Income": 160,
        "EBIT": 211,
        "Net Income": 98
    },
    "2017-03-31": {
        "Diluted EPS": 0.53,
        "Total Revenue": 754,
        "Gross Profit": 736,
        "Operating Income": 108,
        "EBIT": 158,
        "Net Income": 66
    },
    "2016-12-31": {
        "Diluted EPS": 0.55,
        "Total Revenue": 746,
        "Gross Profit": 727,
        "Operating Income": 113,
        "EBIT": 163,
        "Net Income": 69
    },
    "2016-09-30": {
        "Diluted EPS": 0.69,
        "Total Revenue": 783,
        "Gross Profit": 764,
        "Operating Income": 137,
        "EBIT": 186,
        "Net Income": 86
    },
    "2016-06-30": {
        "Diluted EPS": 0.65,
        "Total Revenue": 755,
        "Gross Profit": 737,
        "Operating Income": 133,
        "EBIT": 180,
        "Net Income": 81
    },
    "2016-03-31": {
        "Diluted EPS": 0.48,
        "Total Revenue": 708,
        "Gross Profit": 689,
        "Operating Income": 100,
        "EBIT": 144,
        "Net Income": 60
    },
    "2015-12-31": {
        "Diluted EPS": 0.57,
        "Total Revenue": 735,
        "Gross Profit": 711,
        "Operating Income": 114,
        "EBIT": 158,
        "Net Income": 72
    },
    "2015-09-30": {
        "Diluted EPS": 0.66,
        "Total Revenue": 779,
        "Gross Profit": 749,
        "Operating Income": 140,
        "EBIT": 182,
        "Net Income": 84
    },
    "2015-06-30": {
        "Diluted EPS": 0.67,
        "Total Revenue": 762,
        "Gross Profit": 729,
        "Operating Income": 141,
        "EBIT": 181,
        "Net Income": 86
    },
    "2015-03-31": {
        "Diluted EPS": 0.49,
        "Total Revenue": 696,
        "Gross Profit": 666,
        "Operating Income": 104,
        "EBIT": 142,
        "Net Income": 63
    },
    "2014-12-31": {
        "Diluted EPS": 0.54,
        "Total Revenue": 721,
        "Gross Profit": 689,
        "Operating Income": 112,
        "EBIT": 152,
        "Net Income": 70
    },
    "2014-09-30": {
        "Diluted EPS": 0.6,
        "Total Revenue": 744,
        "Gross Profit": 709,
        "Operating Income": 126,
        "EBIT": 164,
        "Net Income": 78
    },
    "2014-06-30": {
        "Diluted EPS": 0.57,
        "Total Revenue": 703,
        "Gross Profit": 670,
        "Operating Income": 123,
        "EBIT": 158,
        "Net Income": 74
    },
    "2014-03-31": {
        "Diluted EPS": 0.35,
        "Total Revenue": 620,
        "Gross Profit": 591,
        "Operating Income": 80,
        "EBIT": 114,
        "Net Income": 46
    },
    "2013-12-31": {
        "Diluted EPS": 0.36,
        "Total Revenue": 592,
        "Gross Profit": 565,
        "Operating Income": 77,
        "EBIT": 111,
        "Net Income": 47
    },
    "2013-09-30": {
        "Diluted EPS": 0.47,
        "Total Revenue": 616,
        "Gross Profit": 588,
        "Operating Income": 98,
        "EBIT": 131,
        "Net Income": 60
    },
    "2013-06-30": {
        "Diluted EPS": 0.45,
        "Total Revenue": 590,
        "Gross Profit": 563,
        "Operating Income": 98,
        "EBIT": 128,
        "Net Income": 58
    },
    "2013-03-31": {
        "Diluted EPS": 0.31,
        "Total Revenue": 538,
        "Gross Profit": 515,
        "Operating Income": 66,
        "EBIT": 96,
        "Net Income": 41
    },
    "2012-12-31": {
        "Diluted EPS": 0.31,
        "Total Revenue": 539,
        "Gross Profit": 510,
        "Operating Income": 68,
        "EBIT": 97,
        "Net Income": 39
    },
    "2012-09-30": {
        "Diluted EPS": 0.39,
        "Total Revenue": 551,
        "Gross Profit": 526,
        "Operating Income": 81,
        "EBIT": 110,
        "Net Income": 51
    },
    "2012-06-30": {
        "Diluted EPS": 0.37,
        "Total Revenue": 547,
        "Gross Profit": 523,
        "Operating Income": 83,
        "EBIT": 109,
        "Net Income": 48
    },
    "2012-03-31": {
        "Diluted EPS": 0.24,
        "Total Revenue": 497,
        "Gross Profit": 481,
        "Operating Income": 54,
        "EBIT": 80,
        "Net Income": 31
    },
    "2011-12-31": {
        "Diluted EPS": 0.31,
        "Total Revenue": 506,
        "Gross Profit": 470,
        "Operating Income": 63,
        "EBIT": 88,
        "Net Income": 40
    },
    "2011-09-30": {
        "Diluted EPS": 0.3,
        "Total Revenue": 494,
        "Gross Profit": 478,
        "Operating Income": 68,
        "EBIT": 92,
        "Net Income": 39
    },
    "2011-06-30": {
        "Diluted EPS": 0.31,
        "Total Revenue": 480,
        "Gross Profit": 463,
        "Operating Income": 65,
        "EBIT": 87,
        "Net Income": 39
    },
    "2011-03-31": {
        "Diluted EPS": 0.17,
        "Total Revenue": 423,
        "Gross Profit": 408,
        "Operating Income": 38,
        "EBIT": 59,
        "Net Income": 22
    },
    "2010-12-31": {
        "Diluted EPS": 0.17,
        "Total Revenue": 399,
        "Gross Profit": 385,
        "Operating Income": 38,
        "EBIT": 58,
        "Net Income": 22
    },
    "2010-09-30": {
        "Diluted EPS": 0.2,
        "Total Revenue": 396,
        "Gross Profit": 381,
        "Operating Income": 43,
        "EBIT": 63,
        "Net Income": 24
    },
    "2010-06-30": {
        "Diluted EPS": 0.17,
        "Total Revenue": 368,
        "Gross Profit": 356,
        "Operating Income": 40,
        "EBIT": 60,
        "Net Income": 22
    },
    "2010-03-31": {
        "Diluted EPS": 0.06,
        "Total Revenue": 318,
        "Gross Profit": 309,
        "Operating Income": 16,
        "EBIT": 38,
        "Net Income": 8
    },
    "2009-12-31": {
        "Diluted EPS": 0.07,
        "Total Revenue": 311,
        "Gross Profit": 303,
        "Operating Income": 19,
        "EBIT": 43,
        "Net Income": 10
    },
    "2009-09-30": {
        "Diluted EPS": 0.08,
        "Total Revenue": 323,
        "Gross Profit": 313,
        "Operating Income": 20,
        "EBIT": 44,
        "Net Income": 10
    },
    "2009-06-30": {
        "Diluted EPS": 0.09,
        "Total Revenue": 316,
        "Gross Profit": 307,
        "Operating Income": 21,
        "EBIT": 45,
        "Net Income": 11
    },
    "2009-03-31": {
        "Diluted EPS": 0.03,
        "Total Revenue": 295,
        "Gross Profit": 287,
        "Operating Income": 10,
        "EBIT": 33,
        "Net Income": 4
    },
    "2022-10-31": {
        "Tax Effect Of Unusual Items": NaN,
        "Tax Rate For Calcs": NaN,
        "Normalized EBITDA": NaN,
        "Net Income From Continuing Operation Net Minority Interest": NaN,
        "Reconciled Depreciation": NaN,
        "Reconciled Cost Of Revenue": NaN,
        "EBITDA": NaN,
        "EBIT": NaN,
        "Net Interest Income": NaN,
        "Interest Expense": NaN,
        "Interest Income": NaN,
        "Normalized Income": NaN,
        "Net Income From Continuing And Discontinued Operation": NaN,
        "Total Expenses": NaN,
        "Total Operating Income As Reported": NaN,
        "Diluted Average Shares": 112295000.0,
        "Basic Average Shares": 111569000.0,
        "Diluted EPS": 3.36,
        "Basic EPS": 3.38,
        "Diluted NI Availto Com Stockholders": NaN,
        "Net Income Common Stockholders": NaN,
        "Net Income": NaN,
        "Net Income Including Noncontrolling Interests": NaN,
        "Net Income Continuous Operations": NaN,
        "Tax Provision": NaN,
        "Pretax Income": NaN,
        "Other Income Expense": NaN,
        "Other Non Operating Income Expenses": NaN,
        "Net Non Operating Interest Income Expense": NaN,
        "Interest Expense Non Operating": NaN,
        "Interest Income Non Operating": NaN,
        "Operating Income": NaN,
        "Operating Expense": NaN,
        "Other Operating Expenses": NaN,
        "Other Taxes": NaN,
        "Selling General And Administration": NaN,
        "General And Administrative Expense": NaN,
        "Other Gand A": NaN,
        "Insurance And Claims": NaN,
        "Gross Profit": NaN,
        "Cost Of Revenue": NaN,
        "Total Revenue": NaN,
        "Operating Revenue": NaN
    },
    "2023-09-30": {
        "Tax Effect Of Unusual Items": 0.0,
        "Tax Rate For Calcs": 0.24,
        "Normalized EBITDA": 530525000.0,
        "Net Income From Continuing Operation Net Minority Interest": 339287000.0,
        "Reconciled Depreciation": 84059000.0,
        "Reconciled Cost Of Revenue": 959353000.0,
        "EBITDA": 530525000.0,
        "EBIT": 446466000.0,
        "Net Interest Income": 2218000.0,
        "Interest Expense": 90000.0,
        "Interest Income": 2308000.0,
        "Normalized Income": 339287000.0,
        "Net Income From Continuing And Discontinued Operation": 339287000.0,
        "Total Expenses": 1070258000.0,
        "Total Operating Income As Reported": 445019000.0,
        "Diluted Average Shares": 109835000.0,
        "Basic Average Shares": 109193000.0,
        "Diluted EPS": 3.09,
        "Basic EPS": 3.11,
        "Diluted NI Availto Com Stockholders": 339287000.0,
        "Net Income Common Stockholders": 339287000.0,
        "Net Income": 339287000.0,
        "Net Income Including Noncontrolling Interests": 339287000.0,
        "Net Income Continuous Operations": 339287000.0,
        "Tax Provision": 107089000.0,
        "Pretax Income": 446376000.0,
        "Other Income Expense": -861000.0,
        "Other Non Operating Income Expenses": -861000.0,
        "Net Non Operating Interest Income Expense": 2218000.0,
        "Interest Expense Non Operating": 90000.0,
        "Interest Income Non Operating": 2308000.0,
        "Operating Income": 445019000.0,
        "Operating Expense": 110905000.0,
        "Other Operating Expenses": 5905000.0,
        "Other Taxes": 36527000.0,
        "Selling General And Administration": 68473000.0,
        "General And Administrative Expense": 68473000.0,
        "Other Gand A": 52469000.0,
        "Insurance And Claims": 16004000.0,
        "Gross Profit": 555924000.0,
        "Cost Of Revenue": 959353000.0,
        "Total Revenue": 1515277000.0,
        "Operating Revenue": 1515277000.0
    }
}