{
    "2023-03-31": {
        "Tax Effect Of Unusual Items": 664400.0,
        "Tax Rate For Calcs": 0.302,
        "Normalized EBITDA": 99200000.0,
        "Total Unusual Items": 2200000.0,
        "Total Unusual Items Excluding Goodwill": 2200000.0,
        "Net Income From Continuing Operation Net Minority Interest": 42300000.0,
        "Reconciled Depreciation": 25700000.0,
        "Reconciled Cost Of Revenue": 364300000.0,
        "EBITDA": 101400000.0,
        "EBIT": 75700000.0,
        "Net Interest Income": -15200000.0,
        "Interest Expense": 15200000.0,
        "Normalized Income": 40764400.0,
        "Net Income From Continuing And Discontinued Operation": 42300000.0,
        "Total Expenses": 427200000.0,
        "Total Operating Income As Reported": 73500000.0,
        "Diluted NI Availto Com Stockholders": 42300000.0,
        "Net Income Common Stockholders": 42300000.0,
        "Net Income": 42300000.0,
        "Net Income Including Noncontrolling Interests": 42300000.0,
        "Net Income Continuous Operations": 42300000.0,
        "Earnings From Equity Interest Net Of Tax": 100000.0,
        "Tax Provision": 18300000.0,
        "Pretax Income": 60500000.0,
        "Other Income Expense": 2200000.0,
        "Special Income Charges": 2200000.0,
        "Other Special Charges": -2200000.0,
        "Net Non Operating Interest Income Expense": -15200000.0,
        "Interest Expense Non Operating": 15200000.0,
        "Operating Income": 73500000.0,
        "Operating Expense": 62900000.0,
        "Other Operating Expenses": -1000000.0,
        "Research And Development": 6200000.0,
        "Selling General And Administration": 57700000.0,
        "Gross Profit": 136400000.0,
        "Cost Of Revenue": 364300000.0,
        "Total Revenue": 500700000.0,
        "Operating Revenue": 500700000.0
    },
    "2022-12-31": {
        "Tax Effect Of Unusual Items": 0.0,
        "Tax Rate For Calcs": 0.15,
        "Normalized EBITDA": 61800000.0,
        "Total Unusual Items": 0.0,
        "Total Unusual Items Excluding Goodwill": 0.0,
        "Net Income From Continuing Operation Net Minority Interest": 12200000.0,
        "Reconciled Depreciation": 25800000.0,
        "Reconciled Cost Of Revenue": 365400000.0,
        "EBITDA": 61800000.0,
        "EBIT": 36000000.0,
        "Net Interest Income": -10800000.0,
        "Interest Expense": 10800000.0,
        "Normalized Income": 12200000.0,
        "Net Income From Continuing And Discontinued Operation": 12200000.0,
        "Total Expenses": 426100000.0,
        "Total Operating Income As Reported": 36000000.0,
        "Diluted NI Availto Com Stockholders": 12200000.0,
        "Net Income Common Stockholders": 12200000.0,
        "Net Income": 12200000.0,
        "Net Income Including Noncontrolling Interests": 12200000.0,
        "Net Income Continuous Operations": 12200000.0,
        "Earnings From Equity Interest Net Of Tax": 200000.0,
        "Tax Provision": 13200000.0,
        "Pretax Income": 25200000.0,
        "Other Income Expense": NaN,
        "Special Income Charges": 0.0,
        "Other Special Charges": NaN,
        "Net Non Operating Interest Income Expense": -10800000.0,
        "Interest Expense Non Operating": 10800000.0,
        "Operating Income": 36000000.0,
        "Operating Expense": 60700000.0,
        "Other Operating Expenses": 1000000.0,
        "Research And Development": 5800000.0,
        "Selling General And Administration": 53900000.0,
        "Gross Profit": 96700000.0,
        "Cost Of Revenue": 365400000.0,
        "Total Revenue": 462100000.0,
        "Operating Revenue": 462100000.0
    },
    "2022-09-30": {
        "Tax Effect Of Unusual Items": 0.0,
        "Tax Rate For Calcs": 0.27,
        "Normalized EBITDA": 78800000.0,
        "Total Unusual Items": 0.0,
        "Total Unusual Items Excluding Goodwill": 0.0,
        "Net Income From Continuing Operation Net Minority Interest": 31800000.0,
        "Reconciled Depreciation": 25200000.0,
        "Reconciled Cost Of Revenue": 428700000.0,
        "EBITDA": 78800000.0,
        "EBIT": 53600000.0,
        "Net Interest Income": -10200000.0,
        "Interest Expense": 10200000.0,
        "Normalized Income": 31800000.0,
        "Net Income From Continuing And Discontinued Operation": 31800000.0,
        "Total Expenses": 489500000.0,
        "Total Operating Income As Reported": 53600000.0,
        "Diluted Average Shares": 61215000.0,
        "Basic Average Shares": 60936000.0,
        "Diluted EPS": 0.52,
        "Basic EPS": 0.52,
        "Diluted NI Availto Com Stockholders": 31800000.0,
        "Net Income Common Stockholders": 31800000.0,
        "Net Income": 31800000.0,
        "Net Income Including Noncontrolling Interests": 31800000.0,
        "Net Income Continuous Operations": 31800000.0,
        "Earnings From Equity Interest Net Of Tax": 100000.0,
        "Tax Provision": 11700000.0,
        "Pretax Income": 43400000.0,
        "Other Income Expense": NaN,
        "Special Income Charges": 0.0,
        "Other Special Charges": NaN,
        "Net Non Operating Interest Income Expense": -10200000.0,
        "Interest Expense Non Operating": 10200000.0,
        "Operating Income": 53600000.0,
        "Operating Expense": 60800000.0,
        "Other Operating Expenses": 300000.0,
        "Research And Development": 4500000.0,
        "Selling General And Administration": 56000000.0,
        "Gross Profit": 114400000.0,
        "Cost Of Revenue": 428700000.0,
        "Total Revenue": 543100000.0,
        "Operating Revenue": 543100000.0
    },
    "2022-06-30": {
        "Tax Effect Of Unusual Items": 0.0,
        "Tax Rate For Calcs": 0.301,
        "Normalized EBITDA": 80300000.0,
        "Total Unusual Items": 0.0,
        "Total Unusual Items Excluding Goodwill": 0.0,
        "Net Income From Continuing Operation Net Minority Interest": 29700000.0,
        "Reconciled Depreciation": 27400000.0,
        "Reconciled Cost Of Revenue": 421400000.0,
        "EBITDA": 80300000.0,
        "EBIT": 52900000.0,
        "Net Interest Income": -10500000.0,
        "Interest Expense": 10500000.0,
        "Normalized Income": 29700000.0,
        "Net Income From Continuing And Discontinued Operation": 29700000.0,
        "Total Expenses": 488300000.0,
        "Total Operating Income As Reported": 52900000.0,
        "Diluted Average Shares": 61010000.0,
        "Basic Average Shares": 60807000.0,
        "Diluted EPS": 0.49,
        "Basic EPS": 0.49,
        "Diluted NI Availto Com Stockholders": 29700000.0,
        "Net Income Common Stockholders": 29700000.0,
        "Net Income": 29700000.0,
        "Net Income Including Noncontrolling Interests": 29700000.0,
        "Net Income Continuous Operations": 29700000.0,
        "Earnings From Equity Interest Net Of Tax": 100000.0,
        "Tax Provision": 12800000.0,
        "Pretax Income": 42400000.0,
        "Other Income Expense": NaN,
        "Special Income Charges": 0.0,
        "Other Special Charges": NaN,
        "Net Non Operating Interest Income Expense": -10500000.0,
        "Interest Expense Non Operating": 10500000.0,
        "Operating Income": 52900000.0,
        "Operating Expense": 66900000.0,
        "Other Operating Expenses": 1300000.0,
        "Research And Development": 5900000.0,
        "Selling General And Administration": 59700000.0,
        "Gross Profit": 119800000.0,
        "Cost Of Revenue": 421400000.0,
        "Total Revenue": 541200000.0,
        "Operating Revenue": 541200000.0
    },
    "2022-03-31": {
        "Diluted EPS": 0.53,
        "Total Revenue": 485,
        "Gross Profit": 118,
        "Operating Income": 55,
        "EBIT": 82,
        "Net Income": 33
    },
    "2021-12-31": {
        "Diluted EPS": 0.0,
        "Total Revenue": 393,
        "Gross Profit": 75,
        "Operating Income": 13,
        "EBIT": 43,
        "Net Income": 1
    },
    "2021-09-30": {
        "Diluted EPS": 0.35,
        "Total Revenue": 393,
        "Gross Profit": 99,
        "Operating Income": 40,
        "EBIT": 67,
        "Net Income": 21
    },
    "2021-06-30": {
        "Diluted EPS": 1.47,
        "Total Revenue": 401,
        "Gross Profit": 110,
        "Operating Income": 133,
        "EBIT": 158,
        "Net Income": 89
    },
    "2021-03-31": {
        "Diluted EPS": 0.39,
        "Total Revenue": 360,
        "Gross Profit": 103,
        "Operating Income": 43,
        "EBIT": 69,
        "Net Income": 24
    },
    "2020-12-31": {
        "Diluted EPS": 0.15,
        "Total Revenue": 316,
        "Gross Profit": 89,
        "Operating Income": 26,
        "EBIT": 53,
        "Net Income": 9
    },
    "2020-09-30": {
        "Diluted EPS": 0.15,
        "Total Revenue": 282,
        "Gross Profit": 79,
        "Operating Income": 24,
        "EBIT": 49,
        "Net Income": 9
    },
    "2020-06-30": {
        "Diluted EPS": -0.29,
        "Total Revenue": 203,
        "Gross Profit": 34,
        "Operating Income": -13,
        "EBIT": 9,
        "Net Income": -18
    },
    "2020-03-31": {
        "Diluted EPS": 0.29,
        "Total Revenue": 336,
        "Gross Profit": 90,
        "Operating Income": 38,
        "EBIT": 62,
        "Net Income": 18
    },
    "2019-12-31": {
        "Diluted EPS": 0.32,
        "Total Revenue": 322,
        "Gross Profit": 89,
        "Operating Income": 33,
        "EBIT": 58,
        "Net Income": 19
    },
    "2019-09-30": {
        "Diluted EPS": 0.39,
        "Total Revenue": 370,
        "Gross Profit": 99,
        "Operating Income": 38,
        "EBIT": 61,
        "Net Income": 24
    },
    "2019-06-30": {
        "Diluted EPS": 0.4,
        "Total Revenue": 399,
        "Gross Profit": 104,
        "Operating Income": 41,
        "EBIT": 67,
        "Net Income": 25
    },
    "2019-03-31": {
        "Diluted EPS": 0.31,
        "Total Revenue": 385,
        "Gross Profit": 98,
        "Operating Income": 35,
        "EBIT": 59,
        "Net Income": 19
    },
    "2018-12-31": {
        "Diluted EPS": 0.25,
        "Total Revenue": 386,
        "Gross Profit": 96,
        "Operating Income": 27,
        "EBIT": 54,
        "Net Income": 16
    },
    "2018-09-30": {
        "Diluted EPS": 0.43,
        "Total Revenue": 394,
        "Gross Profit": 109,
        "Operating Income": 42,
        "EBIT": 64,
        "Net Income": 26
    },
    "2018-06-30": {
        "Diluted EPS": 0.87,
        "Total Revenue": 392,
        "Gross Profit": 113,
        "Operating Income": 82,
        "EBIT": 108,
        "Net Income": 53
    },
    "2018-03-31": {
        "Diluted EPS": 0.44,
        "Total Revenue": 407,
        "Gross Profit": 112,
        "Operating Income": 45,
        "EBIT": 71,
        "Net Income": 27
    },
    "2017-12-31": {
        "Diluted EPS": 0.24,
        "Total Revenue": 340,
        "Gross Profit": 94,
        "Operating Income": 29,
        "EBIT": 62,
        "Net Income": 14
    },
    "2017-09-30": {
        "Diluted EPS": 0.25,
        "Total Revenue": 335,
        "Gross Profit": 95,
        "Operating Income": 33,
        "EBIT": 57,
        "Net Income": 15
    },
    "2017-06-30": {
        "Diluted EPS": 0.3,
        "Total Revenue": 330,
        "Gross Profit": 93,
        "Operating Income": 38,
        "EBIT": 62,
        "Net Income": 18
    },
    "2017-03-31": {
        "Diluted EPS": 0.28,
        "Total Revenue": 324,
        "Gross Profit": 96,
        "Operating Income": 37,
        "EBIT": 59,
        "Net Income": 17
    },
    "2016-12-31": {
        "Diluted EPS": 0.33,
        "Total Revenue": 298,
        "Gross Profit": 94,
        "Operating Income": 40,
        "EBIT": 60,
        "Net Income": 20
    },
    "2016-09-30": {
        "Diluted EPS": -0.07,
        "Total Revenue": 290,
        "Gross Profit": 92,
        "Operating Income": 4,
        "EBIT": 38,
        "Net Income": -4
    },
    "2016-06-30": {
        "Diluted EPS": 0.32,
        "Total Revenue": 280,
        "Gross Profit": 98,
        "Operating Income": 39,
        "EBIT": 62,
        "Net Income": 19
    },
    "2016-03-31": {
        "Diluted EPS": 0.24,
        "Total Revenue": 272,
        "Gross Profit": 90,
        "Operating Income": 34,
        "EBIT": 55,
        "Net Income": 15
    },
    "2015-12-31": {
        "Diluted EPS": 0.03,
        "Total Revenue": 285,
        "Gross Profit": 87,
        "Operating Income": 26,
        "EBIT": 49,
        "Net Income": 2
    },
    "2015-09-30": {
        "Diluted EPS": 0.22,
        "Total Revenue": 310,
        "Gross Profit": 82,
        "Operating Income": 30,
        "EBIT": 50,
        "Net Income": 13
    },
    "2015-06-30": {
        "Diluted EPS": 0.27,
        "Total Revenue": 312,
        "Gross Profit": 94,
        "Operating Income": 40,
        "EBIT": 59,
        "Net Income": 16
    },
    "2015-03-31": {
        "Diluted EPS": 0.28,
        "Total Revenue": 327,
        "Gross Profit": 92,
        "Operating Income": 40,
        "EBIT": 59,
        "Net Income": 17
    },
    "2014-12-31": {
        "Diluted EPS": -0.16,
        "Total Revenue": 354,
        "Gross Profit": 354,
        "Operating Income": 354,
        "EBIT": 381,
        "Net Income": -9
    },
    "2014-09-30": {
        "Diluted EPS": -0.85,
        "Total Revenue": 411,
        "Gross Profit": 76,
        "Operating Income": 10,
        "EBIT": 33,
        "Net Income": -51
    },
    "2014-06-30": {
        "Diluted EPS": 0.12,
        "Total Revenue": 448,
        "Gross Profit": 90,
        "Operating Income": 31,
        "EBIT": 31,
        "Net Income": 8
    },
    "2014-03-31": {
        "Diluted EPS": 0.22,
        "Total Revenue": 455,
        "Gross Profit": 455,
        "Operating Income": 455,
        "EBIT": 455,
        "Net Income": 13
    },
    "2013-12-31": {
        "Diluted EPS": -0.53,
        "Total Revenue": 424,
        "Gross Profit": 424,
        "Operating Income": 424,
        "EBIT": 424,
        "Net Income": -23
    },
    "2013-06-30": {
        "Diluted EPS": -0.03,
        "Total Revenue": 458,
        "Gross Profit": 458,
        "Operating Income": 458,
        "EBIT": 458,
        "Net Income": -1
    },
    "2023-06-30": {
        "Tax Effect Of Unusual Items": 857900.0,
        "Tax Rate For Calcs": 0.373,
        "Normalized EBITDA": 86100000.0,
        "Total Unusual Items": 2300000.0,
        "Total Unusual Items Excluding Goodwill": 2300000.0,
        "Net Income From Continuing Operation Net Minority Interest": 30100000.0,
        "Reconciled Depreciation": 27200000.0,
        "Reconciled Cost Of Revenue": 341700000.0,
        "EBITDA": 88400000.0,
        "EBIT": 61200000.0,
        "Net Interest Income": -13500000.0,
        "Interest Expense": 13500000.0,
        "Normalized Income": 28657900.0,
        "Net Income From Continuing And Discontinued Operation": 30100000.0,
        "Total Expenses": 399900000.0,
        "Total Operating Income As Reported": 58900000.0,
        "Diluted NI Availto Com Stockholders": 30100000.0,
        "Net Income Common Stockholders": 30100000.0,
        "Net Income": 30100000.0,
        "Net Income Including Noncontrolling Interests": 30100000.0,
        "Net Income Continuous Operations": 30100000.0,
        "Earnings From Equity Interest Net Of Tax": 200000.0,
        "Tax Provision": 17800000.0,
        "Pretax Income": 47700000.0,
        "Other Income Expense": 2300000.0,
        "Special Income Charges": 2300000.0,
        "Other Special Charges": -2300000.0,
        "Net Non Operating Interest Income Expense": -13500000.0,
        "Interest Expense Non Operating": 13500000.0,
        "Operating Income": 58900000.0,
        "Operating Expense": 58200000.0,
        "Other Operating Expenses": -2700000.0,
        "Research And Development": 5900000.0,
        "Selling General And Administration": 55000000.0,
        "Gross Profit": 117100000.0,
        "Cost Of Revenue": 341700000.0,
        "Total Revenue": 458800000.0,
        "Operating Revenue": 458800000.0
    },
    "2023-09-30": {
        "Tax Effect Of Unusual Items": 558800.0,
        "Tax Rate For Calcs": 0.254,
        "Normalized EBITDA": 73600000.0,
        "Total Unusual Items": 2200000.0,
        "Total Unusual Items Excluding Goodwill": 2200000.0,
        "Net Income From Continuing Operation Net Minority Interest": 26200000.0,
        "Reconciled Depreciation": 27900000.0,
        "Reconciled Cost Of Revenue": 356000000.0,
        "EBITDA": 75800000.0,
        "EBIT": 47900000.0,
        "Net Interest Income": -12900000.0,
        "Interest Expense": 12900000.0,
        "Normalized Income": 24558800.0,
        "Net Income From Continuing And Discontinued Operation": 26200000.0,
        "Total Expenses": 420500000.0,
        "Total Operating Income As Reported": 45700000.0,
        "Diluted NI Availto Com Stockholders": 26200000.0,
        "Net Income Common Stockholders": 26200000.0,
        "Net Income": 26200000.0,
        "Net Income Including Noncontrolling Interests": 26200000.0,
        "Net Income Continuous Operations": 26200000.0,
        "Earnings From Equity Interest Net Of Tax": 100000.0,
        "Tax Provision": 8900000.0,
        "Pretax Income": 35000000.0,
        "Other Income Expense": 2200000.0,
        "Special Income Charges": 2200000.0,
        "Other Special Charges": -2200000.0,
        "Net Non Operating Interest Income Expense": -12900000.0,
        "Interest Expense Non Operating": 12900000.0,
        "Operating Income": 45700000.0,
        "Operating Expense": 64500000.0,
        "Other Operating Expenses": 2700000.0,
        "Research And Development": 6200000.0,
        "Selling General And Administration": 55600000.0,
        "Gross Profit": 110200000.0,
        "Cost Of Revenue": 356000000.0,
        "Total Revenue": 466200000.0,
        "Operating Revenue": 466200000.0
    }
}