{
    "2023-03-31": {
        "Tax Effect Of Unusual Items": NaN,
        "Tax Rate For Calcs": NaN,
        "Normalized EBITDA": NaN,
        "Total Unusual Items": NaN,
        "Total Unusual Items Excluding Goodwill": NaN,
        "Net Income From Continuing Operation Net Minority Interest": NaN,
        "Reconciled Depreciation": NaN,
        "Reconciled Cost Of Revenue": NaN,
        "EBITDA": NaN,
        "EBIT": NaN,
        "Net Interest Income": NaN,
        "Interest Expense": NaN,
        "Interest Income": NaN,
        "Normalized Income": NaN,
        "Net Income From Continuing And Discontinued Operation": NaN,
        "Total Expenses": NaN,
        "Total Operating Income As Reported": NaN,
        "Diluted Average Shares": 32293937.0,
        "Basic Average Shares": 32293937.0,
        "Diluted EPS": -0.16,
        "Basic EPS": -0.16,
        "Diluted NI Availto Com Stockholders": NaN,
        "Net Income Common Stockholders": NaN,
        "Net Income": NaN,
        "Net Income Including Noncontrolling Interests": NaN,
        "Net Income Continuous Operations": NaN,
        "Tax Provision": NaN,
        "Pretax Income": NaN,
        "Other Income Expense": NaN,
        "Other Non Operating Income Expenses": NaN,
        "Special Income Charges": NaN,
        "Restructuring And Mergern Acquisition": NaN,
        "Net Non Operating Interest Income Expense": NaN,
        "Total Other Finance Cost": NaN,
        "Interest Expense Non Operating": NaN,
        "Interest Income Non Operating": NaN,
        "Operating Income": NaN,
        "Operating Expense": NaN,
        "Research And Development": NaN,
        "Selling General And Administration": NaN,
        "Selling And Marketing Expense": NaN,
        "General And Administrative Expense": NaN,
        "Other Gand A": NaN,
        "Gross Profit": NaN,
        "Cost Of Revenue": NaN,
        "Total Revenue": NaN,
        "Operating Revenue": NaN
    },
    "2022-12-31": {
        "Tax Effect Of Unusual Items": NaN,
        "Tax Rate For Calcs": NaN,
        "Normalized EBITDA": NaN,
        "Total Unusual Items": NaN,
        "Total Unusual Items Excluding Goodwill": NaN,
        "Net Income From Continuing Operation Net Minority Interest": NaN,
        "Reconciled Depreciation": NaN,
        "Reconciled Cost Of Revenue": NaN,
        "EBITDA": NaN,
        "EBIT": NaN,
        "Net Interest Income": NaN,
        "Interest Expense": NaN,
        "Interest Income": 0.0,
        "Normalized Income": NaN,
        "Net Income From Continuing And Discontinued Operation": NaN,
        "Total Expenses": NaN,
        "Total Operating Income As Reported": NaN,
        "Diluted Average Shares": 32047755.0,
        "Basic Average Shares": 32047755.0,
        "Diluted EPS": -0.75,
        "Basic EPS": -0.75,
        "Diluted NI Availto Com Stockholders": NaN,
        "Net Income Common Stockholders": NaN,
        "Net Income": NaN,
        "Net Income Including Noncontrolling Interests": NaN,
        "Net Income Continuous Operations": NaN,
        "Tax Provision": NaN,
        "Pretax Income": NaN,
        "Other Income Expense": NaN,
        "Other Non Operating Income Expenses": NaN,
        "Special Income Charges": NaN,
        "Restructuring And Mergern Acquisition": NaN,
        "Net Non Operating Interest Income Expense": NaN,
        "Total Other Finance Cost": NaN,
        "Interest Expense Non Operating": NaN,
        "Interest Income Non Operating": 0.0,
        "Operating Income": NaN,
        "Operating Expense": NaN,
        "Research And Development": NaN,
        "Selling General And Administration": NaN,
        "Selling And Marketing Expense": NaN,
        "General And Administrative Expense": NaN,
        "Other Gand A": NaN,
        "Gross Profit": NaN,
        "Cost Of Revenue": NaN,
        "Total Revenue": NaN,
        "Operating Revenue": NaN
    },
    "2022-09-30": {
        "Tax Effect Of Unusual Items": NaN,
        "Tax Rate For Calcs": NaN,
        "Normalized EBITDA": NaN,
        "Total Unusual Items": NaN,
        "Total Unusual Items Excluding Goodwill": NaN,
        "Net Income From Continuing Operation Net Minority Interest": NaN,
        "Reconciled Depreciation": NaN,
        "Reconciled Cost Of Revenue": NaN,
        "EBITDA": NaN,
        "EBIT": NaN,
        "Net Interest Income": NaN,
        "Interest Expense": NaN,
        "Interest Income": NaN,
        "Normalized Income": NaN,
        "Net Income From Continuing And Discontinued Operation": NaN,
        "Total Expenses": NaN,
        "Total Operating Income As Reported": NaN,
        "Diluted Average Shares": NaN,
        "Basic Average Shares": NaN,
        "Diluted EPS": NaN,
        "Basic EPS": NaN,
        "Diluted NI Availto Com Stockholders": NaN,
        "Net Income Common Stockholders": NaN,
        "Net Income": NaN,
        "Net Income Including Noncontrolling Interests": NaN,
        "Net Income Continuous Operations": NaN,
        "Tax Provision": NaN,
        "Pretax Income": NaN,
        "Other Income Expense": NaN,
        "Other Non Operating Income Expenses": 1000.0,
        "Special Income Charges": NaN,
        "Restructuring And Mergern Acquisition": NaN,
        "Net Non Operating Interest Income Expense": NaN,
        "Total Other Finance Cost": NaN,
        "Interest Expense Non Operating": NaN,
        "Interest Income Non Operating": NaN,
        "Operating Income": NaN,
        "Operating Expense": NaN,
        "Research And Development": NaN,
        "Selling General And Administration": NaN,
        "Selling And Marketing Expense": NaN,
        "General And Administrative Expense": NaN,
        "Other Gand A": NaN,
        "Gross Profit": NaN,
        "Cost Of Revenue": NaN,
        "Total Revenue": NaN,
        "Operating Revenue": NaN
    },
    "2022-06-30": {
        "Tax Effect Of Unusual Items": -3126.027397,
        "Tax Rate For Calcs": 0.223288,
        "Normalized EBITDA": -3213000.0,
        "Total Unusual Items": -14000.0,
        "Total Unusual Items Excluding Goodwill": -14000.0,
        "Net Income From Continuing Operation Net Minority Interest": -2835000.0,
        "Reconciled Depreciation": 406000.0,
        "Reconciled Cost Of Revenue": 14352000.0,
        "EBITDA": -3227000.0,
        "EBIT": -3633000.0,
        "Net Interest Income": -32000.0,
        "Interest Expense": 17000.0,
        "Interest Income": NaN,
        "Normalized Income": -2824126.027397,
        "Net Income From Continuing And Discontinued Operation": -2835000.0,
        "Total Expenses": 21509000.0,
        "Total Operating Income As Reported": -3617000.0,
        "Diluted Average Shares": 31138398.0,
        "Basic Average Shares": 31138398.0,
        "Diluted EPS": -0.09,
        "Basic EPS": -0.09,
        "Diluted NI Availto Com Stockholders": -2835000.0,
        "Net Income Common Stockholders": -2835000.0,
        "Net Income": -2835000.0,
        "Net Income Including Noncontrolling Interests": -2835000.0,
        "Net Income Continuous Operations": -2835000.0,
        "Tax Provision": -815000.0,
        "Pretax Income": -3650000.0,
        "Other Income Expense": -15000.0,
        "Other Non Operating Income Expenses": -1000.0,
        "Special Income Charges": -14000.0,
        "Restructuring And Mergern Acquisition": 14000.0,
        "Net Non Operating Interest Income Expense": -32000.0,
        "Total Other Finance Cost": 15000.0,
        "Interest Expense Non Operating": 17000.0,
        "Interest Income Non Operating": NaN,
        "Operating Income": -3603000.0,
        "Operating Expense": 7157000.0,
        "Research And Development": 514000.0,
        "Selling General And Administration": 6643000.0,
        "Selling And Marketing Expense": 2889000.0,
        "General And Administrative Expense": 3754000.0,
        "Other Gand A": 3754000.0,
        "Gross Profit": 3554000.0,
        "Cost Of Revenue": 14352000.0,
        "Total Revenue": 17906000.0,
        "Operating Revenue": 17906000.0
    },
    "2022-03-31": {
        "Diluted EPS": -0.05,
        "Total Revenue": 22,
        "Gross Profit": 5,
        "Operating Income": -1,
        "EBIT": -1,
        "Net Income": -1
    },
    "2021-12-31": {
        "Diluted EPS": 0.04,
        "Total Revenue": 31,
        "Gross Profit": 8,
        "Operating Income": 1,
        "EBIT": 2,
        "Net Income": 1
    },
    "2021-09-30": {
        "Diluted EPS": 0.12,
        "Total Revenue": 37,
        "Gross Profit": 11,
        "Operating Income": 5,
        "EBIT": 5,
        "Net Income": 4
    },
    "2021-06-30": {
        "Diluted EPS": 0.08,
        "Total Revenue": 35,
        "Gross Profit": 10,
        "Operating Income": 3,
        "EBIT": 4,
        "Net Income": 3
    },
    "2021-03-31": {
        "Diluted EPS": 0.7,
        "Total Revenue": 35,
        "Gross Profit": 9,
        "Operating Income": 3,
        "EBIT": 3,
        "Net Income": 22
    },
    "2020-12-31": {
        "Diluted EPS": 0.14,
        "Total Revenue": 44,
        "Gross Profit": 11,
        "Operating Income": 4,
        "EBIT": 5,
        "Net Income": 4
    },
    "2020-09-30": {
        "Diluted EPS": 0.06,
        "Total Revenue": 26,
        "Gross Profit": 7,
        "Operating Income": 2,
        "EBIT": 2,
        "Net Income": 2
    },
    "2020-06-30": {
        "Diluted EPS": -0.07,
        "Total Revenue": 11,
        "Gross Profit": 3,
        "Operating Income": -2,
        "EBIT": -2,
        "Net Income": -2
    },
    "2020-03-31": {
        "Diluted EPS": -0.02,
        "Total Revenue": 26,
        "Gross Profit": 6,
        "Operating Income": 0,
        "EBIT": 0,
        "Net Income": -1
    },
    "2019-12-31": {
        "Diluted EPS": 0.07,
        "Total Revenue": 34,
        "Gross Profit": 8,
        "Operating Income": 2,
        "EBIT": 3,
        "Net Income": 2
    },
    "2019-09-30": {
        "Diluted EPS": 0.22,
        "Total Revenue": 48,
        "Gross Profit": 13,
        "Operating Income": 7,
        "EBIT": 7,
        "Net Income": 7
    },
    "2019-06-30": {
        "Diluted EPS": 0.13,
        "Total Revenue": 42,
        "Gross Profit": 10,
        "Operating Income": 4,
        "EBIT": 5,
        "Net Income": 4
    },
    "2019-03-31": {
        "Diluted EPS": -0.04,
        "Total Revenue": 22,
        "Gross Profit": 4,
        "Operating Income": -1,
        "EBIT": 0,
        "Net Income": -1
    },
    "2018-12-31": {
        "Diluted EPS": -0.02,
        "Total Revenue": 16,
        "Gross Profit": 4,
        "Operating Income": -1,
        "EBIT": 0,
        "Net Income": -1
    },
    "2018-09-30": {
        "Diluted EPS": -0.08,
        "Total Revenue": 13,
        "Gross Profit": 3,
        "Operating Income": -2,
        "EBIT": -2,
        "Net Income": -2
    },
    "2018-06-30": {
        "Diluted EPS": -0.09,
        "Total Revenue": 14,
        "Gross Profit": 3,
        "Operating Income": -3,
        "EBIT": -2,
        "Net Income": -3
    },
    "2018-03-31": {
        "Diluted EPS": -0.05,
        "Total Revenue": 15,
        "Gross Profit": 3,
        "Operating Income": -2,
        "EBIT": -1,
        "Net Income": -1
    },
    "2017-12-31": {
        "Diluted EPS": -0.05,
        "Total Revenue": 17,
        "Gross Profit": 5,
        "Operating Income": -1,
        "EBIT": -1,
        "Net Income": -1
    },
    "2017-09-30": {
        "Diluted EPS": -0.13,
        "Total Revenue": 15,
        "Gross Profit": 4,
        "Operating Income": -4,
        "EBIT": -2,
        "Net Income": -4
    },
    "2017-06-30": {
        "Diluted EPS": -0.23,
        "Total Revenue": 13,
        "Gross Profit": 3,
        "Operating Income": -7,
        "EBIT": -6,
        "Net Income": -7
    },
    "2017-03-31": {
        "Diluted EPS": -0.26,
        "Total Revenue": 15,
        "Gross Profit": 1,
        "Operating Income": -7,
        "EBIT": -6,
        "Net Income": -7
    },
    "2016-12-31": {
        "Diluted EPS": -0.04,
        "Total Revenue": 21,
        "Gross Profit": 6,
        "Operating Income": -1,
        "EBIT": 0,
        "Net Income": -1
    },
    "2016-09-30": {
        "Diluted EPS": -0.03,
        "Total Revenue": 19,
        "Gross Profit": 6,
        "Operating Income": -1,
        "EBIT": 0,
        "Net Income": -1
    },
    "2016-06-30": {
        "Diluted EPS": -0.11,
        "Total Revenue": 16,
        "Gross Profit": 4,
        "Operating Income": -3,
        "EBIT": -3,
        "Net Income": -3
    },
    "2016-03-31": {
        "Diluted EPS": -0.4,
        "Total Revenue": 19,
        "Gross Profit": 5,
        "Operating Income": -11,
        "EBIT": -10,
        "Net Income": -11
    },
    "2015-12-31": {
        "Diluted EPS": -0.07,
        "Total Revenue": 17,
        "Gross Profit": 5,
        "Operating Income": -2,
        "EBIT": -1,
        "Net Income": -2
    },
    "2015-09-30": {
        "Diluted EPS": -0.13,
        "Total Revenue": 16,
        "Gross Profit": 3,
        "Operating Income": -4,
        "EBIT": -2,
        "Net Income": -4
    },
    "2015-06-30": {
        "Diluted EPS": -0.13,
        "Total Revenue": 17,
        "Gross Profit": 4,
        "Operating Income": -4,
        "EBIT": -2,
        "Net Income": -4
    },
    "2015-03-31": {
        "Diluted EPS": -0.18,
        "Total Revenue": 19,
        "Gross Profit": 3,
        "Operating Income": -5,
        "EBIT": -4,
        "Net Income": -5
    },
    "2014-12-31": {
        "Diluted EPS": -0.21,
        "Total Revenue": 26,
        "Gross Profit": 4,
        "Operating Income": -5,
        "EBIT": -4,
        "Net Income": -5
    },
    "2014-09-30": {
        "Diluted EPS": -0.84,
        "Total Revenue": 13,
        "Gross Profit": -11,
        "Operating Income": -18,
        "EBIT": -17,
        "Net Income": -18
    },
    "2014-06-30": {
        "Diluted EPS": -0.2,
        "Total Revenue": 13,
        "Gross Profit": 3,
        "Operating Income": -4,
        "EBIT": -3,
        "Net Income": -4
    },
    "2014-03-31": {
        "Diluted EPS": -0.42,
        "Total Revenue": 13,
        "Gross Profit": 1,
        "Operating Income": -9,
        "EBIT": -7,
        "Net Income": -9
    },
    "2013-12-31": {
        "Diluted EPS": 0.05,
        "Total Revenue": 28,
        "Gross Profit": 8,
        "Operating Income": 1,
        "EBIT": 2,
        "Net Income": 1
    },
    "2013-09-30": {
        "Diluted EPS": 0.11,
        "Total Revenue": 27,
        "Gross Profit": 8,
        "Operating Income": 0,
        "EBIT": 2,
        "Net Income": 2
    },
    "2013-06-30": {
        "Diluted EPS": -0.04,
        "Total Revenue": 21,
        "Gross Profit": 6,
        "Operating Income": -1,
        "EBIT": 0,
        "Net Income": -1
    },
    "2013-03-31": {
        "Diluted EPS": 0.02,
        "Total Revenue": 22,
        "Gross Profit": 8,
        "Operating Income": 1,
        "EBIT": 2,
        "Net Income": 1
    },
    "2012-12-31": {
        "Diluted EPS": 0.03,
        "Total Revenue": 29,
        "Gross Profit": 9,
        "Operating Income": 1,
        "EBIT": 2,
        "Net Income": 1
    },
    "2012-09-30": {
        "Diluted EPS": -0.46,
        "Total Revenue": 19,
        "Gross Profit": 6,
        "Operating Income": -4,
        "EBIT": -3,
        "Net Income": -10
    },
    "2012-06-30": {
        "Diluted EPS": -0.09,
        "Total Revenue": 15,
        "Gross Profit": 4,
        "Operating Income": -4,
        "EBIT": -2,
        "Net Income": -2
    },
    "2012-03-31": {
        "Diluted EPS": -0.01,
        "Total Revenue": 21,
        "Gross Profit": 7,
        "Operating Income": 0,
        "EBIT": 1,
        "Net Income": 0
    },
    "2011-12-31": {
        "Diluted EPS": 0.0,
        "Total Revenue": 27,
        "Gross Profit": 8,
        "Operating Income": 0,
        "EBIT": 1,
        "Net Income": 0
    },
    "2011-09-30": {
        "Diluted EPS": 0.06,
        "Total Revenue": 33,
        "Gross Profit": 9,
        "Operating Income": 2,
        "EBIT": 3,
        "Net Income": 1
    },
    "2011-06-30": {
        "Diluted EPS": -0.03,
        "Total Revenue": 18,
        "Gross Profit": 6,
        "Operating Income": -1,
        "EBIT": -1,
        "Net Income": -1
    },
    "2011-03-31": {
        "Diluted EPS": 0.02,
        "Total Revenue": 26,
        "Gross Profit": 8,
        "Operating Income": 1,
        "EBIT": 2,
        "Net Income": 1
    },
    "2010-12-31": {
        "Diluted EPS": -0.01,
        "Total Revenue": 24,
        "Gross Profit": 8,
        "Operating Income": 1,
        "EBIT": 2,
        "Net Income": 0
    },
    "2010-09-30": {
        "Diluted EPS": 0.02,
        "Total Revenue": 16,
        "Gross Profit": 6,
        "Operating Income": -1,
        "EBIT": 0,
        "Net Income": 1
    },
    "2010-06-30": {
        "Diluted EPS": -0.02,
        "Total Revenue": 17,
        "Gross Profit": 6,
        "Operating Income": -1,
        "EBIT": -1,
        "Net Income": -1
    },
    "2010-03-31": {
        "Diluted EPS": 0.0,
        "Total Revenue": 20,
        "Gross Profit": 7,
        "Operating Income": 0,
        "EBIT": 0,
        "Net Income": 0
    },
    "2009-12-31": {
        "Diluted EPS": 0.03,
        "Total Revenue": 21,
        "Gross Profit": 7,
        "Operating Income": 1,
        "EBIT": 2,
        "Net Income": 1
    },
    "2009-09-30": {
        "Diluted EPS": -0.06,
        "Total Revenue": 15,
        "Gross Profit": 5,
        "Operating Income": -2,
        "EBIT": -1,
        "Net Income": -1
    },
    "2009-06-30": {
        "Diluted EPS": -0.13,
        "Total Revenue": 13,
        "Gross Profit": 4,
        "Operating Income": -3,
        "EBIT": -3,
        "Net Income": -3
    },
    "2009-03-31": {
        "Diluted EPS": -0.04,
        "Total Revenue": 15,
        "Gross Profit": 5,
        "Operating Income": -2,
        "EBIT": -1,
        "Net Income": -1
    },
    "2023-06-30": {
        "Tax Effect Of Unusual Items": -11130.0,
        "Tax Rate For Calcs": 0.21,
        "Normalized EBITDA": -5754000.0,
        "Total Unusual Items": -53000.0,
        "Total Unusual Items Excluding Goodwill": -53000.0,
        "Net Income From Continuing Operation Net Minority Interest": -6637000.0,
        "Reconciled Depreciation": 612000.0,
        "Reconciled Cost Of Revenue": 14442000.0,
        "EBITDA": -5807000.0,
        "EBIT": -6419000.0,
        "Net Interest Income": -198000.0,
        "Interest Expense": 176000.0,
        "Interest Income": 2000.0,
        "Normalized Income": -6595130.0,
        "Net Income From Continuing And Discontinued Operation": -6637000.0,
        "Total Expenses": 23957000.0,
        "Total Operating Income As Reported": -6397000.0,
        "Diluted Average Shares": 32345823.0,
        "Basic Average Shares": 32345823.0,
        "Diluted EPS": -0.21,
        "Basic EPS": -0.21,
        "Diluted NI Availto Com Stockholders": -6637000.0,
        "Net Income Common Stockholders": -6637000.0,
        "Net Income": -6637000.0,
        "Net Income Including Noncontrolling Interests": -6637000.0,
        "Net Income Continuous Operations": -6637000.0,
        "Tax Provision": 42000.0,
        "Pretax Income": -6595000.0,
        "Other Income Expense": -53000.0,
        "Other Non Operating Income Expenses": NaN,
        "Special Income Charges": -53000.0,
        "Restructuring And Mergern Acquisition": 53000.0,
        "Net Non Operating Interest Income Expense": -198000.0,
        "Total Other Finance Cost": 24000.0,
        "Interest Expense Non Operating": 176000.0,
        "Interest Income Non Operating": 2000.0,
        "Operating Income": -6344000.0,
        "Operating Expense": 9515000.0,
        "Research And Development": 480000.0,
        "Selling General And Administration": 9035000.0,
        "Selling And Marketing Expense": 3296000.0,
        "General And Administrative Expense": 5739000.0,
        "Other Gand A": 5739000.0,
        "Gross Profit": 3171000.0,
        "Cost Of Revenue": 14442000.0,
        "Total Revenue": 17613000.0,
        "Operating Revenue": 17613000.0
    },
    "2023-09-30": {
        "Tax Effect Of Unusual Items": -630.0,
        "Tax Rate For Calcs": 0.21,
        "Normalized EBITDA": -3543000.0,
        "Total Unusual Items": -3000.0,
        "Total Unusual Items Excluding Goodwill": -3000.0,
        "Net Income From Continuing Operation Net Minority Interest": -4388000.0,
        "Reconciled Depreciation": 635000.0,
        "Reconciled Cost Of Revenue": 16017000.0,
        "EBITDA": -3546000.0,
        "EBIT": -4181000.0,
        "Net Interest Income": -217000.0,
        "Interest Expense": 192000.0,
        "Interest Income": 0.0,
        "Normalized Income": -4385630.0,
        "Net Income From Continuing And Discontinued Operation": -4388000.0,
        "Total Expenses": 24751000.0,
        "Total Operating Income As Reported": -4168000.0,
        "Diluted Average Shares": 32502566.0,
        "Basic Average Shares": 32502566.0,
        "Diluted EPS": -0.14,
        "Basic EPS": -0.14,
        "Diluted NI Availto Com Stockholders": -4388000.0,
        "Net Income Common Stockholders": -4388000.0,
        "Net Income": -4388000.0,
        "Net Income Including Noncontrolling Interests": -4388000.0,
        "Net Income Continuous Operations": -4388000.0,
        "Tax Provision": 15000.0,
        "Pretax Income": -4373000.0,
        "Other Income Expense": 9000.0,
        "Other Non Operating Income Expenses": 12000.0,
        "Special Income Charges": -3000.0,
        "Restructuring And Mergern Acquisition": 3000.0,
        "Net Non Operating Interest Income Expense": -217000.0,
        "Total Other Finance Cost": 25000.0,
        "Interest Expense Non Operating": 192000.0,
        "Interest Income Non Operating": 0.0,
        "Operating Income": -4165000.0,
        "Operating Expense": 8734000.0,
        "Research And Development": 382000.0,
        "Selling General And Administration": 8352000.0,
        "Selling And Marketing Expense": 3312000.0,
        "General And Administrative Expense": 5040000.0,
        "Other Gand A": 5040000.0,
        "Gross Profit": 4569000.0,
        "Cost Of Revenue": 16017000.0,
        "Total Revenue": 20586000.0,
        "Operating Revenue": 20586000.0
    },
    "2023-12-31": {
        "Tax Effect Of Unusual Items": 0.0,
        "Tax Rate For Calcs": 0.21,
        "Normalized EBITDA": -1429000.0,
        "Total Unusual Items": 0.0,
        "Total Unusual Items Excluding Goodwill": 0.0,
        "Net Income From Continuing Operation Net Minority Interest": -2256000.0,
        "Reconciled Depreciation": 633000.0,
        "Reconciled Cost Of Revenue": 19604000.0,
        "EBITDA": -1429000.0,
        "EBIT": -2062000.0,
        "Net Interest Income": -218000.0,
        "Interest Expense": 193000.0,
        "Interest Income": 0.0,
        "Normalized Income": -2256000.0,
        "Net Income From Continuing And Discontinued Operation": -2256000.0,
        "Total Expenses": 28033000.0,
        "Total Operating Income As Reported": -2062000.0,
        "Diluted Average Shares": 32531563.0,
        "Basic Average Shares": 32531563.0,
        "Diluted EPS": -0.07,
        "Basic EPS": -0.07,
        "Diluted NI Availto Com Stockholders": -2256000.0,
        "Net Income Common Stockholders": -2256000.0,
        "Net Income": -2256000.0,
        "Net Income Including Noncontrolling Interests": -2256000.0,
        "Net Income Continuous Operations": -2256000.0,
        "Tax Provision": 1000.0,
        "Pretax Income": -2255000.0,
        "Other Income Expense": 25000.0,
        "Other Non Operating Income Expenses": 25000.0,
        "Special Income Charges": 0.0,
        "Restructuring And Mergern Acquisition": 0.0,
        "Net Non Operating Interest Income Expense": -218000.0,
        "Total Other Finance Cost": 25000.0,
        "Interest Expense Non Operating": 193000.0,
        "Interest Income Non Operating": 0.0,
        "Operating Income": -2062000.0,
        "Operating Expense": 8429000.0,
        "Research And Development": 349000.0,
        "Selling General And Administration": 8080000.0,
        "Selling And Marketing Expense": 3170000.0,
        "General And Administrative Expense": 4910000.0,
        "Other Gand A": 4910000.0,
        "Gross Profit": 6367000.0,
        "Cost Of Revenue": 19604000.0,
        "Total Revenue": 25971000.0,
        "Operating Revenue": 25971000.0
    },
    "2024-03-31": {
        "Tax Effect Of Unusual Items": -95760.0,
        "Tax Rate For Calcs": 0.21,
        "Normalized EBITDA": 2855000.0,
        "Total Unusual Items": -456000.0,
        "Total Unusual Items Excluding Goodwill": -456000.0,
        "Net Income From Continuing Operation Net Minority Interest": 1610000.0,
        "Reconciled Depreciation": 615000.0,
        "Reconciled Cost Of Revenue": 19607000.0,
        "EBITDA": 2399000.0,
        "EBIT": 1784000.0,
        "Net Interest Income": -212000.0,
        "Interest Expense": 191000.0,
        "Interest Income": 0.0,
        "Normalized Income": 1970240.0,
        "Net Income From Continuing And Discontinued Operation": 1610000.0,
        "Total Expenses": 24152000.0,
        "Total Operating Income As Reported": 1803000.0,
        "Diluted Average Shares": NaN,
        "Basic Average Shares": NaN,
        "Diluted EPS": NaN,
        "Basic EPS": NaN,
        "Diluted NI Availto Com Stockholders": 1610000.0,
        "Net Income Common Stockholders": 1610000.0,
        "Net Income": 1610000.0,
        "Net Income Including Noncontrolling Interests": 1610000.0,
        "Net Income Continuous Operations": 1610000.0,
        "Tax Provision": -17000.0,
        "Pretax Income": 1593000.0,
        "Other Income Expense": -454000.0,
        "Other Non Operating Income Expenses": 2000.0,
        "Special Income Charges": -456000.0,
        "Restructuring And Mergern Acquisition": 0.0,
        "Net Non Operating Interest Income Expense": -212000.0,
        "Total Other Finance Cost": 21000.0,
        "Interest Expense Non Operating": 191000.0,
        "Interest Income Non Operating": 0.0,
        "Operating Income": 2259000.0,
        "Operating Expense": 4545000.0,
        "Research And Development": 284000.0,
        "Selling General And Administration": 4261000.0,
        "Selling And Marketing Expense": 3210000.0,
        "General And Administrative Expense": 1051000.0,
        "Other Gand A": 1051000.0,
        "Gross Profit": 6804000.0,
        "Cost Of Revenue": 19607000.0,
        "Total Revenue": 26411000.0,
        "Operating Revenue": 26411000.0
    },
    "2024-06-30": {
        "Tax Effect Of Unusual Items": 0.0,
        "Tax Rate For Calcs": 0.21,
        "Normalized EBITDA": -2879000.0,
        "Total Unusual Items": 0.0,
        "Total Unusual Items Excluding Goodwill": 0.0,
        "Net Income From Continuing Operation Net Minority Interest": -3758000.0,
        "Reconciled Depreciation": 596000.0,
        "Reconciled Cost Of Revenue": 15607000.0,
        "EBITDA": -2879000.0,
        "EBIT": -3475000.0,
        "Net Interest Income": -320000.0,
        "Interest Expense": 262000.0,
        "Interest Income": 0.0,
        "Normalized Income": -3758000.0,
        "Net Income From Continuing And Discontinued Operation": -3758000.0,
        "Total Expenses": 23338000.0,
        "Total Operating Income As Reported": -3432000.0,
        "Diluted Average Shares": 32610604.0,
        "Basic Average Shares": 32610604.0,
        "Diluted EPS": -0.12,
        "Basic EPS": -0.12,
        "Diluted NI Availto Com Stockholders": -3758000.0,
        "Net Income Common Stockholders": -3758000.0,
        "Net Income": -3758000.0,
        "Net Income Including Noncontrolling Interests": -3758000.0,
        "Net Income Continuous Operations": -3758000.0,
        "Tax Provision": 21000.0,
        "Pretax Income": -3737000.0,
        "Other Income Expense": 15000.0,
        "Other Non Operating Income Expenses": 15000.0,
        "Special Income Charges": 0.0,
        "Restructuring And Mergern Acquisition": 0.0,
        "Net Non Operating Interest Income Expense": -320000.0,
        "Total Other Finance Cost": 58000.0,
        "Interest Expense Non Operating": 262000.0,
        "Interest Income Non Operating": 0.0,
        "Operating Income": -3432000.0,
        "Operating Expense": 7731000.0,
        "Research And Development": 264000.0,
        "Selling General And Administration": 7467000.0,
        "Selling And Marketing Expense": 2937000.0,
        "General And Administrative Expense": 4530000.0,
        "Other Gand A": 4530000.0,
        "Gross Profit": 4299000.0,
        "Cost Of Revenue": 15607000.0,
        "Total Revenue": 19906000.0,
        "Operating Revenue": 19906000.0
    }
}