{
    "2023-06-30": {
        "Tax Effect Of Unusual Items": 0.0,
        "Tax Rate For Calcs": 0.328525,
        "Total Unusual Items": 0.0,
        "Total Unusual Items Excluding Goodwill": 0.0,
        "Net Income From Continuing Operation Net Minority Interest": 44173000.0,
        "Reconciled Depreciation": 6892000.0,
        "Net Interest Income": 139644000.0,
        "Interest Expense": 18344000.0,
        "Interest Income": 157988000.0,
        "Normalized Income": 44173000.0,
        "Net Income From Continuing And Discontinued Operation": 44173000.0,
        "Diluted Average Shares": 47490000.0,
        "Basic Average Shares": 47490000.0,
        "Diluted EPS": 0.93,
        "Basic EPS": 0.93,
        "Diluted NI Availto Com Stockholders": 44173000.0,
        "Net Income Common Stockholders": 44173000.0,
        "Net Income": 44173000.0,
        "Net Income Including Noncontrolling Interests": 44173000.0,
        "Net Income Continuous Operations": 44173000.0,
        "Tax Provision": 21612000.0,
        "Pretax Income": 65785000.0,
        "Special Income Charges": 0.0,
        "Other Special Charges": NaN,
        "Gain On Sale Of Security": -1149000.0,
        "Selling General And Administration": 43113000.0,
        "Selling And Marketing Expense": 2063000.0,
        "General And Administrative Expense": 41050000.0,
        "Insurance And Claims": 2689000.0,
        "Salaries And Wages": 38361000.0,
        "Total Revenue": 157589000.0,
        "Operating Revenue": 157589000.0,
        "Occupancy And Equipment": 14362000.0,
        "Professional Expense And Contract Services Expense": 5319000.0,
        "Other Non Interest Expense": 13966000.0
    },
    "2023-03-31": {
        "Tax Effect Of Unusual Items": 0.0,
        "Tax Rate For Calcs": 0.29,
        "Total Unusual Items": NaN,
        "Total Unusual Items Excluding Goodwill": NaN,
        "Net Income From Continuing Operation Net Minority Interest": 46229000.0,
        "Reconciled Depreciation": 6768000.0,
        "Net Interest Income": 135897000.0,
        "Interest Expense": 13088000.0,
        "Interest Income": 148985000.0,
        "Normalized Income": 46229000.0,
        "Net Income From Continuing And Discontinued Operation": 46229000.0,
        "Diluted Average Shares": 47944000.0,
        "Basic Average Shares": 47600000.0,
        "Diluted EPS": 0.96,
        "Basic EPS": 0.97,
        "Diluted NI Availto Com Stockholders": 46229000.0,
        "Net Income Common Stockholders": 46229000.0,
        "Net Income": 46229000.0,
        "Net Income Including Noncontrolling Interests": 46229000.0,
        "Net Income Continuous Operations": 46229000.0,
        "Tax Provision": 18904000.0,
        "Pretax Income": 65133000.0,
        "Special Income Charges": NaN,
        "Other Special Charges": NaN,
        "Gain On Sale Of Security": 0.0,
        "Selling General And Administration": 43685000.0,
        "Selling And Marketing Expense": 2036000.0,
        "General And Administrative Expense": 41649000.0,
        "Insurance And Claims": 2918000.0,
        "Salaries And Wages": 38731000.0,
        "Total Revenue": 152194000.0,
        "Operating Revenue": 152194000.0,
        "Occupancy And Equipment": 14257000.0,
        "Professional Expense And Contract Services Expense": 5064000.0,
        "Other Non Interest Expense": 14610000.0
    },
    "2022-12-31": {
        "Tax Effect Of Unusual Items": NaN,
        "Tax Rate For Calcs": NaN,
        "Total Unusual Items": 1926000.0,
        "Total Unusual Items Excluding Goodwill": 1926000.0,
        "Net Income From Continuing Operation Net Minority Interest": NaN,
        "Reconciled Depreciation": NaN,
        "Net Interest Income": NaN,
        "Interest Expense": NaN,
        "Interest Income": NaN,
        "Normalized Income": NaN,
        "Net Income From Continuing And Discontinued Operation": NaN,
        "Diluted Average Shares": NaN,
        "Basic Average Shares": NaN,
        "Diluted EPS": NaN,
        "Basic EPS": NaN,
        "Diluted NI Availto Com Stockholders": NaN,
        "Net Income Common Stockholders": NaN,
        "Net Income": NaN,
        "Net Income Including Noncontrolling Interests": NaN,
        "Net Income Continuous Operations": NaN,
        "Tax Provision": NaN,
        "Pretax Income": NaN,
        "Special Income Charges": -148000.0,
        "Other Special Charges": 148000.0,
        "Gain On Sale Of Security": NaN,
        "Selling General And Administration": NaN,
        "Selling And Marketing Expense": NaN,
        "General And Administrative Expense": NaN,
        "Insurance And Claims": NaN,
        "Salaries And Wages": NaN,
        "Total Revenue": NaN,
        "Operating Revenue": NaN,
        "Occupancy And Equipment": NaN,
        "Professional Expense And Contract Services Expense": NaN,
        "Other Non Interest Expense": NaN
    },
    "2022-09-30": {
        "Tax Effect Of Unusual Items": NaN,
        "Tax Rate For Calcs": NaN,
        "Total Unusual Items": 0.0,
        "Total Unusual Items Excluding Goodwill": 0.0,
        "Net Income From Continuing Operation Net Minority Interest": NaN,
        "Reconciled Depreciation": NaN,
        "Net Interest Income": NaN,
        "Interest Expense": NaN,
        "Interest Income": NaN,
        "Normalized Income": NaN,
        "Net Income From Continuing And Discontinued Operation": NaN,
        "Diluted Average Shares": NaN,
        "Basic Average Shares": NaN,
        "Diluted EPS": NaN,
        "Basic EPS": NaN,
        "Diluted NI Availto Com Stockholders": NaN,
        "Net Income Common Stockholders": NaN,
        "Net Income": NaN,
        "Net Income Including Noncontrolling Interests": NaN,
        "Net Income Continuous Operations": NaN,
        "Tax Provision": NaN,
        "Pretax Income": NaN,
        "Special Income Charges": 0.0,
        "Other Special Charges": 1426000.0,
        "Gain On Sale Of Security": NaN,
        "Selling General And Administration": NaN,
        "Selling And Marketing Expense": NaN,
        "General And Administrative Expense": NaN,
        "Insurance And Claims": NaN,
        "Salaries And Wages": NaN,
        "Total Revenue": NaN,
        "Operating Revenue": NaN
    },
    "2022-06-30": {
        "Tax Effect Of Unusual Items": -350372.790835,
        "Tax Rate For Calcs": 0.318811,
        "Total Unusual Items": -1099000.0,
        "Total Unusual Items Excluding Goodwill": -1099000.0,
        "Net Income From Continuing Operation Net Minority Interest": 40432000.0,
        "Reconciled Depreciation": 5720000.0,
        "Net Interest Income": 115094000.0,
        "Interest Expense": 7128000.0,
        "Interest Income": 122222000.0,
        "Normalized Income": 41180627.209165,
        "Net Income From Continuing And Discontinued Operation": 40432000.0,
        "Diluted Average Shares": 48389000.0,
        "Basic Average Shares": 48389000.0,
        "Diluted EPS": 0.84,
        "Basic EPS": 0.84,
        "Diluted NI Availto Com Stockholders": 40432000.0,
        "Net Income Common Stockholders": 40432000.0,
        "Net Income": 40432000.0,
        "Net Income Including Noncontrolling Interests": 40432000.0,
        "Net Income Continuous Operations": 40432000.0,
        "Tax Provision": 18923000.0,
        "Pretax Income": 59355000.0,
        "Special Income Charges": -1099000.0,
        "Other Special Charges": 1099000.0,
        "Gain On Sale Of Security": NaN,
        "Selling General And Administration": 72702000.0,
        "Selling And Marketing Expense": 1827000.0,
        "General And Administrative Expense": 72702000.0,
        "Other Gand A": 37972000.0,
        "Insurance And Claims": 2429000.0,
        "Salaries And Wages": 34730000.0,
        "Total Revenue": 151304000.0,
        "Operating Revenue": 151304000.0
    },
    "2022-03-31": {
        "Diluted EPS": 0.76,
        "Total Revenue": 145,
        "Gross Profit": 137,
        "Operating Income": 54,
        "EBIT": NaN,
        "Net Income": 38
    },
    "2021-12-31": {
        "Diluted EPS": 0.66,
        "Total Revenue": 151,
        "Gross Profit": 142,
        "Operating Income": 49,
        "EBIT": NaN,
        "Net Income": 33
    },
    "2021-09-30": {
        "Diluted EPS": 0.81,
        "Total Revenue": 145,
        "Gross Profit": 135,
        "Operating Income": 61,
        "EBIT": NaN,
        "Net Income": 42
    },
    "2021-06-30": {
        "Diluted EPS": 0.78,
        "Total Revenue": 146,
        "Gross Profit": 134,
        "Operating Income": 60,
        "EBIT": NaN,
        "Net Income": 41
    },
    "2021-03-31": {
        "Diluted EPS": 0.56,
        "Total Revenue": 141,
        "Gross Profit": 129,
        "Operating Income": 45,
        "EBIT": NaN,
        "Net Income": 29
    },
    "2020-12-31": {
        "Diluted EPS": 0.43,
        "Total Revenue": 147,
        "Gross Profit": 133,
        "Operating Income": 40,
        "EBIT": NaN,
        "Net Income": 22
    },
    "2020-09-30": {
        "Diluted EPS": 0.5,
        "Total Revenue": 146,
        "Gross Profit": 131,
        "Operating Income": 36,
        "EBIT": NaN,
        "Net Income": 26
    },
    "2020-06-30": {
        "Diluted EPS": 0.39,
        "Total Revenue": 149,
        "Gross Profit": 132,
        "Operating Income": 32,
        "EBIT": NaN,
        "Net Income": 20
    },
    "2020-03-31": {
        "Diluted EPS": 0.0,
        "Total Revenue": 155,
        "Gross Profit": 137,
        "Operating Income": 2,
        "EBIT": NaN,
        "Net Income": 0
    },
    "2019-12-31": {
        "Diluted EPS": -0.04,
        "Total Revenue": 111,
        "Gross Profit": 99,
        "Operating Income": 18,
        "EBIT": NaN,
        "Net Income": -3
    },
    "2019-09-30": {
        "Diluted EPS": 0.11,
        "Total Revenue": 116,
        "Gross Profit": 103,
        "Operating Income": 10,
        "EBIT": NaN,
        "Net Income": 6
    },
    "2019-06-30": {
        "Diluted EPS": 0.43,
        "Total Revenue": 117,
        "Gross Profit": 104,
        "Operating Income": 36,
        "EBIT": NaN,
        "Net Income": 22
    },
    "2019-03-31": {
        "Diluted EPS": 0.42,
        "Total Revenue": 112,
        "Gross Profit": 99,
        "Operating Income": 35,
        "EBIT": NaN,
        "Net Income": 22
    },
    "2018-12-31": {
        "Diluted EPS": 0.45,
        "Total Revenue": 119,
        "Gross Profit": 106,
        "Operating Income": 43,
        "EBIT": NaN,
        "Net Income": 23
    },
    "2018-09-30": {
        "Diluted EPS": 0.42,
        "Total Revenue": 113,
        "Gross Profit": 101,
        "Operating Income": 35,
        "EBIT": NaN,
        "Net Income": 20
    },
    "2018-06-30": {
        "Diluted EPS": 0.35,
        "Total Revenue": 107,
        "Gross Profit": 96,
        "Operating Income": 29,
        "EBIT": NaN,
        "Net Income": 16
    },
    "2018-03-31": {
        "Diluted EPS": 0.3,
        "Total Revenue": 102,
        "Gross Profit": 93,
        "Operating Income": 25,
        "EBIT": NaN,
        "Net Income": 13
    },
    "2017-12-31": {
        "Diluted EPS": 0.32,
        "Total Revenue": 100,
        "Gross Profit": 90,
        "Operating Income": 19,
        "EBIT": NaN,
        "Net Income": 14
    },
    "2017-09-30": {
        "Diluted EPS": 0.0,
        "Total Revenue": 108,
        "Gross Profit": 98,
        "Operating Income": 4,
        "EBIT": NaN,
        "Net Income": 0
    },
    "2017-06-30": {
        "Diluted EPS": 0.3,
        "Total Revenue": 111,
        "Gross Profit": 100,
        "Operating Income": 21,
        "EBIT": NaN,
        "Net Income": 14
    },
    "2017-03-31": {
        "Diluted EPS": 0.26,
        "Total Revenue": 105,
        "Gross Profit": 94,
        "Operating Income": 24,
        "EBIT": NaN,
        "Net Income": 12
    },
    "2016-12-31": {
        "Diluted EPS": 0.28,
        "Total Revenue": 105,
        "Gross Profit": 92,
        "Operating Income": 26,
        "EBIT": NaN,
        "Net Income": 12
    },
    "2016-09-30": {
        "Diluted EPS": 0.26,
        "Total Revenue": 111,
        "Gross Profit": 97,
        "Operating Income": 19,
        "EBIT": NaN,
        "Net Income": 12
    },
    "2016-06-30": {
        "Diluted EPS": 0.25,
        "Total Revenue": 103,
        "Gross Profit": 88,
        "Operating Income": 20,
        "EBIT": NaN,
        "Net Income": 11
    },
    "2016-03-31": {
        "Diluted EPS": 0.24,
        "Total Revenue": 105,
        "Gross Profit": 88,
        "Operating Income": 20,
        "EBIT": NaN,
        "Net Income": 11
    },
    "2015-12-31": {
        "Diluted EPS": -0.11,
        "Total Revenue": 107,
        "Gross Profit": 90,
        "Operating Income": -21,
        "EBIT": NaN,
        "Net Income": -4
    },
    "2015-09-30": {
        "Diluted EPS": 0.03,
        "Total Revenue": 143,
        "Gross Profit": 126,
        "Operating Income": 5,
        "EBIT": NaN,
        "Net Income": 1
    },
    "2015-06-30": {
        "Diluted EPS": -0.15,
        "Total Revenue": 95,
        "Gross Profit": 78,
        "Operating Income": -2,
        "EBIT": NaN,
        "Net Income": -7
    },
    "2015-03-31": {
        "Diluted EPS": -0.14,
        "Total Revenue": 114,
        "Gross Profit": 97,
        "Operating Income": -2,
        "EBIT": NaN,
        "Net Income": -6
    },
    "2014-12-31": {
        "Diluted EPS": 0.36,
        "Total Revenue": 125,
        "Gross Profit": 106,
        "Operating Income": 27,
        "EBIT": NaN,
        "Net Income": 17
    },
    "2014-09-30": {
        "Diluted EPS": 0.34,
        "Total Revenue": 123,
        "Gross Profit": 104,
        "Operating Income": 28,
        "EBIT": NaN,
        "Net Income": 16
    },
    "2014-06-30": {
        "Diluted EPS": 0.38,
        "Total Revenue": 126,
        "Gross Profit": 107,
        "Operating Income": 32,
        "EBIT": NaN,
        "Net Income": 18
    },
    "2014-03-31": {
        "Diluted EPS": 0.42,
        "Total Revenue": 128,
        "Gross Profit": 109,
        "Operating Income": 36,
        "EBIT": NaN,
        "Net Income": 20
    },
    "2013-12-31": {
        "Diluted EPS": 0.34,
        "Total Revenue": 129,
        "Gross Profit": 108,
        "Operating Income": 34,
        "EBIT": NaN,
        "Net Income": 17
    },
    "2013-09-30": {
        "Diluted EPS": 0.34,
        "Total Revenue": 124,
        "Gross Profit": 102,
        "Operating Income": 28,
        "EBIT": NaN,
        "Net Income": 16
    },
    "2013-06-30": {
        "Diluted EPS": 0.68,
        "Total Revenue": 133,
        "Gross Profit": 113,
        "Operating Income": 11,
        "EBIT": NaN,
        "Net Income": 34
    },
    "2013-03-31": {
        "Diluted EPS": 0.37,
        "Total Revenue": 124,
        "Gross Profit": 104,
        "Operating Income": 34,
        "EBIT": NaN,
        "Net Income": 18
    },
    "2012-12-31": {
        "Diluted EPS": -0.57,
        "Total Revenue": 45,
        "Gross Profit": 25,
        "Operating Income": -15,
        "EBIT": NaN,
        "Net Income": -23
    },
    "2012-09-30": {
        "Diluted EPS": 0.35,
        "Total Revenue": 80,
        "Gross Profit": 55,
        "Operating Income": 20,
        "EBIT": NaN,
        "Net Income": 15
    },
    "2012-06-30": {
        "Diluted EPS": 0.34,
        "Total Revenue": 79,
        "Gross Profit": 51,
        "Operating Income": 16,
        "EBIT": NaN,
        "Net Income": 14
    },
    "2012-03-31": {
        "Diluted EPS": 0.23,
        "Total Revenue": 83,
        "Gross Profit": 52,
        "Operating Income": 13,
        "EBIT": NaN,
        "Net Income": 9
    },
    "2011-12-31": {
        "Diluted EPS": -0.28,
        "Total Revenue": 57,
        "Gross Profit": 20,
        "Operating Income": -17,
        "EBIT": NaN,
        "Net Income": -13
    },
    "2011-09-30": {
        "Diluted EPS": 0.35,
        "Total Revenue": 89,
        "Gross Profit": 49,
        "Operating Income": 17,
        "EBIT": NaN,
        "Net Income": 16
    },
    "2011-06-30": {
        "Diluted EPS": 0.56,
        "Total Revenue": 99,
        "Gross Profit": 60,
        "Operating Income": 25,
        "EBIT": NaN,
        "Net Income": 25
    },
    "2011-03-31": {
        "Diluted EPS": 0.04,
        "Total Revenue": 85,
        "Gross Profit": 45,
        "Operating Income": 10,
        "EBIT": NaN,
        "Net Income": 2
    },
    "2010-12-31": {
        "Diluted EPS": -0.03,
        "Total Revenue": 83,
        "Gross Profit": 41,
        "Operating Income": 1,
        "EBIT": NaN,
        "Net Income": 7
    },
    "2010-09-30": {
        "Diluted EPS": -0.75,
        "Total Revenue": 71,
        "Gross Profit": 28,
        "Operating Income": -9,
        "EBIT": NaN,
        "Net Income": -32
    },
    "2010-06-30": {
        "Diluted EPS": -0.13,
        "Total Revenue": 76,
        "Gross Profit": 33,
        "Operating Income": 1,
        "EBIT": NaN,
        "Net Income": -4
    },
    "2010-03-31": {
        "Diluted EPS": 0.41,
        "Total Revenue": 78,
        "Gross Profit": 38,
        "Operating Income": 13,
        "EBIT": NaN,
        "Net Income": 11
    },
    "2009-12-31": {
        "Diluted EPS": -3.09,
        "Total Revenue": -6,
        "Gross Profit": -50,
        "Operating Income": -76,
        "EBIT": NaN,
        "Net Income": -75
    },
    "2009-09-30": {
        "Diluted EPS": 0.83,
        "Total Revenue": 95,
        "Gross Profit": 49,
        "Operating Income": 24,
        "EBIT": NaN,
        "Net Income": 20
    },
    "2009-06-30": {
        "Diluted EPS": 2.04,
        "Total Revenue": 128,
        "Gross Profit": 82,
        "Operating Income": 56,
        "EBIT": NaN,
        "Net Income": 50
    },
    "2009-03-31": {
        "Diluted EPS": 0.97,
        "Total Revenue": 101,
        "Gross Profit": 48,
        "Operating Income": 25,
        "EBIT": NaN,
        "Net Income": 24
    },
    "2023-09-30": {
        "Tax Effect Of Unusual Items": 0.0,
        "Tax Rate For Calcs": 0.319,
        "Total Unusual Items": 0.0,
        "Total Unusual Items Excluding Goodwill": 0.0,
        "Net Income From Continuing Operation Net Minority Interest": 44873000.0,
        "Reconciled Depreciation": 6804000.0,
        "Net Interest Income": 141787000.0,
        "Interest Expense": 23921000.0,
        "Interest Income": 165708000.0,
        "Normalized Income": 44873000.0,
        "Net Income From Continuing And Discontinued Operation": 44873000.0,
        "Diluted Average Shares": 47392000.0,
        "Basic Average Shares": 47392000.0,
        "Diluted EPS": 0.95,
        "Basic EPS": 0.95,
        "Diluted NI Availto Com Stockholders": 44873000.0,
        "Net Income Common Stockholders": 44873000.0,
        "Net Income": 44873000.0,
        "Net Income Including Noncontrolling Interests": 44873000.0,
        "Net Income Continuous Operations": 44873000.0,
        "Tax Provision": 21025000.0,
        "Pretax Income": 65898000.0,
        "Special Income Charges": 0.0,
        "Other Special Charges": NaN,
        "Gain On Sale Of Security": 0.0,
        "Selling General And Administration": 43003000.0,
        "Selling And Marketing Expense": 2206000.0,
        "General And Administrative Expense": 40797000.0,
        "Insurance And Claims": 2433000.0,
        "Salaries And Wages": 38364000.0,
        "Total Revenue": 160109000.0,
        "Operating Revenue": 160109000.0,
        "Occupancy And Equipment": 14887000.0,
        "Professional Expense And Contract Services Expense": 4810000.0,
        "Other Non Interest Expense": 15081000.0
    },
    "2023-12-31": {
        "Tax Effect Of Unusual Items": 0.0,
        "Tax Rate For Calcs": 0.319076,
        "Total Unusual Items": 0.0,
        "Total Unusual Items Excluding Goodwill": 0.0,
        "Net Income From Continuing Operation Net Minority Interest": 46597000.0,
        "Reconciled Depreciation": 6822000.0,
        "Net Interest Income": 143542000.0,
        "Interest Expense": 32657000.0,
        "Interest Income": 176199000.0,
        "Normalized Income": 46597000.0,
        "Net Income From Continuing And Discontinued Operation": 46597000.0,
        "Diluted Average Shares": 47386000.0,
        "Basic Average Shares": 47061000.0,
        "Diluted EPS": 0.98,
        "Basic EPS": 0.99,
        "Diluted NI Availto Com Stockholders": 46597000.0,
        "Net Income Common Stockholders": 46597000.0,
        "Net Income": 46597000.0,
        "Net Income Including Noncontrolling Interests": 46597000.0,
        "Net Income Continuous Operations": 46597000.0,
        "Tax Provision": 21835000.0,
        "Pretax Income": 68432000.0,
        "Special Income Charges": 0.0,
        "Other Special Charges": NaN,
        "Gain On Sale Of Security": 0.0,
        "Selling General And Administration": 46616000.0,
        "Selling And Marketing Expense": 2439000.0,
        "General And Administrative Expense": 44177000.0,
        "Insurance And Claims": 2455000.0,
        "Salaries And Wages": 41722000.0,
        "Total Revenue": 170248000.0,
        "Operating Revenue": 170248000.0,
        "Occupancy And Equipment": 15729000.0,
        "Professional Expense And Contract Services Expense": 3571000.0,
        "Other Non Interest Expense": 16181000.0
    },
    "2024-03-31": {
        "Tax Effect Of Unusual Items": 0.0,
        "Tax Rate For Calcs": 0.268,
        "Total Unusual Items": NaN,
        "Total Unusual Items Excluding Goodwill": NaN,
        "Net Income From Continuing Operation Net Minority Interest": 49692000.0,
        "Reconciled Depreciation": 6764000.0,
        "Net Interest Income": 144102000.0,
        "Interest Expense": 39324000.0,
        "Interest Income": 183426000.0,
        "Normalized Income": 49692000.0,
        "Net Income From Continuing And Discontinued Operation": 49692000.0,
        "Diluted Average Shares": 47343000.0,
        "Basic Average Shares": 47096000.0,
        "Diluted EPS": 1.05,
        "Basic EPS": 1.06,
        "Diluted NI Availto Com Stockholders": 49692000.0,
        "Net Income Common Stockholders": 49692000.0,
        "Net Income": 49692000.0,
        "Net Income Including Noncontrolling Interests": 49692000.0,
        "Net Income Continuous Operations": 49692000.0,
        "Tax Provision": 18225000.0,
        "Pretax Income": 67917000.0,
        "Special Income Charges": NaN,
        "Other Special Charges": NaN,
        "Gain On Sale Of Security": -7000.0,
        "Selling General And Administration": 45150000.0,
        "Selling And Marketing Expense": 2379000.0,
        "General And Administrative Expense": 42771000.0,
        "Insurance And Claims": 2676000.0,
        "Salaries And Wages": 40095000.0,
        "Total Revenue": 161974000.0,
        "Operating Revenue": 161974000.0,
        "Occupancy And Equipment": 14322000.0,
        "Professional Expense And Contract Services Expense": 4004000.0,
        "Other Non Interest Expense": 15460000.0
    }
}