{
    "2023-03-31": {
        "Tax Effect Of Unusual Items": -41340.0,
        "Tax Rate For Calcs": 0.01,
        "Normalized EBITDA": -40538000.0,
        "Total Unusual Items": -4134000.0,
        "Total Unusual Items Excluding Goodwill": -4134000.0,
        "Net Income From Continuing Operation Net Minority Interest": -60938000.0,
        "Reconciled Depreciation": 14366000.0,
        "Reconciled Cost Of Revenue": 64875000.0,
        "EBITDA": -44672000.0,
        "EBIT": -59038000.0,
        "Net Interest Income": -1289000.0,
        "Interest Expense": 1289000.0,
        "Normalized Income": -56845340.0,
        "Net Income From Continuing And Discontinued Operation": -60938000.0,
        "Total Expenses": 230784000.0,
        "Total Operating Income As Reported": -59714000.0,
        "Diluted Average Shares": 35734000.0,
        "Basic Average Shares": 35734000.0,
        "Diluted EPS": -1.71,
        "Basic EPS": -1.71,
        "Diluted NI Availto Com Stockholders": -60938000.0,
        "Net Income Common Stockholders": -60938000.0,
        "Net Income": -60938000.0,
        "Net Income Including Noncontrolling Interests": -60938000.0,
        "Net Income Continuous Operations": -60938000.0,
        "Tax Provision": 611000.0,
        "Pretax Income": -60327000.0,
        "Other Income Expense": -3458000.0,
        "Other Non Operating Income Expenses": 676000.0,
        "Special Income Charges": -4134000.0,
        "Other Special Charges": 4134000.0,
        "Restructuring And Mergern Acquisition": 4134000.0,
        "Net Non Operating Interest Income Expense": -1289000.0,
        "Interest Expense Non Operating": 1289000.0,
        "Operating Income": -55580000.0,
        "Operating Expense": 165909000.0,
        "Depreciation Amortization Depletion Income Statement": 4134000.0,
        "Depreciation And Amortization In Income Statement": 4134000.0,
        "Amortization": 4134000.0,
        "Amortization Of Intangibles Income Statement": 4134000.0,
        "Research And Development": 23307000.0,
        "Selling General And Administration": 142602000.0,
        "Selling And Marketing Expense": 93791000.0,
        "General And Administrative Expense": 48811000.0,
        "Other Gand A": 48811000.0,
        "Gross Profit": 110329000.0,
        "Cost Of Revenue": 64875000.0,
        "Total Revenue": 175204000.0,
        "Operating Revenue": 175204000.0
    },
    "2022-12-31": {
        "Tax Effect Of Unusual Items": NaN,
        "Tax Rate For Calcs": NaN,
        "Normalized EBITDA": NaN,
        "Total Unusual Items": NaN,
        "Total Unusual Items Excluding Goodwill": NaN,
        "Net Income From Continuing Operation Net Minority Interest": NaN,
        "Reconciled Depreciation": NaN,
        "Reconciled Cost Of Revenue": NaN,
        "EBITDA": NaN,
        "EBIT": NaN,
        "Net Interest Income": NaN,
        "Interest Expense": NaN,
        "Normalized Income": NaN,
        "Net Income From Continuing And Discontinued Operation": NaN,
        "Total Expenses": NaN,
        "Total Operating Income As Reported": NaN,
        "Diluted Average Shares": 20200000.0,
        "Basic Average Shares": 20200000.0,
        "Diluted EPS": -0.35,
        "Basic EPS": -0.35,
        "Diluted NI Availto Com Stockholders": NaN,
        "Net Income Common Stockholders": NaN,
        "Net Income": NaN,
        "Net Income Including Noncontrolling Interests": NaN,
        "Net Income Continuous Operations": NaN,
        "Tax Provision": NaN,
        "Pretax Income": NaN,
        "Other Income Expense": NaN,
        "Other Non Operating Income Expenses": NaN,
        "Special Income Charges": NaN,
        "Other Special Charges": 2274000.0,
        "Restructuring And Mergern Acquisition": NaN,
        "Net Non Operating Interest Income Expense": NaN,
        "Interest Expense Non Operating": NaN,
        "Operating Income": NaN,
        "Operating Expense": NaN,
        "Depreciation Amortization Depletion Income Statement": 2074000.0,
        "Depreciation And Amortization In Income Statement": 2074000.0,
        "Amortization": 2074000.0,
        "Amortization Of Intangibles Income Statement": 2074000.0,
        "Research And Development": NaN,
        "Selling General And Administration": NaN,
        "Selling And Marketing Expense": NaN,
        "General And Administrative Expense": NaN,
        "Other Gand A": NaN,
        "Gross Profit": NaN,
        "Cost Of Revenue": NaN,
        "Total Revenue": NaN,
        "Operating Revenue": NaN
    },
    "2022-09-30": {
        "Tax Effect Of Unusual Items": NaN,
        "Tax Rate For Calcs": NaN,
        "Normalized EBITDA": NaN,
        "Total Unusual Items": NaN,
        "Total Unusual Items Excluding Goodwill": NaN,
        "Net Income From Continuing Operation Net Minority Interest": NaN,
        "Reconciled Depreciation": NaN,
        "Reconciled Cost Of Revenue": NaN,
        "EBITDA": NaN,
        "EBIT": NaN,
        "Net Interest Income": NaN,
        "Interest Expense": NaN,
        "Normalized Income": NaN,
        "Net Income From Continuing And Discontinued Operation": NaN,
        "Total Expenses": NaN,
        "Total Operating Income As Reported": NaN,
        "Diluted Average Shares": NaN,
        "Basic Average Shares": NaN,
        "Diluted EPS": NaN,
        "Basic EPS": NaN,
        "Diluted NI Availto Com Stockholders": NaN,
        "Net Income Common Stockholders": NaN,
        "Net Income": NaN,
        "Net Income Including Noncontrolling Interests": NaN,
        "Net Income Continuous Operations": NaN,
        "Tax Provision": NaN,
        "Pretax Income": NaN,
        "Other Income Expense": NaN,
        "Other Non Operating Income Expenses": NaN,
        "Special Income Charges": NaN,
        "Other Special Charges": NaN,
        "Restructuring And Mergern Acquisition": NaN,
        "Net Non Operating Interest Income Expense": NaN,
        "Interest Expense Non Operating": NaN,
        "Operating Income": NaN,
        "Operating Expense": NaN,
        "Depreciation Amortization Depletion Income Statement": 2070000.0,
        "Depreciation And Amortization In Income Statement": 2070000.0,
        "Amortization": 2070000.0,
        "Amortization Of Intangibles Income Statement": 2070000.0,
        "Research And Development": NaN,
        "Selling General And Administration": NaN,
        "Selling And Marketing Expense": NaN,
        "General And Administrative Expense": NaN,
        "Other Gand A": NaN,
        "Gross Profit": NaN,
        "Cost Of Revenue": NaN,
        "Total Revenue": NaN,
        "Operating Revenue": NaN
    },
    "2022-06-30": {
        "Tax Effect Of Unusual Items": 1949948.0,
        "Tax Rate For Calcs": 0.182,
        "Normalized EBITDA": 16000.0,
        "Total Unusual Items": 10714000.0,
        "Total Unusual Items Excluding Goodwill": 10714000.0,
        "Net Income From Continuing Operation Net Minority Interest": 2489000.0,
        "Reconciled Depreciation": 7281000.0,
        "Reconciled Cost Of Revenue": 26370000.0,
        "EBITDA": 10730000.0,
        "EBIT": 3449000.0,
        "Net Interest Income": -407000.0,
        "Interest Expense": 407000.0,
        "Normalized Income": -6275052.0,
        "Net Income From Continuing And Discontinued Operation": 2489000.0,
        "Total Expenses": 122143000.0,
        "Total Operating Income As Reported": 6641000.0,
        "Diluted Average Shares": 20113000.0,
        "Basic Average Shares": 20031000.0,
        "Diluted EPS": 0.12,
        "Basic EPS": 0.12,
        "Diluted NI Availto Com Stockholders": 2489000.0,
        "Net Income Common Stockholders": 2489000.0,
        "Net Income": 2489000.0,
        "Net Income Including Noncontrolling Interests": 2489000.0,
        "Net Income Continuous Operations": 2489000.0,
        "Tax Provision": 553000.0,
        "Pretax Income": 3042000.0,
        "Other Income Expense": 7522000.0,
        "Other Non Operating Income Expenses": -3192000.0,
        "Special Income Charges": 10714000.0,
        "Other Special Charges": NaN,
        "Restructuring And Mergern Acquisition": -10714000.0,
        "Net Non Operating Interest Income Expense": -407000.0,
        "Total Other Finance Cost": 407000.0,
        "Interest Expense Non Operating": 407000.0,
        "Operating Income": -4073000.0,
        "Operating Expense": 90543000.0,
        "Depreciation Amortization Depletion Income Statement": 2051000.0,
        "Depreciation And Amortization In Income Statement": 2051000.0,
        "Amortization": 2051000.0,
        "Amortization Of Intangibles Income Statement": 2051000.0,
        "Research And Development": 12758000.0,
        "Selling General And Administration": 75734000.0,
        "Selling And Marketing Expense": 59888000.0,
        "General And Administrative Expense": 15846000.0,
        "Other Gand A": 15846000.0,
        "Gross Profit": 86470000.0,
        "Cost Of Revenue": 31600000.0,
        "Total Revenue": 118070000.0,
        "Operating Revenue": 118070000.0
    },
    "2022-03-31": {
        "Diluted EPS": -0.22,
        "Total Revenue": 106,
        "Gross Profit": 78,
        "Operating Income": -3,
        "EBIT": 5,
        "Net Income": -4
    },
    "2021-12-31": {
        "Diluted EPS": -1.66,
        "Total Revenue": 125,
        "Gross Profit": 92,
        "Operating Income": -9,
        "EBIT": 11,
        "Net Income": -33
    },
    "2021-09-30": {
        "Diluted EPS": -0.11,
        "Total Revenue": 112,
        "Gross Profit": 84,
        "Operating Income": 0,
        "EBIT": 8,
        "Net Income": -2
    },
    "2021-06-30": {
        "Diluted EPS": 0.12,
        "Total Revenue": 121,
        "Gross Profit": 94,
        "Operating Income": 4,
        "EBIT": 13,
        "Net Income": 2
    },
    "2021-03-31": {
        "Diluted EPS": -0.3,
        "Total Revenue": 106,
        "Gross Profit": 80,
        "Operating Income": -3,
        "EBIT": 5,
        "Net Income": -6
    },
    "2020-12-31": {
        "Diluted EPS": -0.47,
        "Total Revenue": 118,
        "Gross Profit": 89,
        "Operating Income": 4,
        "EBIT": 13,
        "Net Income": -9
    },
    "2020-09-30": {
        "Diluted EPS": 0.24,
        "Total Revenue": 111,
        "Gross Profit": 85,
        "Operating Income": 4,
        "EBIT": 14,
        "Net Income": 5
    },
    "2020-06-30": {
        "Diluted EPS": -0.96,
        "Total Revenue": 73,
        "Gross Profit": 50,
        "Operating Income": -21,
        "EBIT": -13,
        "Net Income": -18
    },
    "2020-03-31": {
        "Diluted EPS": 1.32,
        "Total Revenue": 105,
        "Gross Profit": 81,
        "Operating Income": 7,
        "EBIT": 14,
        "Net Income": 26
    },
    "2019-12-31": {
        "Diluted EPS": 0.61,
        "Total Revenue": 121,
        "Gross Profit": 95,
        "Operating Income": 4,
        "EBIT": 12,
        "Net Income": 12
    },
    "2019-09-30": {
        "Diluted EPS": -2.14,
        "Total Revenue": 113,
        "Gross Profit": 89,
        "Operating Income": -19,
        "EBIT": -12,
        "Net Income": -40
    },
    "2019-06-30": {
        "Diluted EPS": -0.03,
        "Total Revenue": 116,
        "Gross Profit": 90,
        "Operating Income": 0,
        "EBIT": 8,
        "Net Income": -1
    },
    "2019-03-31": {
        "Diluted EPS": 0.05,
        "Total Revenue": 109,
        "Gross Profit": 85,
        "Operating Income": -4,
        "EBIT": 2,
        "Net Income": 1
    },
    "2018-12-31": {
        "Diluted EPS": 0.47,
        "Total Revenue": 121,
        "Gross Profit": 95,
        "Operating Income": 12,
        "EBIT": 18,
        "Net Income": 9
    },
    "2018-09-30": {
        "Diluted EPS": -0.07,
        "Total Revenue": 112,
        "Gross Profit": 88,
        "Operating Income": 4,
        "EBIT": 9,
        "Net Income": -1
    },
    "2018-06-30": {
        "Diluted EPS": 0.05,
        "Total Revenue": 112,
        "Gross Profit": 89,
        "Operating Income": 6,
        "EBIT": 11,
        "Net Income": 1
    },
    "2018-03-31": {
        "Diluted EPS": 0.27,
        "Total Revenue": 109,
        "Gross Profit": 85,
        "Operating Income": 8,
        "EBIT": 13,
        "Net Income": 5
    },
    "2017-12-31": {
        "Diluted EPS": 0.09,
        "Total Revenue": 117,
        "Gross Profit": 93,
        "Operating Income": 18,
        "EBIT": 23,
        "Net Income": 2
    },
    "2017-09-30": {
        "Diluted EPS": 0.19,
        "Total Revenue": 105,
        "Gross Profit": 82,
        "Operating Income": 9,
        "EBIT": 14,
        "Net Income": 3
    },
    "2017-06-30": {
        "Diluted EPS": 0.21,
        "Total Revenue": 109,
        "Gross Profit": 86,
        "Operating Income": 8,
        "EBIT": 14,
        "Net Income": 4
    },
    "2017-03-31": {
        "Diluted EPS": -0.15,
        "Total Revenue": 103,
        "Gross Profit": 80,
        "Operating Income": 6,
        "EBIT": 11,
        "Net Income": -3
    },
    "2016-12-31": {
        "Diluted EPS": -0.16,
        "Total Revenue": 109,
        "Gross Profit": 85,
        "Operating Income": 7,
        "EBIT": 13,
        "Net Income": -3
    },
    "2016-09-30": {
        "Diluted EPS": 0.54,
        "Total Revenue": 98,
        "Gross Profit": 79,
        "Operating Income": 9,
        "EBIT": 15,
        "Net Income": 10
    },
    "2016-06-30": {
        "Diluted EPS": -0.41,
        "Total Revenue": 104,
        "Gross Profit": 82,
        "Operating Income": -3,
        "EBIT": 3,
        "Net Income": -7
    },
    "2016-03-31": {
        "Diluted EPS": 0.2,
        "Total Revenue": 99,
        "Gross Profit": 77,
        "Operating Income": 7,
        "EBIT": 12,
        "Net Income": 4
    },
    "2015-12-31": {
        "Diluted EPS": 0.18,
        "Total Revenue": 105,
        "Gross Profit": 83,
        "Operating Income": 7,
        "EBIT": 7,
        "Net Income": 3
    },
    "2015-09-30": {
        "Diluted EPS": -0.07,
        "Total Revenue": 101,
        "Gross Profit": 77,
        "Operating Income": 4,
        "EBIT": 4,
        "Net Income": -1
    },
    "2015-06-30": {
        "Diluted EPS": 0.19,
        "Total Revenue": 101,
        "Gross Profit": 79,
        "Operating Income": 5,
        "EBIT": 5,
        "Net Income": 4
    },
    "2015-03-31": {
        "Diluted EPS": -0.45,
        "Total Revenue": 90,
        "Gross Profit": 70,
        "Operating Income": -7,
        "EBIT": -7,
        "Net Income": -8
    },
    "2014-12-31": {
        "Diluted EPS": -0.3,
        "Total Revenue": 100,
        "Gross Profit": 79,
        "Operating Income": 4,
        "EBIT": 4,
        "Net Income": -6
    },
    "2014-09-30": {
        "Diluted EPS": 0.02,
        "Total Revenue": 101,
        "Gross Profit": 76,
        "Operating Income": 7,
        "EBIT": 7,
        "Net Income": 0
    },
    "2014-06-30": {
        "Diluted EPS": -0.04,
        "Total Revenue": 101,
        "Gross Profit": 76,
        "Operating Income": 7,
        "EBIT": 7,
        "Net Income": -1
    },
    "2014-03-31": {
        "Diluted EPS": -0.14,
        "Total Revenue": 100,
        "Gross Profit": 73,
        "Operating Income": 0,
        "EBIT": 0,
        "Net Income": -3
    },
    "2013-12-31": {
        "Diluted EPS": -0.52,
        "Total Revenue": 106,
        "Gross Profit": 72,
        "Operating Income": -10,
        "EBIT": -2,
        "Net Income": -10
    },
    "2013-09-30": {
        "Diluted EPS": -1.04,
        "Total Revenue": 92,
        "Gross Profit": 67,
        "Operating Income": -14,
        "EBIT": 11,
        "Net Income": -19
    },
    "2013-06-30": {
        "Diluted EPS": -0.16,
        "Total Revenue": 98,
        "Gross Profit": 76,
        "Operating Income": 7,
        "EBIT": 13,
        "Net Income": -3
    },
    "2013-03-31": {
        "Diluted EPS": 0.18,
        "Total Revenue": 102,
        "Gross Profit": 76,
        "Operating Income": 6,
        "EBIT": 12,
        "Net Income": 3
    },
    "2012-12-31": {
        "Diluted EPS": 1.04,
        "Total Revenue": 112,
        "Gross Profit": 94,
        "Operating Income": 24,
        "EBIT": 31,
        "Net Income": 21
    },
    "2012-09-30": {
        "Diluted EPS": 0.25,
        "Total Revenue": 108,
        "Gross Profit": 83,
        "Operating Income": 19,
        "EBIT": 23,
        "Net Income": 5
    },
    "2012-06-30": {
        "Diluted EPS": 0.37,
        "Total Revenue": 113,
        "Gross Profit": 86,
        "Operating Income": 14,
        "EBIT": 21,
        "Net Income": 7
    },
    "2012-03-31": {
        "Diluted EPS": 0.49,
        "Total Revenue": 109,
        "Gross Profit": 88,
        "Operating Income": 18,
        "EBIT": 24,
        "Net Income": 9
    },
    "2011-12-31": {
        "Diluted EPS": 0.66,
        "Total Revenue": 123,
        "Gross Profit": 100,
        "Operating Income": 16,
        "EBIT": 22,
        "Net Income": 12
    },
    "2011-09-30": {
        "Diluted EPS": 0.66,
        "Total Revenue": 117,
        "Gross Profit": 93,
        "Operating Income": 24,
        "EBIT": 30,
        "Net Income": 12
    },
    "2011-06-30": {
        "Diluted EPS": 0.54,
        "Total Revenue": 117,
        "Gross Profit": 93,
        "Operating Income": 19,
        "EBIT": 26,
        "Net Income": 10
    },
    "2011-03-31": {
        "Diluted EPS": -2.0,
        "Total Revenue": 139,
        "Gross Profit": 106,
        "Operating Income": -26,
        "EBIT": -20,
        "Net Income": -36
    },
    "2010-12-31": {
        "Diluted EPS": 0.44,
        "Total Revenue": 144,
        "Gross Profit": 111,
        "Operating Income": 17,
        "EBIT": 24,
        "Net Income": 8
    },
    "2010-09-30": {
        "Diluted EPS": 0.48,
        "Total Revenue": 139,
        "Gross Profit": 107,
        "Operating Income": 19,
        "EBIT": 24,
        "Net Income": 9
    },
    "2010-06-30": {
        "Diluted EPS": 0.57,
        "Total Revenue": 143,
        "Gross Profit": 109,
        "Operating Income": 21,
        "EBIT": 26,
        "Net Income": 10
    },
    "2010-03-31": {
        "Diluted EPS": 0.99,
        "Total Revenue": 139,
        "Gross Profit": 106,
        "Operating Income": 32,
        "EBIT": 37,
        "Net Income": 17
    },
    "2009-12-31": {
        "Diluted EPS": 0.54,
        "Total Revenue": 144,
        "Gross Profit": 107,
        "Operating Income": 22,
        "EBIT": 28,
        "Net Income": 9
    },
    "2009-09-30": {
        "Diluted EPS": 0.36,
        "Total Revenue": 135,
        "Gross Profit": 103,
        "Operating Income": 18,
        "EBIT": 23,
        "Net Income": 6
    },
    "2009-06-30": {
        "Diluted EPS": 0.35,
        "Total Revenue": 138,
        "Gross Profit": 101,
        "Operating Income": 14,
        "EBIT": 19,
        "Net Income": 6
    },
    "2009-03-31": {
        "Diluted EPS": 0.17,
        "Total Revenue": 129,
        "Gross Profit": 96,
        "Operating Income": 11,
        "EBIT": 16,
        "Net Income": 3
    },
    "2023-06-30": {
        "Tax Effect Of Unusual Items": -699930.0,
        "Tax Rate For Calcs": 0.21,
        "Normalized EBITDA": -18369000.0,
        "Total Unusual Items": -3333000.0,
        "Total Unusual Items Excluding Goodwill": -3333000.0,
        "Net Income From Continuing Operation Net Minority Interest": -39426000.0,
        "Reconciled Depreciation": 14950000.0,
        "Reconciled Cost Of Revenue": 67465000.0,
        "EBITDA": -21702000.0,
        "EBIT": -36652000.0,
        "Net Interest Income": -1266000.0,
        "Interest Expense": 1266000.0,
        "Normalized Income": -36792930.0,
        "Net Income From Continuing And Discontinued Operation": -39426000.0,
        "Total Expenses": 220315000.0,
        "Total Operating Income As Reported": -36632000.0,
        "Diluted Average Shares": 36762000.0,
        "Basic Average Shares": 36762000.0,
        "Diluted EPS": -1.07,
        "Basic EPS": -1.07,
        "Diluted NI Availto Com Stockholders": -39426000.0,
        "Net Income Common Stockholders": -39426000.0,
        "Net Income": -39426000.0,
        "Net Income Including Noncontrolling Interests": -39426000.0,
        "Net Income Continuous Operations": -39426000.0,
        "Tax Provision": 1508000.0,
        "Pretax Income": -37918000.0,
        "Other Income Expense": -3353000.0,
        "Other Non Operating Income Expenses": -20000.0,
        "Special Income Charges": -3333000.0,
        "Other Special Charges": 4633000.0,
        "Restructuring And Mergern Acquisition": -1300000.0,
        "Net Non Operating Interest Income Expense": -1266000.0,
        "Interest Expense Non Operating": 1266000.0,
        "Operating Income": -33299000.0,
        "Operating Expense": 152850000.0,
        "Depreciation Amortization Depletion Income Statement": 4633000.0,
        "Depreciation And Amortization In Income Statement": 4633000.0,
        "Amortization": 4633000.0,
        "Amortization Of Intangibles Income Statement": 4633000.0,
        "Research And Development": 19424000.0,
        "Selling General And Administration": 133426000.0,
        "Selling And Marketing Expense": 99249000.0,
        "General And Administrative Expense": 34177000.0,
        "Other Gand A": 34177000.0,
        "Gross Profit": 119551000.0,
        "Cost Of Revenue": 67465000.0,
        "Total Revenue": 187016000.0,
        "Operating Revenue": 187016000.0
    },
    "2023-09-30": {
        "Tax Effect Of Unusual Items": -749700.0,
        "Tax Rate For Calcs": 0.21,
        "Normalized EBITDA": -8955000.0,
        "Total Unusual Items": -3570000.0,
        "Total Unusual Items Excluding Goodwill": -3570000.0,
        "Net Income From Continuing Operation Net Minority Interest": -28857000.0,
        "Reconciled Depreciation": 14284000.0,
        "Reconciled Cost Of Revenue": 64243000.0,
        "EBITDA": -12525000.0,
        "EBIT": -26809000.0,
        "Net Interest Income": -1576000.0,
        "Interest Expense": 1576000.0,
        "Normalized Income": -26036700.0,
        "Net Income From Continuing And Discontinued Operation": -28857000.0,
        "Total Expenses": 204885000.0,
        "Total Operating Income As Reported": -24449000.0,
        "Diluted Average Shares": 37249000.0,
        "Basic Average Shares": 37249000.0,
        "Diluted EPS": -0.77,
        "Basic EPS": -0.77,
        "Diluted NI Availto Com Stockholders": -28857000.0,
        "Net Income Common Stockholders": -28857000.0,
        "Net Income": -28857000.0,
        "Net Income Including Noncontrolling Interests": -28857000.0,
        "Net Income Continuous Operations": -28857000.0,
        "Tax Provision": 472000.0,
        "Pretax Income": -28385000.0,
        "Other Income Expense": -5930000.0,
        "Other Non Operating Income Expenses": -2360000.0,
        "Special Income Charges": -3570000.0,
        "Other Special Charges": 4370000.0,
        "Restructuring And Mergern Acquisition": -800000.0,
        "Net Non Operating Interest Income Expense": -1576000.0,
        "Interest Expense Non Operating": 1576000.0,
        "Operating Income": -20879000.0,
        "Operating Expense": 140642000.0,
        "Depreciation Amortization Depletion Income Statement": 4370000.0,
        "Depreciation And Amortization In Income Statement": 4370000.0,
        "Amortization": 4370000.0,
        "Amortization Of Intangibles Income Statement": 4370000.0,
        "Research And Development": 18559000.0,
        "Selling General And Administration": 122083000.0,
        "Selling And Marketing Expense": 94947000.0,
        "General And Administrative Expense": 27136000.0,
        "Other Gand A": 27136000.0,
        "Gross Profit": 119763000.0,
        "Cost Of Revenue": 64243000.0,
        "Total Revenue": 184006000.0,
        "Operating Revenue": 184006000.0
    },
    "2023-12-31": {
        "Tax Effect Of Unusual Items": -781200.0,
        "Tax Rate For Calcs": 0.21,
        "Normalized EBITDA": 3169000.0,
        "Total Unusual Items": -3720000.0,
        "Total Unusual Items Excluding Goodwill": -3720000.0,
        "Net Income From Continuing Operation Net Minority Interest": -22174000.0,
        "Reconciled Depreciation": 16998000.0,
        "Reconciled Cost Of Revenue": 63785000.0,
        "EBITDA": -551000.0,
        "EBIT": -17549000.0,
        "Net Interest Income": -4500000.0,
        "Interest Expense": 4500000.0,
        "Normalized Income": -19235200.0,
        "Net Income From Continuing And Discontinued Operation": -22174000.0,
        "Total Expenses": 215010000.0,
        "Total Operating Income As Reported": -18315000.0,
        "Diluted Average Shares": NaN,
        "Basic Average Shares": NaN,
        "Diluted EPS": NaN,
        "Basic EPS": NaN,
        "Diluted NI Availto Com Stockholders": -22174000.0,
        "Net Income Common Stockholders": -22174000.0,
        "Net Income": -22174000.0,
        "Net Income Including Noncontrolling Interests": -22174000.0,
        "Net Income Continuous Operations": -22174000.0,
        "Tax Provision": 125000.0,
        "Pretax Income": -22049000.0,
        "Other Income Expense": -2954000.0,
        "Other Non Operating Income Expenses": 766000.0,
        "Special Income Charges": -3720000.0,
        "Other Special Charges": 4320000.0,
        "Restructuring And Mergern Acquisition": -600000.0,
        "Net Non Operating Interest Income Expense": -4500000.0,
        "Interest Expense Non Operating": 4500000.0,
        "Operating Income": -14595000.0,
        "Operating Expense": 151225000.0,
        "Depreciation Amortization Depletion Income Statement": NaN,
        "Depreciation And Amortization In Income Statement": NaN,
        "Amortization": NaN,
        "Amortization Of Intangibles Income Statement": NaN,
        "Research And Development": 18941000.0,
        "Selling General And Administration": 132284000.0,
        "Selling And Marketing Expense": 97749000.0,
        "General And Administrative Expense": 34535000.0,
        "Other Gand A": 34535000.0,
        "Gross Profit": 136630000.0,
        "Cost Of Revenue": 63785000.0,
        "Total Revenue": 200415000.0,
        "Operating Revenue": 200415000.0
    },
    "2024-03-31": {
        "Tax Effect Of Unusual Items": -129504.0,
        "Tax Rate For Calcs": 0.024,
        "Normalized EBITDA": -8875000.0,
        "Total Unusual Items": -5396000.0,
        "Total Unusual Items Excluding Goodwill": -5396000.0,
        "Net Income From Continuing Operation Net Minority Interest": -36020000.0,
        "Reconciled Depreciation": 16340000.0,
        "Reconciled Cost Of Revenue": 61366000.0,
        "EBITDA": -14271000.0,
        "EBIT": -30611000.0,
        "Net Interest Income": -4558000.0,
        "Interest Expense": 4558000.0,
        "Normalized Income": -30753504.0,
        "Net Income From Continuing And Discontinued Operation": -36020000.0,
        "Total Expenses": 212549000.0,
        "Total Operating Income As Reported": -29337000.0,
        "Diluted Average Shares": 37741000.0,
        "Basic Average Shares": 37741000.0,
        "Diluted EPS": -0.95,
        "Basic EPS": -0.95,
        "Diluted NI Availto Com Stockholders": -36020000.0,
        "Net Income Common Stockholders": -36020000.0,
        "Net Income": -36020000.0,
        "Net Income Including Noncontrolling Interests": -36020000.0,
        "Net Income Continuous Operations": -36020000.0,
        "Tax Provision": 851000.0,
        "Pretax Income": -35169000.0,
        "Other Income Expense": -6670000.0,
        "Other Non Operating Income Expenses": -1274000.0,
        "Special Income Charges": -5396000.0,
        "Other Special Charges": NaN,
        "Restructuring And Mergern Acquisition": 5396000.0,
        "Net Non Operating Interest Income Expense": -4558000.0,
        "Interest Expense Non Operating": 4558000.0,
        "Operating Income": -23941000.0,
        "Operating Expense": 151183000.0,
        "Depreciation Amortization Depletion Income Statement": NaN,
        "Depreciation And Amortization In Income Statement": NaN,
        "Amortization": NaN,
        "Amortization Of Intangibles Income Statement": NaN,
        "Research And Development": 19492000.0,
        "Selling General And Administration": 131691000.0,
        "Selling And Marketing Expense": 100043000.0,
        "General And Administrative Expense": 31648000.0,
        "Other Gand A": 31648000.0,
        "Gross Profit": 127242000.0,
        "Cost Of Revenue": 61366000.0,
        "Total Revenue": 188608000.0,
        "Operating Revenue": 188608000.0
    }
}