{
    "2023-03-31": {
        "Tax Effect Of Unusual Items": 0.0,
        "Tax Rate For Calcs": 0.24639,
        "Normalized EBITDA": 7570000.0,
        "Net Income From Continuing Operation Net Minority Interest": 5742000.0,
        "Reconciled Depreciation": 264000.0,
        "Reconciled Cost Of Revenue": 11359000.0,
        "EBITDA": 7570000.0,
        "EBIT": 7306000.0,
        "Net Interest Income": 281000.0,
        "Interest Income": 281000.0,
        "Normalized Income": 5742000.0,
        "Net Income From Continuing And Discontinued Operation": 5742000.0,
        "Total Expenses": 22681000.0,
        "Total Operating Income As Reported": 7306000.0,
        "Diluted NI Availto Com Stockholders": 5742000.0,
        "Net Income Common Stockholders": 5742000.0,
        "Net Income": 5742000.0,
        "Minority Interests": 1000.0,
        "Net Income Including Noncontrolling Interests": 5741000.0,
        "Net Income Continuous Operations": 5741000.0,
        "Tax Provision": 1877000.0,
        "Pretax Income": 7618000.0,
        "Other Income Expense": 31000.0,
        "Other Non Operating Income Expenses": 31000.0,
        "Net Non Operating Interest Income Expense": 281000.0,
        "Interest Income Non Operating": 281000.0,
        "Operating Income": 7306000.0,
        "Operating Expense": 11322000.0,
        "Research And Development": 955000.0,
        "Selling General And Administration": 10367000.0,
        "Selling And Marketing Expense": 5573000.0,
        "General And Administrative Expense": 4794000.0,
        "Other Gand A": 4794000.0,
        "Gross Profit": 18628000.0,
        "Cost Of Revenue": 11359000.0,
        "Total Revenue": 29987000.0,
        "Operating Revenue": 29987000.0
    },
    "2022-12-31": {
        "Tax Effect Of Unusual Items": 0.0,
        "Tax Rate For Calcs": 0.22246,
        "Normalized EBITDA": 7951000.0,
        "Net Income From Continuing Operation Net Minority Interest": 6181000.0,
        "Reconciled Depreciation": 284000.0,
        "Reconciled Cost Of Revenue": 12177000.0,
        "EBITDA": 7951000.0,
        "EBIT": 7667000.0,
        "Net Interest Income": 122000.0,
        "Interest Income": NaN,
        "Normalized Income": 6181000.0,
        "Net Income From Continuing And Discontinued Operation": 6181000.0,
        "Total Expenses": 23150000.0,
        "Total Operating Income As Reported": 7667000.0,
        "Diluted NI Availto Com Stockholders": 6181000.0,
        "Net Income Common Stockholders": 6181000.0,
        "Net Income": 6181000.0,
        "Minority Interests": -2000.0,
        "Net Income Including Noncontrolling Interests": 6183000.0,
        "Net Income Continuous Operations": 6183000.0,
        "Tax Provision": 1769000.0,
        "Pretax Income": 7952000.0,
        "Other Income Expense": 163000.0,
        "Other Non Operating Income Expenses": 163000.0,
        "Net Non Operating Interest Income Expense": 122000.0,
        "Interest Income Non Operating": NaN,
        "Operating Income": 7667000.0,
        "Operating Expense": 10973000.0,
        "Research And Development": 1219000.0,
        "Selling General And Administration": 9754000.0,
        "Selling And Marketing Expense": 5386000.0,
        "General And Administrative Expense": 4368000.0,
        "Other Gand A": 4368000.0,
        "Gross Profit": 18640000.0,
        "Cost Of Revenue": 12177000.0,
        "Total Revenue": 30817000.0,
        "Operating Revenue": 30817000.0
    },
    "2022-09-30": {
        "Tax Effect Of Unusual Items": 0.0,
        "Tax Rate For Calcs": 0.227343,
        "Normalized EBITDA": 8887000.0,
        "Net Income From Continuing Operation Net Minority Interest": 6540000.0,
        "Reconciled Depreciation": 246000.0,
        "Reconciled Cost Of Revenue": 11872000.0,
        "EBITDA": 8887000.0,
        "EBIT": 8641000.0,
        "Net Interest Income": 32000.0,
        "Interest Income": 32000.0,
        "Normalized Income": 6540000.0,
        "Net Income From Continuing And Discontinued Operation": 6540000.0,
        "Total Expenses": 22988000.0,
        "Total Operating Income As Reported": 8641000.0,
        "Diluted Average Shares": 10094000.0,
        "Basic Average Shares": 10094000.0,
        "Diluted EPS": 0.65,
        "Basic EPS": 0.65,
        "Diluted NI Availto Com Stockholders": 6540000.0,
        "Net Income Common Stockholders": 6540000.0,
        "Net Income": 6540000.0,
        "Minority Interests": 1000.0,
        "Net Income Including Noncontrolling Interests": 6539000.0,
        "Net Income Continuous Operations": 6539000.0,
        "Tax Provision": 1924000.0,
        "Pretax Income": 8463000.0,
        "Other Income Expense": -210000.0,
        "Other Non Operating Income Expenses": -210000.0,
        "Net Non Operating Interest Income Expense": 32000.0,
        "Interest Income Non Operating": 32000.0,
        "Operating Income": 8641000.0,
        "Operating Expense": 11116000.0,
        "Research And Development": 1101000.0,
        "Selling General And Administration": 10015000.0,
        "Selling And Marketing Expense": 5261000.0,
        "General And Administrative Expense": 4754000.0,
        "Other Gand A": 4754000.0,
        "Gross Profit": 19757000.0,
        "Cost Of Revenue": 11872000.0,
        "Total Revenue": 31629000.0,
        "Operating Revenue": 31629000.0
    },
    "2022-06-30": {
        "Tax Effect Of Unusual Items": 0.0,
        "Tax Rate For Calcs": 0.243243,
        "Normalized EBITDA": 7625000.0,
        "Net Income From Continuing Operation Net Minority Interest": 5450000.0,
        "Reconciled Depreciation": 283000.0,
        "Reconciled Cost Of Revenue": 10955000.0,
        "EBITDA": 7625000.0,
        "EBIT": 7342000.0,
        "Net Interest Income": 11000.0,
        "Interest Income": 11000.0,
        "Normalized Income": 5450000.0,
        "Net Income From Continuing And Discontinued Operation": 5450000.0,
        "Total Expenses": 24406000.0,
        "Total Operating Income As Reported": 7342000.0,
        "Diluted Average Shares": 10094000.0,
        "Basic Average Shares": 10094000.0,
        "Diluted EPS": 0.54,
        "Basic EPS": 0.54,
        "Diluted NI Availto Com Stockholders": 5450000.0,
        "Net Income Common Stockholders": 5450000.0,
        "Net Income": 5450000.0,
        "Minority Interests": -10000.0,
        "Net Income Including Noncontrolling Interests": 5460000.0,
        "Net Income Continuous Operations": 5460000.0,
        "Tax Provision": 1755000.0,
        "Pretax Income": 7215000.0,
        "Other Income Expense": -138000.0,
        "Other Non Operating Income Expenses": -138000.0,
        "Net Non Operating Interest Income Expense": 11000.0,
        "Interest Income Non Operating": 11000.0,
        "Operating Income": 7342000.0,
        "Operating Expense": 13451000.0,
        "Research And Development": 1197000.0,
        "Selling General And Administration": 12254000.0,
        "Selling And Marketing Expense": 5501000.0,
        "General And Administrative Expense": 6753000.0,
        "Other Gand A": 6753000.0,
        "Gross Profit": 20793000.0,
        "Cost Of Revenue": 10955000.0,
        "Total Revenue": 31748000.0,
        "Operating Revenue": 31748000.0
    },
    "2022-03-31": {
        "Diluted EPS": 0.54,
        "Total Revenue": 31,
        "Gross Profit": 19,
        "Operating Income": 7,
        "EBIT": 8,
        "Net Income": 5
    },
    "2021-12-31": {
        "Diluted EPS": 0.76,
        "Total Revenue": 35,
        "Gross Profit": 22,
        "Operating Income": 10,
        "EBIT": 10,
        "Net Income": 8
    },
    "2021-09-30": {
        "Diluted EPS": 0.61,
        "Total Revenue": 32,
        "Gross Profit": 20,
        "Operating Income": 8,
        "EBIT": 9,
        "Net Income": 6
    },
    "2021-06-30": {
        "Diluted EPS": 0.61,
        "Total Revenue": 32,
        "Gross Profit": 20,
        "Operating Income": 8,
        "EBIT": 9,
        "Net Income": 6
    },
    "2021-03-31": {
        "Diluted EPS": 0.62,
        "Total Revenue": 31,
        "Gross Profit": 20,
        "Operating Income": 8,
        "EBIT": 9,
        "Net Income": 6
    },
    "2020-12-31": {
        "Diluted EPS": 0.71,
        "Total Revenue": 32,
        "Gross Profit": 20,
        "Operating Income": 10,
        "EBIT": 10,
        "Net Income": 7
    },
    "2020-09-30": {
        "Diluted EPS": 0.48,
        "Total Revenue": 27,
        "Gross Profit": 17,
        "Operating Income": 6,
        "EBIT": 7,
        "Net Income": 5
    },
    "2020-06-30": {
        "Diluted EPS": 0.35,
        "Total Revenue": 22,
        "Gross Profit": 13,
        "Operating Income": 5,
        "EBIT": 5,
        "Net Income": 4
    },
    "2020-03-31": {
        "Diluted EPS": 0.43,
        "Total Revenue": 25,
        "Gross Profit": 16,
        "Operating Income": 6,
        "EBIT": 6,
        "Net Income": 4
    },
    "2019-12-31": {
        "Diluted EPS": 0.56,
        "Total Revenue": 30,
        "Gross Profit": 19,
        "Operating Income": 7,
        "EBIT": 7,
        "Net Income": 6
    },
    "2019-09-30": {
        "Diluted EPS": 0.33,
        "Total Revenue": 28,
        "Gross Profit": 18,
        "Operating Income": 4,
        "EBIT": 5,
        "Net Income": 3
    },
    "2019-06-30": {
        "Diluted EPS": 0.39,
        "Total Revenue": 27,
        "Gross Profit": 17,
        "Operating Income": 5,
        "EBIT": 5,
        "Net Income": 4
    },
    "2019-03-31": {
        "Diluted EPS": 0.43,
        "Total Revenue": 27,
        "Gross Profit": 17,
        "Operating Income": 6,
        "EBIT": 6,
        "Net Income": 4
    },
    "2018-12-31": {
        "Diluted EPS": 0.61,
        "Total Revenue": 29,
        "Gross Profit": 18,
        "Operating Income": 8,
        "EBIT": 8,
        "Net Income": 6
    },
    "2018-09-30": {
        "Diluted EPS": 0.51,
        "Total Revenue": 27,
        "Gross Profit": 17,
        "Operating Income": 7,
        "EBIT": 7,
        "Net Income": 5
    },
    "2018-06-30": {
        "Diluted EPS": 0.47,
        "Total Revenue": 27,
        "Gross Profit": 16,
        "Operating Income": 6,
        "EBIT": 6,
        "Net Income": 5
    },
    "2018-03-31": {
        "Diluted EPS": 0.41,
        "Total Revenue": 25,
        "Gross Profit": 15,
        "Operating Income": 6,
        "EBIT": 6,
        "Net Income": 4
    },
    "2017-12-31": {
        "Diluted EPS": 0.44,
        "Total Revenue": 27,
        "Gross Profit": 17,
        "Operating Income": 8,
        "EBIT": 8,
        "Net Income": 4
    },
    "2017-09-30": {
        "Diluted EPS": 0.4,
        "Total Revenue": 25,
        "Gross Profit": 15,
        "Operating Income": 6,
        "EBIT": 6,
        "Net Income": 4
    },
    "2017-06-30": {
        "Diluted EPS": 0.3,
        "Total Revenue": 24,
        "Gross Profit": 14,
        "Operating Income": 4,
        "EBIT": 5,
        "Net Income": 3
    },
    "2017-03-31": {
        "Diluted EPS": 0.41,
        "Total Revenue": 26,
        "Gross Profit": 15,
        "Operating Income": 6,
        "EBIT": 6,
        "Net Income": 4
    },
    "2016-12-31": {
        "Diluted EPS": 0.4,
        "Total Revenue": 26,
        "Gross Profit": 16,
        "Operating Income": 6,
        "EBIT": 6,
        "Net Income": 4
    },
    "2016-09-30": {
        "Diluted EPS": 0.39,
        "Total Revenue": 24,
        "Gross Profit": 15,
        "Operating Income": 6,
        "EBIT": 6,
        "Net Income": 4
    },
    "2016-06-30": {
        "Diluted EPS": 0.37,
        "Total Revenue": 24,
        "Gross Profit": 15,
        "Operating Income": 6,
        "EBIT": 6,
        "Net Income": 4
    },
    "2016-03-31": {
        "Diluted EPS": 0.26,
        "Total Revenue": 21,
        "Gross Profit": 12,
        "Operating Income": 4,
        "EBIT": 4,
        "Net Income": 3
    },
    "2015-12-31": {
        "Diluted EPS": 0.47,
        "Total Revenue": 26,
        "Gross Profit": 16,
        "Operating Income": 7,
        "EBIT": 7,
        "Net Income": 5
    },
    "2015-09-30": {
        "Diluted EPS": 0.42,
        "Total Revenue": 25,
        "Gross Profit": 15,
        "Operating Income": 6,
        "EBIT": 6,
        "Net Income": 4
    },
    "2015-06-30": {
        "Diluted EPS": 0.36,
        "Total Revenue": 22,
        "Gross Profit": 13,
        "Operating Income": 5,
        "EBIT": 5,
        "Net Income": 4
    },
    "2015-03-31": {
        "Diluted EPS": 0.31,
        "Total Revenue": 21,
        "Gross Profit": 12,
        "Operating Income": 5,
        "EBIT": 5,
        "Net Income": 3
    },
    "2014-12-31": {
        "Diluted EPS": 0.42,
        "Total Revenue": 25,
        "Gross Profit": 15,
        "Operating Income": 7,
        "EBIT": 7,
        "Net Income": 4
    },
    "2014-09-30": {
        "Diluted EPS": 0.4,
        "Total Revenue": 24,
        "Gross Profit": 14,
        "Operating Income": 6,
        "EBIT": 6,
        "Net Income": 4
    },
    "2014-06-30": {
        "Diluted EPS": 0.29,
        "Total Revenue": 20,
        "Gross Profit": 11,
        "Operating Income": 4,
        "EBIT": 4,
        "Net Income": 3
    },
    "2014-03-31": {
        "Diluted EPS": 0.22,
        "Total Revenue": 17,
        "Gross Profit": 9,
        "Operating Income": 3,
        "EBIT": 3,
        "Net Income": 2
    },
    "2013-12-31": {
        "Diluted EPS": 0.31,
        "Total Revenue": 22,
        "Gross Profit": 12,
        "Operating Income": 5,
        "EBIT": 5,
        "Net Income": 3
    },
    "2013-09-30": {
        "Diluted EPS": 0.27,
        "Total Revenue": 20,
        "Gross Profit": 11,
        "Operating Income": 4,
        "EBIT": 4,
        "Net Income": 3
    },
    "2013-06-30": {
        "Diluted EPS": 0.25,
        "Total Revenue": 19,
        "Gross Profit": 10,
        "Operating Income": 4,
        "EBIT": 4,
        "Net Income": 3
    },
    "2013-03-31": {
        "Diluted EPS": 0.16,
        "Total Revenue": 16,
        "Gross Profit": 9,
        "Operating Income": 2,
        "EBIT": 3,
        "Net Income": 2
    },
    "2012-12-31": {
        "Diluted EPS": 0.07,
        "Total Revenue": 18,
        "Gross Profit": 10,
        "Operating Income": 1,
        "EBIT": 2,
        "Net Income": 1
    },
    "2012-09-30": {
        "Diluted EPS": 0.17,
        "Total Revenue": 17,
        "Gross Profit": 9,
        "Operating Income": 3,
        "EBIT": 3,
        "Net Income": 2
    },
    "2012-06-30": {
        "Diluted EPS": 0.05,
        "Total Revenue": 14,
        "Gross Profit": 7,
        "Operating Income": 1,
        "EBIT": 1,
        "Net Income": 0
    },
    "2012-03-31": {
        "Diluted EPS": 0.39,
        "Total Revenue": 15,
        "Gross Profit": 7,
        "Operating Income": 6,
        "EBIT": 6,
        "Net Income": 4
    },
    "2011-12-31": {
        "Diluted EPS": 0.17,
        "Total Revenue": 16,
        "Gross Profit": 8,
        "Operating Income": 2,
        "EBIT": 2,
        "Net Income": 2
    },
    "2011-09-30": {
        "Diluted EPS": 0.09,
        "Total Revenue": 14,
        "Gross Profit": 7,
        "Operating Income": 1,
        "EBIT": 2,
        "Net Income": 1
    },
    "2011-06-30": {
        "Diluted EPS": 0.12,
        "Total Revenue": 13,
        "Gross Profit": 7,
        "Operating Income": 2,
        "EBIT": 2,
        "Net Income": 1
    },
    "2011-03-31": {
        "Diluted EPS": 0.08,
        "Total Revenue": 11,
        "Gross Profit": 6,
        "Operating Income": 1,
        "EBIT": 1,
        "Net Income": 1
    },
    "2010-12-31": {
        "Diluted EPS": 0.19,
        "Total Revenue": 13,
        "Gross Profit": 7,
        "Operating Income": 3,
        "EBIT": 3,
        "Net Income": 2
    },
    "2010-09-30": {
        "Diluted EPS": 0.08,
        "Total Revenue": 12,
        "Gross Profit": 6,
        "Operating Income": 1,
        "EBIT": 1,
        "Net Income": 1
    },
    "2010-06-30": {
        "Diluted EPS": 0.07,
        "Total Revenue": 11,
        "Gross Profit": 6,
        "Operating Income": 1,
        "EBIT": 1,
        "Net Income": 1
    },
    "2010-03-31": {
        "Diluted EPS": 0.11,
        "Total Revenue": 12,
        "Gross Profit": 6,
        "Operating Income": 2,
        "EBIT": 2,
        "Net Income": 1
    },
    "2009-12-31": {
        "Diluted EPS": 0.17,
        "Total Revenue": 13,
        "Gross Profit": 7,
        "Operating Income": 3,
        "EBIT": 3,
        "Net Income": 2
    },
    "2009-09-30": {
        "Diluted EPS": 0.16,
        "Total Revenue": 11,
        "Gross Profit": 6,
        "Operating Income": 2,
        "EBIT": 2,
        "Net Income": 2
    },
    "2009-06-30": {
        "Diluted EPS": 0.06,
        "Total Revenue": 10,
        "Gross Profit": 5,
        "Operating Income": 1,
        "EBIT": 1,
        "Net Income": 1
    },
    "2009-03-31": {
        "Diluted EPS": 0.04,
        "Total Revenue": 10,
        "Gross Profit": 4,
        "Operating Income": 1,
        "EBIT": 1,
        "Net Income": 0
    },
    "2023-06-30": {
        "Tax Effect Of Unusual Items": 0.0,
        "Tax Rate For Calcs": 0.234136,
        "Normalized EBITDA": 5784000.0,
        "Net Income From Continuing Operation Net Minority Interest": 4556000.0,
        "Reconciled Depreciation": 263000.0,
        "Reconciled Cost Of Revenue": 10035000.0,
        "EBITDA": 5784000.0,
        "EBIT": 5521000.0,
        "Net Interest Income": 396000.0,
        "Interest Income": 396000.0,
        "Normalized Income": 4556000.0,
        "Net Income From Continuing And Discontinued Operation": 4556000.0,
        "Total Expenses": 20314000.0,
        "Total Operating Income As Reported": 5521000.0,
        "Diluted NI Availto Com Stockholders": 4556000.0,
        "Net Income Common Stockholders": 4556000.0,
        "Net Income": 4556000.0,
        "Minority Interests": 6000.0,
        "Net Income Including Noncontrolling Interests": 4550000.0,
        "Net Income Continuous Operations": 4550000.0,
        "Tax Provision": 1391000.0,
        "Pretax Income": 5941000.0,
        "Other Income Expense": 24000.0,
        "Other Non Operating Income Expenses": 24000.0,
        "Net Non Operating Interest Income Expense": 396000.0,
        "Interest Income Non Operating": 396000.0,
        "Operating Income": 5521000.0,
        "Operating Expense": 10279000.0,
        "Research And Development": 907000.0,
        "Selling General And Administration": 9372000.0,
        "Selling And Marketing Expense": 4999000.0,
        "General And Administrative Expense": 4373000.0,
        "Other Gand A": 4373000.0,
        "Gross Profit": 15800000.0,
        "Cost Of Revenue": 10035000.0,
        "Total Revenue": 25835000.0,
        "Operating Revenue": 25835000.0
    },
    "2023-09-30": {
        "Tax Effect Of Unusual Items": 0.0,
        "Tax Rate For Calcs": 0.238525,
        "Normalized EBITDA": 7134000.0,
        "Net Income From Continuing Operation Net Minority Interest": 5576000.0,
        "Reconciled Depreciation": 275000.0,
        "Reconciled Cost Of Revenue": 10549000.0,
        "EBITDA": 7134000.0,
        "EBIT": 6859000.0,
        "Net Interest Income": 502000.0,
        "Interest Income": 502000.0,
        "Normalized Income": 5576000.0,
        "Net Income From Continuing And Discontinued Operation": 5576000.0,
        "Total Expenses": 20637000.0,
        "Total Operating Income As Reported": 6859000.0,
        "Diluted NI Availto Com Stockholders": 5576000.0,
        "Net Income Common Stockholders": 5576000.0,
        "Net Income": 5576000.0,
        "Minority Interests": 2000.0,
        "Net Income Including Noncontrolling Interests": 5574000.0,
        "Net Income Continuous Operations": 5574000.0,
        "Tax Provision": 1746000.0,
        "Pretax Income": 7320000.0,
        "Other Income Expense": -41000.0,
        "Other Non Operating Income Expenses": -41000.0,
        "Net Non Operating Interest Income Expense": 502000.0,
        "Interest Income Non Operating": 502000.0,
        "Operating Income": 6859000.0,
        "Operating Expense": 10088000.0,
        "Research And Development": 992000.0,
        "Selling General And Administration": 9096000.0,
        "Selling And Marketing Expense": 5059000.0,
        "General And Administrative Expense": 4037000.0,
        "Other Gand A": 4037000.0,
        "Gross Profit": 16947000.0,
        "Cost Of Revenue": 10549000.0,
        "Total Revenue": 27496000.0,
        "Operating Revenue": 27496000.0
    }
}