{
    "2023-05-31": {
        "Tax Effect Of Unusual Items": -1127719.352,
        "Tax Rate For Calcs": 0.006063,
        "Normalized EBITDA": -21653000.0,
        "Total Unusual Items": -186007000.0,
        "Total Unusual Items Excluding Goodwill": -186007000.0,
        "Net Income From Continuing Operation Net Minority Interest": -213451000.0,
        "Reconciled Depreciation": 7029000.0,
        "Reconciled Cost Of Revenue": 31906000.0,
        "EBITDA": -207660000.0,
        "EBIT": -214689000.0,
        "Net Interest Income": -64000.0,
        "Interest Expense": 64000.0,
        "Normalized Income": -28571719.352,
        "Net Income From Continuing And Discontinued Operation": -213451000.0,
        "Total Expenses": 61180000.0,
        "Total Operating Income As Reported": -219637000.0,
        "Diluted Average Shares": 78822378.0,
        "Basic Average Shares": 78822378.0,
        "Diluted EPS": -2.708,
        "Basic EPS": -2.708,
        "Diluted NI Availto Com Stockholders": -213451000.0,
        "Net Income Common Stockholders": -213451000.0,
        "Net Income": -213451000.0,
        "Net Income Including Noncontrolling Interests": -213451000.0,
        "Net Income Continuous Operations": -213451000.0,
        "Tax Provision": -1302000.0,
        "Pretax Income": -214753000.0,
        "Other Income Expense": -186294000.0,
        "Other Non Operating Income Expenses": NaN,
        "Special Income Charges": -188296000.0,
        "Gain On Sale Of Ppe": 54000.0,
        "Other Special Charges": NaN,
        "Write Off": 0.0,
        "Impairment Of Capital Assets": 191242000.0,
        "Restructuring And Mergern Acquisition": -2892000.0,
        "Earnings From Equity Interest": -287000.0,
        "Gain On Sale Of Security": 2289000.0,
        "Net Non Operating Interest Income Expense": -64000.0,
        "Interest Expense Non Operating": 64000.0,
        "Operating Income": -28395000.0,
        "Operating Expense": 23698000.0,
        "Other Operating Expenses": NaN,
        "Depreciation Amortization Depletion Income Statement": 1453000.0,
        "Depreciation And Amortization In Income Statement": 1453000.0,
        "Research And Development": 3463000.0,
        "Selling General And Administration": 18782000.0,
        "Selling And Marketing Expense": 4550000.0,
        "General And Administrative Expense": 14232000.0,
        "Other Gand A": 10002000.0,
        "Salaries And Wages": 4230000.0,
        "Gross Profit": -4697000.0,
        "Cost Of Revenue": 37482000.0,
        "Total Revenue": 32785000.0,
        "Excise Taxes": 15624000.0,
        "Operating Revenue": 48401000.0
    },
    "2023-02-28": {
        "Tax Effect Of Unusual Items": 1486000.0,
        "Tax Rate For Calcs": 0.4,
        "Normalized EBITDA": -4203000.0,
        "Total Unusual Items": 3715000.0,
        "Total Unusual Items Excluding Goodwill": 3715000.0,
        "Net Income From Continuing Operation Net Minority Interest": -7488000.0,
        "Reconciled Depreciation": 6936000.0,
        "Reconciled Cost Of Revenue": 24200000.0,
        "EBITDA": -488000.0,
        "EBIT": -7424000.0,
        "Net Interest Income": -63000.0,
        "Interest Expense": 63000.0,
        "Normalized Income": -9717000.0,
        "Net Income From Continuing And Discontinued Operation": -7488000.0,
        "Total Expenses": 50336000.0,
        "Total Operating Income As Reported": -10843000.0,
        "Diluted Average Shares": 78000000.0,
        "Basic Average Shares": 78000000.0,
        "Diluted EPS": -0.096,
        "Basic EPS": -0.096,
        "Diluted NI Availto Com Stockholders": -7488000.0,
        "Net Income Common Stockholders": -7488000.0,
        "Net Income": -7488000.0,
        "Net Income Including Noncontrolling Interests": -7488000.0,
        "Net Income Continuous Operations": -7488000.0,
        "Tax Provision": 1000.0,
        "Pretax Income": -7487000.0,
        "Other Income Expense": 3419000.0,
        "Other Non Operating Income Expenses": NaN,
        "Special Income Charges": 168000.0,
        "Gain On Sale Of Ppe": 69000.0,
        "Other Special Charges": -75000.0,
        "Write Off": 0.0,
        "Impairment Of Capital Assets": 0.0,
        "Restructuring And Mergern Acquisition": -24000.0,
        "Earnings From Equity Interest": -296000.0,
        "Gain On Sale Of Security": 3547000.0,
        "Net Non Operating Interest Income Expense": -63000.0,
        "Interest Expense Non Operating": 63000.0,
        "Operating Income": -10843000.0,
        "Operating Expense": 20645000.0,
        "Other Operating Expenses": NaN,
        "Depreciation Amortization Depletion Income Statement": 1445000.0,
        "Depreciation And Amortization In Income Statement": 1445000.0,
        "Research And Development": 3348000.0,
        "Selling General And Administration": 15852000.0,
        "Selling And Marketing Expense": 4334000.0,
        "General And Administrative Expense": 11518000.0,
        "Other Gand A": 6826000.0,
        "Salaries And Wages": 4692000.0,
        "Gross Profit": 9802000.0,
        "Cost Of Revenue": 29691000.0,
        "Total Revenue": 39493000.0,
        "Excise Taxes": 13405000.0,
        "Operating Revenue": 52845000.0
    },
    "2022-11-30": {
        "Tax Effect Of Unusual Items": 389480.6,
        "Tax Rate For Calcs": 0.2621,
        "Normalized EBITDA": 10453000.0,
        "Total Unusual Items": 1486000.0,
        "Total Unusual Items Excluding Goodwill": 1486000.0,
        "Net Income From Continuing Operation Net Minority Interest": 5329000.0,
        "Reconciled Depreciation": 6801000.0,
        "Reconciled Cost Of Revenue": 14028000.0,
        "EBITDA": 11939000.0,
        "EBIT": 5138000.0,
        "Net Interest Income": -41000.0,
        "Interest Expense": 41000.0,
        "Normalized Income": 4232480.6,
        "Net Income From Continuing And Discontinued Operation": 5329000.0,
        "Total Expenses": 39263000.0,
        "Total Operating Income As Reported": 4058000.0,
        "Diluted Average Shares": 78367647.0,
        "Basic Average Shares": 78367647.0,
        "Diluted EPS": 0.068,
        "Basic EPS": 0.068,
        "Diluted NI Availto Com Stockholders": 5329000.0,
        "Net Income Common Stockholders": 5329000.0,
        "Net Income": 5329000.0,
        "Net Income Including Noncontrolling Interests": 5329000.0,
        "Net Income Continuous Operations": 5329000.0,
        "Tax Provision": -232000.0,
        "Pretax Income": 5097000.0,
        "Other Income Expense": 1080000.0,
        "Other Non Operating Income Expenses": NaN,
        "Special Income Charges": -400000.0,
        "Gain On Sale Of Ppe": -382000.0,
        "Other Special Charges": NaN,
        "Write Off": 0.0,
        "Impairment Of Capital Assets": NaN,
        "Restructuring And Mergern Acquisition": 18000.0,
        "Earnings From Equity Interest": -406000.0,
        "Gain On Sale Of Security": 1886000.0,
        "Net Non Operating Interest Income Expense": -41000.0,
        "Interest Expense Non Operating": 41000.0,
        "Operating Income": 4058000.0,
        "Operating Expense": 19828000.0,
        "Other Operating Expenses": NaN,
        "Depreciation Amortization Depletion Income Statement": 1394000.0,
        "Depreciation And Amortization In Income Statement": 1394000.0,
        "Research And Development": 2383000.0,
        "Selling General And Administration": 16051000.0,
        "Selling And Marketing Expense": 4491000.0,
        "General And Administrative Expense": 11560000.0,
        "Other Gand A": 6053000.0,
        "Salaries And Wages": 5507000.0,
        "Gross Profit": 23886000.0,
        "Cost Of Revenue": 19435000.0,
        "Total Revenue": 43321000.0,
        "Excise Taxes": 17561000.0,
        "Operating Revenue": 60839000.0
    },
    "2022-08-31": {
        "Tax Effect Of Unusual Items": NaN,
        "Tax Rate For Calcs": NaN,
        "Normalized EBITDA": NaN,
        "Total Unusual Items": NaN,
        "Total Unusual Items Excluding Goodwill": NaN,
        "Net Income From Continuing Operation Net Minority Interest": NaN,
        "Reconciled Depreciation": NaN,
        "Reconciled Cost Of Revenue": NaN,
        "EBITDA": NaN,
        "EBIT": NaN,
        "Net Interest Income": NaN,
        "Interest Expense": NaN,
        "Normalized Income": NaN,
        "Net Income From Continuing And Discontinued Operation": NaN,
        "Total Expenses": NaN,
        "Total Operating Income As Reported": NaN,
        "Diluted Average Shares": NaN,
        "Basic Average Shares": NaN,
        "Diluted EPS": NaN,
        "Basic EPS": NaN,
        "Diluted NI Availto Com Stockholders": NaN,
        "Net Income Common Stockholders": NaN,
        "Net Income": NaN,
        "Net Income Including Noncontrolling Interests": NaN,
        "Net Income Continuous Operations": NaN,
        "Tax Provision": NaN,
        "Pretax Income": NaN,
        "Other Income Expense": NaN,
        "Other Non Operating Income Expenses": NaN,
        "Special Income Charges": NaN,
        "Gain On Sale Of Ppe": NaN,
        "Other Special Charges": 0.0,
        "Write Off": 0.0,
        "Impairment Of Capital Assets": 2245000.0,
        "Restructuring And Mergern Acquisition": NaN,
        "Earnings From Equity Interest": NaN,
        "Gain On Sale Of Security": NaN,
        "Net Non Operating Interest Income Expense": NaN,
        "Interest Expense Non Operating": NaN,
        "Operating Income": NaN,
        "Operating Expense": NaN,
        "Other Operating Expenses": 0.0,
        "Depreciation Amortization Depletion Income Statement": NaN,
        "Depreciation And Amortization In Income Statement": NaN,
        "Research And Development": NaN,
        "Selling General And Administration": NaN,
        "Selling And Marketing Expense": NaN,
        "General And Administrative Expense": NaN,
        "Other Gand A": NaN,
        "Salaries And Wages": NaN,
        "Gross Profit": NaN,
        "Cost Of Revenue": NaN,
        "Total Revenue": NaN,
        "Excise Taxes": NaN,
        "Operating Revenue": NaN
    },
    "2022-05-31": {
        "Tax Effect Of Unusual Items": 3834400.0,
        "Tax Rate For Calcs": 0.4,
        "Normalized EBITDA": -5917000.0,
        "Total Unusual Items": 9586000.0,
        "Total Unusual Items Excluding Goodwill": 9586000.0,
        "Net Income From Continuing Operation Net Minority Interest": -2787000.0,
        "Reconciled Depreciation": 6060000.0,
        "Reconciled Cost Of Revenue": 25937000.0,
        "EBIT": -2391000.0,
        "Net Interest Income": -88000.0,
        "Interest Expense": 88000.0,
        "Normalized Income": -8538600.0,
        "Net Income From Continuing And Discontinued Operation": -2787000.0,
        "Total Expenses": 49899000.0,
        "Total Operating Income As Reported": -11938000.0,
        "Diluted Average Shares": 78426941.0,
        "Basic Average Shares": 78426941.0,
        "Diluted EPS": -0.144,
        "Basic EPS": -0.144,
        "Diluted NI Availto Com Stockholders": -2787000.0,
        "Net Income Common Stockholders": -2787000.0,
        "Net Income": -2787000.0,
        "Net Income Including Noncontrolling Interests": -2787000.0,
        "Net Income Continuous Operations": -2787000.0,
        "Tax Provision": 308000.0,
        "Pretax Income": -2479000.0,
        "Other Income Expense": 9393000.0,
        "Special Income Charges": 3360000.0,
        "Gain On Sale Of Ppe": -553000.0,
        "Other Special Charges": -491000.0,
        "Write Off": 0.0,
        "Impairment Of Capital Assets": 0.0,
        "Restructuring And Mergern Acquisition": -3422000.0,
        "Earnings From Equity Interest": -193000.0,
        "Gain On Sale Of Security": 6226000.0,
        "Net Non Operating Interest Income Expense": -88000.0,
        "Interest Expense Non Operating": 88000.0,
        "Operating Income": -11784000.0,
        "Operating Expense": 19426000.0,
        "Other Operating Expenses": -154000.0,
        "Depreciation Amortization Depletion Income Statement": 1524000.0,
        "Depreciation And Amortization In Income Statement": 1524000.0,
        "Research And Development": 1373000.0,
        "Selling General And Administration": 16683000.0,
        "Selling And Marketing Expense": 4672000.0,
        "General And Administrative Expense": 12011000.0,
        "Other Gand A": 7902000.0,
        "Salaries And Wages": 4109000.0,
        "Gross Profit": 7642000.0,
        "Cost Of Revenue": 30473000.0,
        "Total Revenue": 38115000.0,
        "Excise Taxes": 17058000.0,
        "Operating Revenue": 55140000.0
    },
    "2022-02-28": {
        "Diluted EPS": -0.04,
        "Total Revenue": 25,
        "Gross Profit": 7,
        "Operating Income": -7,
        "EBIT": -2,
        "Net Income": -3
    },
    "2021-11-30": {
        "Diluted EPS": -0.01,
        "Total Revenue": 24,
        "Gross Profit": 0,
        "Operating Income": -11,
        "EBIT": -6,
        "Net Income": -1
    },
    "2021-08-31": {
        "Diluted EPS": -0.16,
        "Total Revenue": 20,
        "Gross Profit": 2,
        "Operating Income": -18,
        "EBIT": -7,
        "Net Income": -22
    },
    "2021-05-31": {
        "Diluted EPS": -0.04,
        "Total Revenue": 16,
        "Gross Profit": 2,
        "Operating Income": -10,
        "EBIT": -5,
        "Net Income": -3
    },
    "2021-02-28": {
        "Diluted EPS": -0.89,
        "Total Revenue": 11,
        "Gross Profit": -13,
        "Operating Income": -23,
        "EBIT": -19,
        "Net Income": -52
    },
    "2020-11-30": {
        "Diluted EPS": -0.52,
        "Total Revenue": 15,
        "Gross Profit": -13,
        "Operating Income": -21,
        "EBIT": -17,
        "Net Income": -26
    },
    "2020-08-31": {
        "Diluted EPS": -0.75,
        "Total Revenue": 15,
        "Gross Profit": -23,
        "Operating Income": -34,
        "EBIT": -30,
        "Net Income": -31
    },
    "2020-05-31": {
        "Diluted EPS": -1.46,
        "Total Revenue": 13,
        "Gross Profit": -36,
        "Operating Income": -71,
        "EBIT": -68,
        "Net Income": -64
    },
    "2020-02-29": {
        "Diluted EPS": -0.13,
        "Total Revenue": 18,
        "Gross Profit": 9,
        "Operating Income": -3,
        "EBIT": 0,
        "Net Income": -5
    },
    "2019-11-30": {
        "Diluted EPS": -0.02,
        "Total Revenue": 19,
        "Gross Profit": 8,
        "Operating Income": 0,
        "EBIT": 3,
        "Net Income": -1
    },
    "2019-08-31": {
        "Diluted EPS": -0.45,
        "Total Revenue": 12,
        "Gross Profit": -9,
        "Operating Income": -21,
        "EBIT": -19,
        "Net Income": -17
    },
    "2019-05-31": {
        "Diluted EPS": -0.2,
        "Total Revenue": 18,
        "Gross Profit": 0,
        "Operating Income": -8,
        "EBIT": -7,
        "Net Income": -8
    },
    "2019-02-28": {
        "Diluted EPS": -0.15,
        "Total Revenue": 20,
        "Gross Profit": 6,
        "Operating Income": -1,
        "EBIT": 0,
        "Net Income": -5
    },
    "2018-11-30": {
        "Diluted EPS": 0.6,
        "Total Revenue": 10,
        "Gross Profit": 40,
        "Operating Income": 35,
        "EBIT": 37,
        "Net Income": 23
    },
    "2018-08-31": {
        "Diluted EPS": 0.48,
        "Total Revenue": 3,
        "Gross Profit": 3,
        "Operating Income": 3,
        "EBIT": 3,
        "Net Income": 14
    },
    "2023-12-31": {
        "Tax Effect Of Unusual Items": 0.0,
        "Tax Rate For Calcs": 0.0,
        "Normalized EBITDA": -13029000.0,
        "Total Unusual Items": 164000.0,
        "Total Unusual Items Excluding Goodwill": 164000.0,
        "Net Income From Continuing Operation Net Minority Interest": -15750000.0,
        "Reconciled Depreciation": 2837000.0,
        "Reconciled Cost Of Revenue": 27735000.0,
        "EBITDA": -12865000.0,
        "EBIT": -15702000.0,
        "Net Interest Income": -48000.0,
        "Interest Expense": 48000.0,
        "Normalized Income": -15914000.0,
        "Net Income From Continuing And Discontinued Operation": -15750000.0,
        "Total Expenses": 52384000.0,
        "Total Operating Income As Reported": -15929000.0,
        "Diluted Average Shares": 81185567.0,
        "Basic Average Shares": 81185567.0,
        "Diluted EPS": -0.194,
        "Basic EPS": -0.194,
        "Diluted NI Availto Com Stockholders": -15750000.0,
        "Net Income Common Stockholders": -15750000.0,
        "Net Income": -15750000.0,
        "Net Income Including Noncontrolling Interests": -15750000.0,
        "Net Income Continuous Operations": -15750000.0,
        "Tax Provision": 0.0,
        "Pretax Income": -15750000.0,
        "Other Income Expense": 227000.0,
        "Other Non Operating Income Expenses": 218000.0,
        "Special Income Charges": 50000.0,
        "Gain On Sale Of Ppe": 0.0,
        "Other Special Charges": NaN,
        "Write Off": NaN,
        "Impairment Of Capital Assets": NaN,
        "Restructuring And Mergern Acquisition": -50000.0,
        "Earnings From Equity Interest": -155000.0,
        "Gain On Sale Of Security": 114000.0,
        "Net Non Operating Interest Income Expense": -48000.0,
        "Interest Expense Non Operating": 48000.0,
        "Operating Income": -15929000.0,
        "Operating Expense": 22629000.0,
        "Other Operating Expenses": NaN,
        "Depreciation Amortization Depletion Income Statement": 817000.0,
        "Depreciation And Amortization In Income Statement": 817000.0,
        "Research And Development": 4467000.0,
        "Selling General And Administration": 17345000.0,
        "Selling And Marketing Expense": 4595000.0,
        "General And Administrative Expense": 12750000.0,
        "Other Gand A": 7041000.0,
        "Salaries And Wages": 5709000.0,
        "Gross Profit": 6700000.0,
        "Cost Of Revenue": 29755000.0,
        "Total Revenue": 36455000.0,
        "Excise Taxes": 19815000.0,
        "Operating Revenue": 56260000.0
    },
    "2024-03-31": {
        "Tax Effect Of Unusual Items": -13131.156613,
        "Tax Rate For Calcs": 0.001107,
        "Normalized EBITDA": -12046000.0,
        "Total Unusual Items": -11864000.0,
        "Total Unusual Items Excluding Goodwill": -11864000.0,
        "Net Income From Continuing Operation Net Minority Interest": -27075000.0,
        "Reconciled Depreciation": 3130000.0,
        "Reconciled Cost Of Revenue": 26006000.0,
        "EBITDA": -23910000.0,
        "EBIT": -27040000.0,
        "Net Interest Income": -65000.0,
        "Interest Expense": 65000.0,
        "Normalized Income": -15224131.156613,
        "Net Income From Continuing And Discontinued Operation": -27075000.0,
        "Total Expenses": 52605000.0,
        "Total Operating Income As Reported": -14977000.0,
        "Diluted Average Shares": 91161616.0,
        "Basic Average Shares": 91161616.0,
        "Diluted EPS": -0.297,
        "Basic EPS": -0.297,
        "Diluted NI Availto Com Stockholders": -27075000.0,
        "Net Income Common Stockholders": -27075000.0,
        "Net Income": -27075000.0,
        "Net Income Including Noncontrolling Interests": -27075000.0,
        "Net Income Continuous Operations": -27075000.0,
        "Tax Provision": -30000.0,
        "Pretax Income": -27105000.0,
        "Other Income Expense": -12063000.0,
        "Other Non Operating Income Expenses": -87000.0,
        "Special Income Charges": -50000.0,
        "Gain On Sale Of Ppe": -50000.0,
        "Other Special Charges": NaN,
        "Write Off": NaN,
        "Impairment Of Capital Assets": NaN,
        "Restructuring And Mergern Acquisition": 0.0,
        "Earnings From Equity Interest": -112000.0,
        "Gain On Sale Of Security": -11814000.0,
        "Net Non Operating Interest Income Expense": -65000.0,
        "Interest Expense Non Operating": 65000.0,
        "Operating Income": -14977000.0,
        "Operating Expense": 24577000.0,
        "Other Operating Expenses": NaN,
        "Depreciation Amortization Depletion Income Statement": 1108000.0,
        "Depreciation And Amortization In Income Statement": 1108000.0,
        "Research And Development": 2606000.0,
        "Selling General And Administration": 20863000.0,
        "Selling And Marketing Expense": 5403000.0,
        "General And Administrative Expense": 15460000.0,
        "Other Gand A": 9727000.0,
        "Salaries And Wages": 5733000.0,
        "Gross Profit": 9600000.0,
        "Cost Of Revenue": 28028000.0,
        "Total Revenue": 37628000.0,
        "Excise Taxes": 19797000.0,
        "Operating Revenue": 57341000.0
    }
}