{
    "2023-06-30": {
        "Tax Effect Of Unusual Items": 198187.285268,
        "Tax Rate For Calcs": 0.155563,
        "Normalized EBITDA": 132469000.0,
        "Total Unusual Items": 1274000.0,
        "Total Unusual Items Excluding Goodwill": 1274000.0,
        "Net Income From Continuing Operation Net Minority Interest": 32689000.0,
        "Reconciled Depreciation": 67547000.0,
        "Reconciled Cost Of Revenue": 248855000.0,
        "EBITDA": 133743000.0,
        "EBIT": 66196000.0,
        "Net Interest Income": -27485000.0,
        "Interest Expense": 27485000.0,
        "Normalized Income": 31613187.285268,
        "Net Income From Continuing And Discontinued Operation": 32689000.0,
        "Total Expenses": 334092000.0,
        "Total Operating Income As Reported": 64022000.0,
        "Diluted Average Shares": 55914000.0,
        "Basic Average Shares": 55566000.0,
        "Diluted EPS": 0.58,
        "Basic EPS": 0.59,
        "Diluted NI Availto Com Stockholders": 32689000.0,
        "Net Income Common Stockholders": 32689000.0,
        "Net Income": 32689000.0,
        "Net Income Including Noncontrolling Interests": 32689000.0,
        "Net Income Continuous Operations": 32689000.0,
        "Tax Provision": 6022000.0,
        "Pretax Income": 38711000.0,
        "Other Income Expense": 2174000.0,
        "Other Non Operating Income Expenses": 900000.0,
        "Gain On Sale Of Security": 1274000.0,
        "Net Non Operating Interest Income Expense": -27485000.0,
        "Interest Expense Non Operating": 27485000.0,
        "Operating Income": 64022000.0,
        "Operating Expense": 85237000.0,
        "Other Taxes": 17690000.0,
        "Depreciation Amortization Depletion Income Statement": 67547000.0,
        "Depreciation And Amortization In Income Statement": 67547000.0,
        "Gross Profit": 149259000.0,
        "Cost Of Revenue": 248855000.0,
        "Total Revenue": 398114000.0,
        "Operating Revenue": 383683000.0
    },
    "2023-03-31": {
        "Tax Effect Of Unusual Items": 252837.687042,
        "Tax Rate For Calcs": 0.15675,
        "Normalized EBITDA": 221463000.0,
        "Total Unusual Items": 1613000.0,
        "Total Unusual Items Excluding Goodwill": 1613000.0,
        "Net Income From Continuing Operation Net Minority Interest": 102621000.0,
        "Reconciled Depreciation": 71264000.0,
        "Reconciled Cost Of Revenue": 792482000.0,
        "EBITDA": 223076000.0,
        "EBIT": 151812000.0,
        "Net Interest Income": -30115000.0,
        "Interest Expense": 30115000.0,
        "Normalized Income": 101260837.687042,
        "Net Income From Continuing And Discontinued Operation": 102621000.0,
        "Total Expenses": 882912000.0,
        "Total Operating Income As Reported": 149231000.0,
        "Diluted Average Shares": 55800000.0,
        "Basic Average Shares": 55538000.0,
        "Diluted EPS": 1.84,
        "Basic EPS": 1.85,
        "Diluted NI Availto Com Stockholders": 102621000.0,
        "Net Income Common Stockholders": 102621000.0,
        "Net Income": 102621000.0,
        "Net Income Including Noncontrolling Interests": 102621000.0,
        "Net Income Continuous Operations": 102621000.0,
        "Tax Provision": 19076000.0,
        "Pretax Income": 121697000.0,
        "Other Income Expense": 2581000.0,
        "Other Non Operating Income Expenses": 968000.0,
        "Gain On Sale Of Security": 1613000.0,
        "Net Non Operating Interest Income Expense": -30115000.0,
        "Interest Expense Non Operating": 30115000.0,
        "Operating Income": 149231000.0,
        "Operating Expense": 90430000.0,
        "Other Taxes": 19166000.0,
        "Depreciation Amortization Depletion Income Statement": 71264000.0,
        "Depreciation And Amortization In Income Statement": 71264000.0,
        "Gross Profit": 239661000.0,
        "Cost Of Revenue": 792482000.0,
        "Total Revenue": 1032143000.0,
        "Operating Revenue": 1016574000.0
    },
    "2022-12-31": {
        "Tax Effect Of Unusual Items": 345998.884634,
        "Tax Rate For Calcs": 0.169275,
        "Normalized EBITDA": 165752000.0,
        "Total Unusual Items": 2044000.0,
        "Total Unusual Items Excluding Goodwill": 2044000.0,
        "Net Income From Continuing Operation Net Minority Interest": 67032000.0,
        "Reconciled Depreciation": 61065000.0,
        "Reconciled Cost Of Revenue": 637452000.0,
        "EBITDA": 167796000.0,
        "EBIT": 106731000.0,
        "Net Interest Income": -26040000.0,
        "Interest Expense": 26040000.0,
        "Normalized Income": 65333998.884634,
        "Net Income From Continuing And Discontinued Operation": 67032000.0,
        "Total Expenses": 714629000.0,
        "Total Operating Income As Reported": 103579000.0,
        "Diluted Average Shares": 54504000.0,
        "Basic Average Shares": 54337000.0,
        "Diluted EPS": 1.23,
        "Basic EPS": 1.23,
        "Diluted NI Availto Com Stockholders": 67032000.0,
        "Net Income Common Stockholders": 67032000.0,
        "Net Income": 67032000.0,
        "Net Income Including Noncontrolling Interests": 67032000.0,
        "Net Income Continuous Operations": 67032000.0,
        "Tax Provision": 13659000.0,
        "Pretax Income": 80691000.0,
        "Other Income Expense": 3152000.0,
        "Other Non Operating Income Expenses": 1108000.0,
        "Gain On Sale Of Security": 2044000.0,
        "Net Non Operating Interest Income Expense": -26040000.0,
        "Interest Expense Non Operating": 26040000.0,
        "Operating Income": 103579000.0,
        "Operating Expense": 77177000.0,
        "Other Taxes": 16112000.0,
        "Depreciation Amortization Depletion Income Statement": 61065000.0,
        "Depreciation And Amortization In Income Statement": 61065000.0,
        "Gross Profit": 180756000.0,
        "Cost Of Revenue": 637452000.0,
        "Total Revenue": 818208000.0,
        "Operating Revenue": 808736000.0
    },
    "2022-09-30": {
        "Tax Effect Of Unusual Items": 0.0,
        "Tax Rate For Calcs": 0.162331,
        "Normalized EBITDA": 103079000.0,
        "Total Unusual Items": -1789000.0,
        "Total Unusual Items Excluding Goodwill": -1789000.0,
        "Net Income From Continuing Operation Net Minority Interest": 23701000.0,
        "Reconciled Depreciation": 55234000.0,
        "Reconciled Cost Of Revenue": 240029000.0,
        "EBITDA": 103079000.0,
        "EBIT": 47845000.0,
        "Net Interest Income": -19551000.0,
        "Interest Expense": 19551000.0,
        "Normalized Income": 23701000.0,
        "Net Income From Continuing And Discontinued Operation": 23701000.0,
        "Total Expenses": 312311000.0,
        "Total Operating Income As Reported": 47052000.0,
        "Diluted Average Shares": 54482000.0,
        "Basic Average Shares": 54310000.0,
        "Diluted EPS": 0.44,
        "Basic EPS": 0.44,
        "Diluted NI Availto Com Stockholders": 23701000.0,
        "Net Income Common Stockholders": 23701000.0,
        "Net Income": 23701000.0,
        "Net Income Including Noncontrolling Interests": 23701000.0,
        "Net Income Continuous Operations": 23701000.0,
        "Tax Provision": 4593000.0,
        "Pretax Income": 28294000.0,
        "Other Income Expense": 793000.0,
        "Other Non Operating Income Expenses": 793000.0,
        "Gain On Sale Of Security": -1789000.0,
        "Net Non Operating Interest Income Expense": -19551000.0,
        "Interest Expense Non Operating": 19551000.0,
        "Operating Income": 47052000.0,
        "Operating Expense": 72282000.0,
        "Other Taxes": 17048000.0,
        "Depreciation Amortization Depletion Income Statement": 55234000.0,
        "Depreciation And Amortization In Income Statement": 55234000.0,
        "Gross Profit": 119334000.0,
        "Cost Of Revenue": 240029000.0,
        "Total Revenue": 359363000.0,
        "Operating Revenue": 359363000.0
    },
    "2022-06-30": {
        "Tax Effect Of Unusual Items": 0.0,
        "Tax Rate For Calcs": 0.161789,
        "Normalized EBITDA": 109629000.0,
        "Total Unusual Items": -4619000.0,
        "Total Unusual Items Excluding Goodwill": -4619000.0,
        "Net Income From Continuing Operation Net Minority Interest": 32075000.0,
        "Reconciled Depreciation": 55043000.0,
        "Reconciled Cost Of Revenue": 298830000.0,
        "EBITDA": 109629000.0,
        "EBIT": 54586000.0,
        "Net Interest Income": -16320000.0,
        "Interest Expense": 16320000.0,
        "Normalized Income": 32075000.0,
        "Net Income From Continuing And Discontinued Operation": 32075000.0,
        "Total Expenses": 370406000.0,
        "Total Operating Income As Reported": 58569000.0,
        "Diluted Average Shares": 54335000.0,
        "Basic Average Shares": 54262000.0,
        "Diluted EPS": 0.59,
        "Basic EPS": 0.59,
        "Diluted NI Availto Com Stockholders": 32075000.0,
        "Net Income Common Stockholders": 32075000.0,
        "Net Income": 32075000.0,
        "Net Income Including Noncontrolling Interests": 32075000.0,
        "Net Income Continuous Operations": 32075000.0,
        "Tax Provision": 6191000.0,
        "Pretax Income": 38266000.0,
        "Other Income Expense": -3983000.0,
        "Other Non Operating Income Expenses": -3983000.0,
        "Gain On Sale Of Security": -4619000.0,
        "Net Non Operating Interest Income Expense": -16320000.0,
        "Interest Expense Non Operating": 16320000.0,
        "Operating Income": 58569000.0,
        "Operating Expense": 71576000.0,
        "Other Taxes": 16533000.0,
        "Depreciation Amortization Depletion Income Statement": 55043000.0,
        "Depreciation And Amortization In Income Statement": 55043000.0,
        "Gross Profit": 130145000.0,
        "Cost Of Revenue": 298830000.0,
        "Total Revenue": 428975000.0,
        "Operating Revenue": 428975000.0
    },
    "2022-03-31": {
        "Diluted EPS": 1.83,
        "Total Revenue": 971,
        "Gross Profit": 332,
        "Operating Income": 141,
        "EBIT": 198,
        "Net Income": 99
    },
    "2021-12-31": {
        "Diluted EPS": 1.12,
        "Total Revenue": 594,
        "Gross Profit": 286,
        "Operating Income": 87,
        "EBIT": 140,
        "Net Income": 61
    },
    "2021-09-30": {
        "Diluted EPS": 0.38,
        "Total Revenue": 274,
        "Gross Profit": 215,
        "Operating Income": 42,
        "EBIT": 93,
        "Net Income": 20
    },
    "2021-06-30": {
        "Diluted EPS": 0.56,
        "Total Revenue": 316,
        "Gross Profit": 222,
        "Operating Income": 51,
        "EBIT": 102,
        "Net Income": 30
    },
    "2021-03-31": {
        "Diluted EPS": 1.79,
        "Total Revenue": 625,
        "Gross Profit": 311,
        "Operating Income": 130,
        "EBIT": 183,
        "Net Income": 96
    },
    "2020-12-31": {
        "Diluted EPS": 1.09,
        "Total Revenue": 484,
        "Gross Profit": 276,
        "Operating Income": 85,
        "EBIT": 137,
        "Net Income": 58
    },
    "2020-09-30": {
        "Diluted EPS": 0.39,
        "Total Revenue": 245,
        "Gross Profit": 204,
        "Operating Income": 41,
        "EBIT": 89,
        "Net Income": 21
    },
    "2020-06-30": {
        "Diluted EPS": 0.48,
        "Total Revenue": 273,
        "Gross Profit": 211,
        "Operating Income": 45,
        "EBIT": 92,
        "Net Income": 25
    },
    "2020-03-31": {
        "Diluted EPS": 1.72,
        "Total Revenue": 528,
        "Gross Profit": 302,
        "Operating Income": 133,
        "EBIT": 181,
        "Net Income": 92
    },
    "2019-12-31": {
        "Diluted EPS": 0.96,
        "Total Revenue": 453,
        "Gross Profit": 262,
        "Operating Income": 82,
        "EBIT": 128,
        "Net Income": 51
    },
    "2019-09-30": {
        "Diluted EPS": 0.33,
        "Total Revenue": 249,
        "Gross Profit": 199,
        "Operating Income": 39,
        "EBIT": 84,
        "Net Income": 17
    },
    "2019-06-30": {
        "Diluted EPS": 0.46,
        "Total Revenue": 291,
        "Gross Profit": 208,
        "Operating Income": 47,
        "EBIT": 92,
        "Net Income": 24
    },
    "2019-03-31": {
        "Diluted EPS": 1.76,
        "Total Revenue": 661,
        "Gross Profit": 296,
        "Operating Income": 128,
        "EBIT": 171,
        "Net Income": 94
    },
    "2018-12-31": {
        "Diluted EPS": 0.83,
        "Total Revenue": 464,
        "Gross Profit": 246,
        "Operating Income": 81,
        "EBIT": 122,
        "Net Income": 45
    },
    "2018-09-30": {
        "Diluted EPS": 0.31,
        "Total Revenue": 238,
        "Gross Profit": 187,
        "Operating Income": 36,
        "EBIT": 77,
        "Net Income": 16
    },
    "2018-06-30": {
        "Diluted EPS": 0.39,
        "Total Revenue": 293,
        "Gross Profit": 198,
        "Operating Income": 41,
        "EBIT": 81,
        "Net Income": 20
    },
    "2018-03-31": {
        "Diluted EPS": 1.72,
        "Total Revenue": 638,
        "Gross Profit": 288,
        "Operating Income": 130,
        "EBIT": 169,
        "Net Income": 91
    },
    "2017-12-31": {
        "Diluted EPS": 0.89,
        "Total Revenue": 462,
        "Gross Profit": 252,
        "Operating Income": 94,
        "EBIT": 132,
        "Net Income": 47
    },
    "2017-09-30": {
        "Diluted EPS": 0.36,
        "Total Revenue": 247,
        "Gross Profit": 188,
        "Operating Income": 45,
        "EBIT": 84,
        "Net Income": 19
    },
    "2017-06-30": {
        "Diluted EPS": 0.39,
        "Total Revenue": 280,
        "Gross Profit": 197,
        "Operating Income": 48,
        "EBIT": 86,
        "Net Income": 21
    },
    "2017-03-31": {
        "Diluted EPS": 1.44,
        "Total Revenue": 550,
        "Gross Profit": 287,
        "Operating Income": 129,
        "EBIT": 166,
        "Net Income": 76
    },
    "2016-12-31": {
        "Diluted EPS": 0.81,
        "Total Revenue": 441,
        "Gross Profit": 243,
        "Operating Income": 98,
        "EBIT": 136,
        "Net Income": 42
    },
    "2016-09-30": {
        "Diluted EPS": 0.24,
        "Total Revenue": 232,
        "Gross Profit": 180,
        "Operating Income": 31,
        "EBIT": 67,
        "Net Income": 13
    },
    "2016-06-30": {
        "Diluted EPS": 0.38,
        "Total Revenue": 246,
        "Gross Profit": 189,
        "Operating Income": 44,
        "EBIT": 79,
        "Net Income": 20
    },
    "2016-03-31": {
        "Diluted EPS": 1.22,
        "Total Revenue": 508,
        "Gross Profit": 273,
        "Operating Income": 116,
        "EBIT": 151,
        "Net Income": 65
    },
    "2015-12-31": {
        "Diluted EPS": 0.74,
        "Total Revenue": 389,
        "Gross Profit": 231,
        "Operating Income": 74,
        "EBIT": 108,
        "Net Income": 39
    },
    "2015-09-30": {
        "Diluted EPS": 0.14,
        "Total Revenue": 225,
        "Gross Profit": 171,
        "Operating Income": 25,
        "EBIT": 59,
        "Net Income": 7
    },
    "2015-06-30": {
        "Diluted EPS": 0.23,
        "Total Revenue": 257,
        "Gross Profit": 177,
        "Operating Income": 31,
        "EBIT": 64,
        "Net Income": 12
    },
    "2015-03-31": {
        "Diluted EPS": 1.13,
        "Total Revenue": 677,
        "Gross Profit": 263,
        "Operating Income": 109,
        "EBIT": 141,
        "Net Income": 60
    },
    "2014-12-31": {
        "Diluted EPS": 0.67,
        "Total Revenue": 514,
        "Gross Profit": 224,
        "Operating Income": 70,
        "EBIT": 102,
        "Net Income": 37
    },
    "2014-09-30": {
        "Diluted EPS": 0.09,
        "Total Revenue": 242,
        "Gross Profit": 166,
        "Operating Income": 19,
        "EBIT": 50,
        "Net Income": 5
    },
    "2014-06-30": {
        "Diluted EPS": 0.18,
        "Total Revenue": 297,
        "Gross Profit": 176,
        "Operating Income": 27,
        "EBIT": 58,
        "Net Income": 9
    },
    "2014-03-31": {
        "Diluted EPS": 1.13,
        "Total Revenue": 766,
        "Gross Profit": 260,
        "Operating Income": 109,
        "EBIT": 141,
        "Net Income": 59
    },
    "2013-12-31": {
        "Diluted EPS": 0.58,
        "Total Revenue": 523,
        "Gross Profit": 123,
        "Operating Income": 65,
        "EBIT": 110,
        "Net Income": 30
    },
    "2013-09-30": {
        "Diluted EPS": 0.01,
        "Total Revenue": 220,
        "Gross Profit": 159,
        "Operating Income": 14,
        "EBIT": 47,
        "Net Income": 0
    },
    "2013-06-30": {
        "Diluted EPS": 0.29,
        "Total Revenue": 312,
        "Gross Profit": 178,
        "Operating Income": 39,
        "EBIT": 72,
        "Net Income": 15
    },
    "2013-03-31": {
        "Diluted EPS": 1.02,
        "Total Revenue": 636,
        "Gross Profit": 252,
        "Operating Income": 102,
        "EBIT": 137,
        "Net Income": 53
    },
    "2012-12-31": {
        "Diluted EPS": 0.0,
        "Total Revenue": NaN,
        "Gross Profit": NaN,
        "Operating Income": NaN,
        "EBIT": NaN,
        "Net Income": NaN
    },
    "2011-12-31": {
        "Diluted EPS": 0.0,
        "Total Revenue": NaN,
        "Gross Profit": NaN,
        "Operating Income": NaN,
        "EBIT": NaN,
        "Net Income": NaN
    },
    "2010-12-31": {
        "Diluted EPS": 0.0,
        "Total Revenue": NaN,
        "Gross Profit": NaN,
        "Operating Income": NaN,
        "EBIT": NaN,
        "Net Income": NaN
    },
    "2023-09-30": {
        "Tax Effect Of Unusual Items": -179200.054613,
        "Tax Rate For Calcs": 0.140219,
        "Normalized EBITDA": 126971000.0,
        "Total Unusual Items": -1278000.0,
        "Total Unusual Items Excluding Goodwill": -1278000.0,
        "Net Income From Continuing Operation Net Minority Interest": 25189000.0,
        "Reconciled Depreciation": 68435000.0,
        "Reconciled Cost Of Revenue": 192533000.0,
        "EBITDA": 125693000.0,
        "EBIT": 57258000.0,
        "Net Interest Income": -27961000.0,
        "Interest Expense": 27961000.0,
        "Normalized Income": 26287799.945387,
        "Net Income From Continuing And Discontinued Operation": 25189000.0,
        "Total Expenses": 278613000.0,
        "Total Operating Income As Reported": 57203000.0,
        "Diluted Average Shares": 55975000.0,
        "Basic Average Shares": 55624000.0,
        "Diluted EPS": 0.45,
        "Basic EPS": 0.45,
        "Diluted NI Availto Com Stockholders": 25189000.0,
        "Net Income Common Stockholders": 25189000.0,
        "Net Income": 25189000.0,
        "Net Income Including Noncontrolling Interests": 25189000.0,
        "Net Income Continuous Operations": 25189000.0,
        "Tax Provision": 4108000.0,
        "Pretax Income": 29297000.0,
        "Other Income Expense": 55000.0,
        "Other Non Operating Income Expenses": 1333000.0,
        "Gain On Sale Of Security": -1278000.0,
        "Net Non Operating Interest Income Expense": -27961000.0,
        "Interest Expense Non Operating": 27961000.0,
        "Operating Income": 57203000.0,
        "Operating Expense": 86080000.0,
        "Other Taxes": 17645000.0,
        "Depreciation Amortization Depletion Income Statement": 68435000.0,
        "Depreciation And Amortization In Income Statement": 68435000.0,
        "Gross Profit": 143283000.0,
        "Cost Of Revenue": 192533000.0,
        "Total Revenue": 335816000.0,
        "Operating Revenue": 331734000.0
    },
    "2023-12-31": {
        "Tax Effect Of Unusual Items": NaN,
        "Tax Rate For Calcs": NaN,
        "Normalized EBITDA": NaN,
        "Total Unusual Items": NaN,
        "Total Unusual Items Excluding Goodwill": NaN,
        "Net Income From Continuing Operation Net Minority Interest": NaN,
        "Reconciled Depreciation": NaN,
        "Reconciled Cost Of Revenue": NaN,
        "EBITDA": NaN,
        "EBIT": NaN,
        "Net Interest Income": NaN,
        "Interest Expense": NaN,
        "Normalized Income": NaN,
        "Net Income From Continuing And Discontinued Operation": NaN,
        "Total Expenses": NaN,
        "Total Operating Income As Reported": NaN,
        "Diluted Average Shares": 55752000.0,
        "Basic Average Shares": 55670000.0,
        "Diluted EPS": 1.27,
        "Basic EPS": 1.27,
        "Diluted NI Availto Com Stockholders": NaN,
        "Net Income Common Stockholders": NaN,
        "Net Income": NaN,
        "Net Income Including Noncontrolling Interests": NaN,
        "Net Income Continuous Operations": NaN,
        "Tax Provision": NaN,
        "Pretax Income": NaN,
        "Other Income Expense": NaN,
        "Other Non Operating Income Expenses": NaN,
        "Gain On Sale Of Security": NaN,
        "Net Non Operating Interest Income Expense": NaN,
        "Interest Expense Non Operating": NaN,
        "Operating Income": NaN,
        "Operating Expense": NaN,
        "Other Taxes": NaN,
        "Depreciation Amortization Depletion Income Statement": NaN,
        "Depreciation And Amortization In Income Statement": NaN,
        "Gross Profit": NaN,
        "Cost Of Revenue": NaN,
        "Total Revenue": NaN,
        "Operating Revenue": NaN
    }
}