{
    "2023-06-30": {
        "Tax Effect Of Unusual Items": 0.0,
        "Tax Rate For Calcs": 0.21,
        "Normalized EBITDA": 74032000.0,
        "Net Income From Continuing Operation Net Minority Interest": 19002000.0,
        "Reconciled Depreciation": 26046000.0,
        "Reconciled Cost Of Revenue": 496830000.0,
        "EBITDA": 74032000.0,
        "EBIT": 47986000.0,
        "Net Interest Income": -5363000.0,
        "Interest Expense": 9517000.0,
        "Interest Income": 4154000.0,
        "Normalized Income": 19002000.0,
        "Net Income From Continuing And Discontinued Operation": 19002000.0,
        "Total Expenses": 548711000.0,
        "Total Operating Income As Reported": 49199000.0,
        "Diluted NI Availto Com Stockholders": 19002000.0,
        "Net Income Common Stockholders": 19002000.0,
        "Net Income": 19002000.0,
        "Net Income Including Noncontrolling Interests": 19002000.0,
        "Net Income Continuous Operations": 19002000.0,
        "Tax Provision": 19467000.0,
        "Pretax Income": 38469000.0,
        "Other Income Expense": -5367000.0,
        "Other Non Operating Income Expenses": -5846000.0,
        "Earnings From Equity Interest": 479000.0,
        "Net Non Operating Interest Income Expense": -5363000.0,
        "Interest Expense Non Operating": 9517000.0,
        "Interest Income Non Operating": 4154000.0,
        "Operating Income": 49199000.0,
        "Operating Expense": 51881000.0,
        "Selling General And Administration": 51881000.0,
        "Gross Profit": 101080000.0,
        "Cost Of Revenue": 496830000.0,
        "Total Revenue": 597910000.0,
        "Operating Revenue": 597910000.0
    },
    "2023-03-31": {
        "Tax Effect Of Unusual Items": 0.0,
        "Tax Rate For Calcs": 0.21,
        "Normalized EBITDA": 59754000.0,
        "Net Income From Continuing Operation Net Minority Interest": 4060000.0,
        "Reconciled Depreciation": 27821000.0,
        "Reconciled Cost Of Revenue": 459422000.0,
        "EBITDA": 59754000.0,
        "EBIT": 31933000.0,
        "Net Interest Income": -4817000.0,
        "Interest Expense": 9283000.0,
        "Interest Income": 4466000.0,
        "Normalized Income": 4060000.0,
        "Net Income From Continuing And Discontinued Operation": 4060000.0,
        "Total Expenses": 510237000.0,
        "Total Operating Income As Reported": 26750000.0,
        "Diluted NI Availto Com Stockholders": 4060000.0,
        "Net Income Common Stockholders": 4060000.0,
        "Net Income": 4060000.0,
        "Net Income Including Noncontrolling Interests": 4060000.0,
        "Net Income Continuous Operations": 4060000.0,
        "Tax Provision": 18590000.0,
        "Pretax Income": 22650000.0,
        "Other Income Expense": 717000.0,
        "Other Non Operating Income Expenses": 78000.0,
        "Earnings From Equity Interest": 639000.0,
        "Net Non Operating Interest Income Expense": -4817000.0,
        "Interest Expense Non Operating": 9283000.0,
        "Interest Income Non Operating": 4466000.0,
        "Operating Income": 26750000.0,
        "Operating Expense": 50815000.0,
        "Selling General And Administration": 50815000.0,
        "Gross Profit": 77565000.0,
        "Cost Of Revenue": 459422000.0,
        "Total Revenue": 536987000.0,
        "Operating Revenue": 536987000.0
    },
    "2022-12-31": {
        "Tax Effect Of Unusual Items": 0.0,
        "Tax Rate For Calcs": 0.341233,
        "Normalized EBITDA": 72550000.0,
        "Net Income From Continuing Operation Net Minority Interest": 23128000.0,
        "Reconciled Depreciation": 27841000.0,
        "Reconciled Cost Of Revenue": 446121000.0,
        "EBITDA": 72550000.0,
        "EBIT": 44709000.0,
        "Net Interest Income": -6852000.0,
        "Interest Expense": 9601000.0,
        "Interest Income": 2749000.0,
        "Normalized Income": 23128000.0,
        "Net Income From Continuing And Discontinued Operation": 23128000.0,
        "Total Expenses": 494046000.0,
        "Total Operating Income As Reported": 42177000.0,
        "Diluted NI Availto Com Stockholders": 23128000.0,
        "Net Income Common Stockholders": 23128000.0,
        "Net Income": 23128000.0,
        "Net Income Including Noncontrolling Interests": 23128000.0,
        "Net Income Continuous Operations": 23128000.0,
        "Tax Provision": 11980000.0,
        "Pretax Income": 35108000.0,
        "Other Income Expense": -217000.0,
        "Other Non Operating Income Expenses": -816000.0,
        "Earnings From Equity Interest": 599000.0,
        "Net Non Operating Interest Income Expense": -6852000.0,
        "Interest Expense Non Operating": 9601000.0,
        "Interest Income Non Operating": 2749000.0,
        "Operating Income": 42177000.0,
        "Operating Expense": 47925000.0,
        "Selling General And Administration": 47925000.0,
        "Gross Profit": 90102000.0,
        "Cost Of Revenue": 446121000.0,
        "Total Revenue": 536223000.0,
        "Operating Revenue": 536223000.0
    },
    "2022-09-30": {
        "Tax Effect Of Unusual Items": 0.0,
        "Tax Rate For Calcs": 0.21,
        "Normalized EBITDA": 47545000.0,
        "Net Income From Continuing Operation Net Minority Interest": 18303000.0,
        "Reconciled Depreciation": 30249000.0,
        "Reconciled Cost Of Revenue": 463917000.0,
        "EBITDA": 47545000.0,
        "EBIT": 47545000.0,
        "Net Interest Income": -8156000.0,
        "Interest Expense": 9552000.0,
        "Interest Income": 1396000.0,
        "Normalized Income": 18303000.0,
        "Net Income From Continuing And Discontinued Operation": 18303000.0,
        "Total Expenses": 512796000.0,
        "Total Operating Income As Reported": 46875000.0,
        "Diluted Average Shares": 101310000.0,
        "Basic Average Shares": 100259525.0,
        "Diluted EPS": 0.18,
        "Basic EPS": 0.182556,
        "Diluted NI Availto Com Stockholders": 18303000.0,
        "Net Income Common Stockholders": 18303000.0,
        "Net Income": 18303000.0,
        "Net Income Including Noncontrolling Interests": 18303000.0,
        "Net Income Continuous Operations": 18303000.0,
        "Tax Provision": 19690000.0,
        "Pretax Income": 37993000.0,
        "Other Income Expense": -726000.0,
        "Other Non Operating Income Expenses": -1222000.0,
        "Earnings From Equity Interest": 496000.0,
        "Net Non Operating Interest Income Expense": -8156000.0,
        "Interest Expense Non Operating": 9552000.0,
        "Interest Income Non Operating": 1396000.0,
        "Operating Income": 46875000.0,
        "Operating Expense": 48879000.0,
        "Selling General And Administration": 48879000.0,
        "Gross Profit": 95754000.0,
        "Cost Of Revenue": 463917000.0,
        "Total Revenue": 559671000.0,
        "Operating Revenue": 559671000.0
    },
    "2022-06-30": {
        "Tax Effect Of Unusual Items": 0.0,
        "Tax Rate For Calcs": 0.4,
        "Normalized EBITDA": 24518000.0,
        "Net Income From Continuing Operation Net Minority Interest": 3720000.0,
        "Reconciled Depreciation": 30860000.0,
        "Reconciled Cost Of Revenue": 447990000.0,
        "EBITDA": 24518000.0,
        "EBIT": 24518000.0,
        "Net Interest Income": -8852000.0,
        "Interest Expense": 9619000.0,
        "Interest Income": 767000.0,
        "Normalized Income": 3720000.0,
        "Net Income From Continuing And Discontinued Operation": 3720000.0,
        "Total Expenses": 501181000.0,
        "Total Operating Income As Reported": 22850000.0,
        "Diluted Average Shares": 101430000.0,
        "Basic Average Shares": 100256037.0,
        "Diluted EPS": 0.037105,
        "Basic EPS": 0.037105,
        "Diluted NI Availto Com Stockholders": 3720000.0,
        "Net Income Common Stockholders": 3720000.0,
        "Net Income": 3720000.0,
        "Net Income Including Noncontrolling Interests": 3720000.0,
        "Net Income Continuous Operations": 3720000.0,
        "Tax Provision": 11179000.0,
        "Pretax Income": 14899000.0,
        "Other Income Expense": 901000.0,
        "Other Non Operating Income Expenses": 583000.0,
        "Earnings From Equity Interest": 318000.0,
        "Net Non Operating Interest Income Expense": -8852000.0,
        "Interest Expense Non Operating": 9619000.0,
        "Interest Income Non Operating": 767000.0,
        "Operating Income": 22850000.0,
        "Operating Expense": 53191000.0,
        "Selling General And Administration": 53191000.0,
        "Gross Profit": 76041000.0,
        "Cost Of Revenue": 447990000.0,
        "Total Revenue": 524031000.0,
        "Operating Revenue": 524031000.0
    },
    "2022-03-31": {
        "Diluted EPS": -0.19,
        "Total Revenue": 446,
        "Gross Profit": 45,
        "Operating Income": -1,
        "EBIT": 31,
        "Net Income": -19
    },
    "2021-12-31": {
        "Diluted EPS": -0.39,
        "Total Revenue": 467,
        "Gross Profit": 79,
        "Operating Income": -13,
        "EBIT": 21,
        "Net Income": -39
    },
    "2021-09-30": {
        "Diluted EPS": -0.07,
        "Total Revenue": 467,
        "Gross Profit": 60,
        "Operating Income": 16,
        "EBIT": 50,
        "Net Income": -7
    },
    "2021-06-30": {
        "Diluted EPS": 0.06,
        "Total Revenue": 498,
        "Gross Profit": 68,
        "Operating Income": 23,
        "EBIT": 58,
        "Net Income": 6
    },
    "2021-03-31": {
        "Diluted EPS": -0.09,
        "Total Revenue": 438,
        "Gross Profit": 57,
        "Operating Income": 14,
        "EBIT": 50,
        "Net Income": -9
    },
    "2020-12-31": {
        "Diluted EPS": -0.25,
        "Total Revenue": 424,
        "Gross Profit": 45,
        "Operating Income": 0,
        "EBIT": 47,
        "Net Income": -25
    },
    "2020-09-30": {
        "Diluted EPS": -0.8,
        "Total Revenue": 440,
        "Gross Profit": 30,
        "Operating Income": -61,
        "EBIT": 27,
        "Net Income": -79
    },
    "2020-06-30": {
        "Diluted EPS": -0.25,
        "Total Revenue": 427,
        "Gross Profit": 43,
        "Operating Income": -5,
        "EBIT": 34,
        "Net Income": -25
    },
    "2020-03-31": {
        "Diluted EPS": -3.71,
        "Total Revenue": 537,
        "Gross Profit": 47,
        "Operating Income": -381,
        "EBIT": -25,
        "Net Income": -368
    },
    "2019-12-31": {
        "Diluted EPS": -2.65,
        "Total Revenue": 561,
        "Gross Profit": -20,
        "Operating Income": -254,
        "EBIT": -144,
        "Net Income": -263
    },
    "2019-09-30": {
        "Diluted EPS": -0.26,
        "Total Revenue": 498,
        "Gross Profit": 49,
        "Operating Income": -5,
        "EBIT": 45,
        "Net Income": -26
    },
    "2019-06-30": {
        "Diluted EPS": -0.36,
        "Total Revenue": 496,
        "Gross Profit": 42,
        "Operating Income": -10,
        "EBIT": 41,
        "Net Income": -35
    },
    "2019-03-31": {
        "Diluted EPS": -0.25,
        "Total Revenue": 494,
        "Gross Profit": 28,
        "Operating Income": -22,
        "EBIT": 31,
        "Net Income": -25
    },
    "2018-12-31": {
        "Diluted EPS": -0.65,
        "Total Revenue": 495,
        "Gross Profit": 33,
        "Operating Income": -97,
        "EBIT": 32,
        "Net Income": -64
    },
    "2018-09-30": {
        "Diluted EPS": -0.67,
        "Total Revenue": 519,
        "Gross Profit": 48,
        "Operating Income": -2,
        "EBIT": 49,
        "Net Income": -66
    },
    "2018-06-30": {
        "Diluted EPS": -0.34,
        "Total Revenue": 479,
        "Gross Profit": 30,
        "Operating Income": -20,
        "EBIT": 40,
        "Net Income": -33
    },
    "2018-03-31": {
        "Diluted EPS": -0.5,
        "Total Revenue": 416,
        "Gross Profit": 19,
        "Operating Income": -27,
        "EBIT": 27,
        "Net Income": -49
    },
    "2017-12-31": {
        "Diluted EPS": 1.76,
        "Total Revenue": 484,
        "Gross Profit": 41,
        "Operating Income": -9,
        "EBIT": 44,
        "Net Income": 174
    },
    "2017-09-30": {
        "Diluted EPS": -0.02,
        "Total Revenue": 476,
        "Gross Profit": 55,
        "Operating Income": 11,
        "EBIT": 64,
        "Net Income": -2
    },
    "2017-06-30": {
        "Diluted EPS": 0.02,
        "Total Revenue": 515,
        "Gross Profit": 54,
        "Operating Income": 9,
        "EBIT": 63,
        "Net Income": 2
    },
    "2017-03-31": {
        "Diluted EPS": -0.08,
        "Total Revenue": 446,
        "Gross Profit": 45,
        "Operating Income": 0,
        "EBIT": 54,
        "Net Income": -8
    },
    "2016-12-31": {
        "Diluted EPS": -0.12,
        "Total Revenue": 488,
        "Gross Profit": 51,
        "Operating Income": -4,
        "EBIT": 52,
        "Net Income": -11
    },
    "2016-09-30": {
        "Diluted EPS": -0.12,
        "Total Revenue": 549,
        "Gross Profit": 35,
        "Operating Income": -12,
        "EBIT": 62,
        "Net Income": -12
    },
    "2016-06-30": {
        "Diluted EPS": 0.23,
        "Total Revenue": 626,
        "Gross Profit": 95,
        "Operating Income": 38,
        "EBIT": 98,
        "Net Income": 22
    },
    "2016-03-31": {
        "Diluted EPS": 0.26,
        "Total Revenue": 608,
        "Gross Profit": 97,
        "Operating Income": 48,
        "EBIT": 108,
        "Net Income": 25
    },
    "2015-12-31": {
        "Diluted EPS": 0.28,
        "Total Revenue": 722,
        "Gross Profit": 106,
        "Operating Income": 46,
        "EBIT": 103,
        "Net Income": 28
    },
    "2015-09-30": {
        "Diluted EPS": 0.7,
        "Total Revenue": 744,
        "Gross Profit": 168,
        "Operating Income": 113,
        "EBIT": 175,
        "Net Income": 69
    },
    "2015-06-30": {
        "Diluted EPS": 0.66,
        "Total Revenue": 810,
        "Gross Profit": 168,
        "Operating Income": 108,
        "EBIT": 171,
        "Net Income": 65
    },
    "2015-03-31": {
        "Diluted EPS": 0.7,
        "Total Revenue": 787,
        "Gross Profit": 163,
        "Operating Income": 107,
        "EBIT": 165,
        "Net Income": 69
    },
    "2014-12-31": {
        "Diluted EPS": 0.98,
        "Total Revenue": 919,
        "Gross Profit": 210,
        "Operating Income": 152,
        "EBIT": 213,
        "Net Income": 102
    },
    "2014-09-30": {
        "Diluted EPS": 1.16,
        "Total Revenue": 973,
        "Gross Profit": 242,
        "Operating Income": 182,
        "EBIT": 242,
        "Net Income": 124
    },
    "2014-06-30": {
        "Diluted EPS": 1.02,
        "Total Revenue": 927,
        "Gross Profit": 218,
        "Operating Income": 161,
        "EBIT": 217,
        "Net Income": 110
    },
    "2014-03-31": {
        "Diluted EPS": 0.84,
        "Total Revenue": 840,
        "Gross Profit": 189,
        "Operating Income": 133,
        "EBIT": 186,
        "Net Income": 91
    },
    "2013-12-31": {
        "Diluted EPS": 0.86,
        "Total Revenue": 895,
        "Gross Profit": 198,
        "Operating Income": 137,
        "EBIT": 188,
        "Net Income": 93
    },
    "2013-09-30": {
        "Diluted EPS": 0.96,
        "Total Revenue": 853,
        "Gross Profit": 205,
        "Operating Income": 154,
        "EBIT": 205,
        "Net Income": 104
    },
    "2013-06-30": {
        "Diluted EPS": 0.91,
        "Total Revenue": 820,
        "Gross Profit": 202,
        "Operating Income": 146,
        "EBIT": 197,
        "Net Income": 99
    },
    "2013-03-31": {
        "Diluted EPS": 0.69,
        "Total Revenue": 719,
        "Gross Profit": 160,
        "Operating Income": 108,
        "EBIT": 158,
        "Net Income": 75
    },
    "2012-12-31": {
        "Diluted EPS": 0.74,
        "Total Revenue": 781,
        "Gross Profit": 173,
        "Operating Income": 119,
        "EBIT": 168,
        "Net Income": 81
    },
    "2012-09-30": {
        "Diluted EPS": 0.78,
        "Total Revenue": 734,
        "Gross Profit": 171,
        "Operating Income": 124,
        "EBIT": 169,
        "Net Income": 84
    },
    "2012-06-30": {
        "Diluted EPS": 0.67,
        "Total Revenue": 673,
        "Gross Profit": 161,
        "Operating Income": 110,
        "EBIT": 152,
        "Net Income": 73
    },
    "2012-03-31": {
        "Diluted EPS": 0.47,
        "Total Revenue": 595,
        "Gross Profit": 123,
        "Operating Income": 76,
        "EBIT": 117,
        "Net Income": 51
    },
    "2011-12-31": {
        "Diluted EPS": 0.53,
        "Total Revenue": 574,
        "Gross Profit": 131,
        "Operating Income": 82,
        "EBIT": 121,
        "Net Income": 58
    },
    "2011-09-30": {
        "Diluted EPS": 0.72,
        "Total Revenue": 602,
        "Gross Profit": 153,
        "Operating Income": 110,
        "EBIT": 149,
        "Net Income": 79
    },
    "2011-06-30": {
        "Diluted EPS": 0.52,
        "Total Revenue": 546,
        "Gross Profit": 126,
        "Operating Income": 82,
        "EBIT": 119,
        "Net Income": 57
    },
    "2011-03-31": {
        "Diluted EPS": 0.39,
        "Total Revenue": 470,
        "Gross Profit": 99,
        "Operating Income": 61,
        "EBIT": 97,
        "Net Income": 42
    },
    "2010-12-31": {
        "Diluted EPS": 0.44,
        "Total Revenue": 501,
        "Gross Profit": 117,
        "Operating Income": 74,
        "EBIT": 113,
        "Net Income": 48
    },
    "2010-09-30": {
        "Diluted EPS": 0.54,
        "Total Revenue": 516,
        "Gross Profit": 126,
        "Operating Income": 88,
        "EBIT": 129,
        "Net Income": 59
    },
    "2010-06-30": {
        "Diluted EPS": 0.49,
        "Total Revenue": 464,
        "Gross Profit": 124,
        "Operating Income": 85,
        "EBIT": 119,
        "Net Income": 54
    },
    "2010-03-31": {
        "Diluted EPS": 0.36,
        "Total Revenue": 435,
        "Gross Profit": 100,
        "Operating Income": 62,
        "EBIT": 101,
        "Net Income": 39
    },
    "2009-12-31": {
        "Diluted EPS": 0.42,
        "Total Revenue": 452,
        "Gross Profit": 108,
        "Operating Income": 72,
        "EBIT": 106,
        "Net Income": 46
    },
    "2009-09-30": {
        "Diluted EPS": 0.45,
        "Total Revenue": 484,
        "Gross Profit": 114,
        "Operating Income": 76,
        "EBIT": 108,
        "Net Income": 49
    },
    "2009-06-30": {
        "Diluted EPS": 0.44,
        "Total Revenue": 451,
        "Gross Profit": 110,
        "Operating Income": 74,
        "EBIT": 104,
        "Net Income": 48
    },
    "2009-03-31": {
        "Diluted EPS": 0.4,
        "Total Revenue": 435,
        "Gross Profit": 106,
        "Operating Income": 69,
        "EBIT": 97,
        "Net Income": 44
    },
    "2023-09-30": {
        "Tax Effect Of Unusual Items": 0.0,
        "Tax Rate For Calcs": 0.21,
        "Normalized EBITDA": 88715000.0,
        "Net Income From Continuing Operation Net Minority Interest": 29812000.0,
        "Reconciled Depreciation": 25596000.0,
        "Reconciled Cost Of Revenue": 520483000.0,
        "EBITDA": 88715000.0,
        "EBIT": 63119000.0,
        "Net Interest Income": -6078000.0,
        "Interest Expense": 9802000.0,
        "Interest Income": 3724000.0,
        "Normalized Income": 29812000.0,
        "Net Income From Continuing And Discontinued Operation": 29812000.0,
        "Total Expenses": 577251000.0,
        "Total Operating Income As Reported": 57929000.0,
        "Diluted NI Availto Com Stockholders": 29812000.0,
        "Net Income Common Stockholders": 29812000.0,
        "Net Income": 29812000.0,
        "Net Income Including Noncontrolling Interests": 29812000.0,
        "Net Income Continuous Operations": 29812000.0,
        "Tax Provision": 23505000.0,
        "Pretax Income": 53317000.0,
        "Other Income Expense": 1466000.0,
        "Other Non Operating Income Expenses": 968000.0,
        "Earnings From Equity Interest": 498000.0,
        "Net Non Operating Interest Income Expense": -6078000.0,
        "Interest Expense Non Operating": 9802000.0,
        "Interest Income Non Operating": 3724000.0,
        "Operating Income": 57929000.0,
        "Operating Expense": 56768000.0,
        "Selling General And Administration": 56768000.0,
        "Gross Profit": 114697000.0,
        "Cost Of Revenue": 520483000.0,
        "Total Revenue": 635180000.0,
        "Operating Revenue": 635180000.0
    }
}