{
    "2023-03-31": {
        "Tax Effect Of Unusual Items": NaN,
        "Tax Rate For Calcs": NaN,
        "Normalized EBITDA": NaN,
        "Net Income From Continuing Operation Net Minority Interest": NaN,
        "Reconciled Depreciation": NaN,
        "Reconciled Cost Of Revenue": NaN,
        "EBITDA": NaN,
        "EBIT": NaN,
        "Net Interest Income": NaN,
        "Interest Income": NaN,
        "Normalized Income": NaN,
        "Net Income From Continuing And Discontinued Operation": NaN,
        "Total Expenses": NaN,
        "Total Operating Income As Reported": NaN,
        "Diluted Average Shares": 47567007.0,
        "Basic Average Shares": 47523593.0,
        "Diluted EPS": 0.83,
        "Basic EPS": 0.83,
        "Diluted NI Availto Com Stockholders": NaN,
        "Net Income Common Stockholders": NaN,
        "Otherunder Preferred Stock Dividend": NaN,
        "Net Income": NaN,
        "Net Income Including Noncontrolling Interests": NaN,
        "Net Income Continuous Operations": NaN,
        "Tax Provision": NaN,
        "Pretax Income": NaN,
        "Other Income Expense": NaN,
        "Other Non Operating Income Expenses": NaN,
        "Net Non Operating Interest Income Expense": NaN,
        "Interest Income Non Operating": NaN,
        "Operating Income": NaN,
        "Operating Expense": NaN,
        "Other Operating Expenses": NaN,
        "Depreciation Amortization Depletion Income Statement": NaN,
        "Depreciation And Amortization In Income Statement": NaN,
        "Amortization": NaN,
        "Amortization Of Intangibles Income Statement": NaN,
        "Research And Development": NaN,
        "Selling General And Administration": NaN,
        "Gross Profit": NaN,
        "Cost Of Revenue": NaN,
        "Total Revenue": NaN,
        "Operating Revenue": NaN
    },
    "2022-12-31": {
        "Tax Effect Of Unusual Items": NaN,
        "Tax Rate For Calcs": NaN,
        "Normalized EBITDA": NaN,
        "Net Income From Continuing Operation Net Minority Interest": NaN,
        "Reconciled Depreciation": NaN,
        "Reconciled Cost Of Revenue": NaN,
        "EBITDA": NaN,
        "EBIT": NaN,
        "Net Interest Income": NaN,
        "Interest Income": NaN,
        "Normalized Income": NaN,
        "Net Income From Continuing And Discontinued Operation": NaN,
        "Total Expenses": NaN,
        "Total Operating Income As Reported": NaN,
        "Diluted Average Shares": 47492560.0,
        "Basic Average Shares": 47402007.0,
        "Diluted EPS": 1.36,
        "Basic EPS": 1.37,
        "Diluted NI Availto Com Stockholders": NaN,
        "Net Income Common Stockholders": NaN,
        "Otherunder Preferred Stock Dividend": NaN,
        "Net Income": NaN,
        "Net Income Including Noncontrolling Interests": NaN,
        "Net Income Continuous Operations": NaN,
        "Tax Provision": NaN,
        "Pretax Income": NaN,
        "Other Income Expense": NaN,
        "Other Non Operating Income Expenses": NaN,
        "Net Non Operating Interest Income Expense": NaN,
        "Interest Income Non Operating": NaN,
        "Operating Income": NaN,
        "Operating Expense": NaN,
        "Other Operating Expenses": NaN,
        "Depreciation Amortization Depletion Income Statement": NaN,
        "Depreciation And Amortization In Income Statement": NaN,
        "Amortization": NaN,
        "Amortization Of Intangibles Income Statement": NaN,
        "Research And Development": NaN,
        "Selling General And Administration": NaN,
        "Gross Profit": NaN,
        "Cost Of Revenue": NaN,
        "Total Revenue": NaN,
        "Operating Revenue": NaN
    },
    "2022-09-30": {
        "Tax Effect Of Unusual Items": 0.0,
        "Tax Rate For Calcs": 0.237,
        "Normalized EBITDA": 78478000.0,
        "Net Income From Continuing Operation Net Minority Interest": 53455000.0,
        "Reconciled Depreciation": 10015000.0,
        "Reconciled Cost Of Revenue": 30943000.0,
        "EBITDA": 78478000.0,
        "EBIT": 68463000.0,
        "Net Interest Income": 2432000.0,
        "Interest Income": 2432000.0,
        "Normalized Income": 53455000.0,
        "Net Income From Continuing And Discontinued Operation": 53455000.0,
        "Total Expenses": 92093000.0,
        "Total Operating Income As Reported": 68463000.0,
        "Diluted Average Shares": 47466934.0,
        "Basic Average Shares": 47396495.0,
        "Diluted EPS": 1.12,
        "Basic EPS": 1.12,
        "Diluted NI Availto Com Stockholders": 53166000.0,
        "Net Income Common Stockholders": 53166000.0,
        "Otherunder Preferred Stock Dividend": 289000.0,
        "Net Income": 53455000.0,
        "Net Income Including Noncontrolling Interests": 53455000.0,
        "Net Income Continuous Operations": 53455000.0,
        "Tax Provision": 16636000.0,
        "Pretax Income": 70091000.0,
        "Other Income Expense": -804000.0,
        "Other Non Operating Income Expenses": -804000.0,
        "Net Non Operating Interest Income Expense": 2432000.0,
        "Interest Income Non Operating": 2432000.0,
        "Operating Income": 68463000.0,
        "Operating Expense": 54697000.0,
        "Other Operating Expenses": 2279000.0,
        "Depreciation Amortization Depletion Income Statement": 3562000.0,
        "Depreciation And Amortization In Income Statement": 3562000.0,
        "Amortization": 3562000.0,
        "Amortization Of Intangibles Income Statement": 3562000.0,
        "Research And Development": 30414000.0,
        "Selling General And Administration": 18442000.0,
        "Gross Profit": 123160000.0,
        "Cost Of Revenue": 37396000.0,
        "Total Revenue": 160556000.0,
        "Operating Revenue": 160556000.0
    },
    "2022-06-30": {
        "Tax Effect Of Unusual Items": 0.0,
        "Tax Rate For Calcs": 0.245,
        "Normalized EBITDA": 64718000.0,
        "Net Income From Continuing Operation Net Minority Interest": 41502000.0,
        "Reconciled Depreciation": 11404000.0,
        "Reconciled Cost Of Revenue": 21337000.0,
        "EBITDA": 64718000.0,
        "EBIT": 53314000.0,
        "Net Interest Income": 1583000.0,
        "Interest Income": 1583000.0,
        "Normalized Income": 41502000.0,
        "Net Income From Continuing And Discontinued Operation": 41502000.0,
        "Total Expenses": 83247000.0,
        "Total Operating Income As Reported": 53314000.0,
        "Diluted Average Shares": 47457892.0,
        "Basic Average Shares": 47393830.0,
        "Diluted EPS": 0.87,
        "Basic EPS": 0.87,
        "Diluted NI Availto Com Stockholders": 41267000.0,
        "Net Income Common Stockholders": 41267000.0,
        "Otherunder Preferred Stock Dividend": 235000.0,
        "Net Income": 41502000.0,
        "Net Income Including Noncontrolling Interests": 41502000.0,
        "Net Income Continuous Operations": 41502000.0,
        "Tax Provision": 13484000.0,
        "Pretax Income": 54986000.0,
        "Other Income Expense": 89000.0,
        "Other Non Operating Income Expenses": 89000.0,
        "Net Non Operating Interest Income Expense": 1583000.0,
        "Interest Income Non Operating": 1583000.0,
        "Operating Income": 53314000.0,
        "Operating Expense": 56008000.0,
        "Other Operating Expenses": 2440000.0,
        "Depreciation Amortization Depletion Income Statement": 5502000.0,
        "Depreciation And Amortization In Income Statement": 5502000.0,
        "Amortization": 5502000.0,
        "Amortization Of Intangibles Income Statement": 5502000.0,
        "Research And Development": 28197000.0,
        "Selling General And Administration": 19869000.0,
        "Gross Profit": 109322000.0,
        "Cost Of Revenue": 27239000.0,
        "Total Revenue": 136561000.0,
        "Operating Revenue": 136561000.0
    },
    "2023-06-30": {
        "Tax Effect Of Unusual Items": NaN,
        "Tax Rate For Calcs": NaN,
        "Normalized EBITDA": NaN,
        "Net Income From Continuing Operation Net Minority Interest": NaN,
        "Reconciled Depreciation": NaN,
        "Reconciled Cost Of Revenue": NaN,
        "EBITDA": NaN,
        "EBIT": NaN,
        "Net Interest Income": NaN,
        "Interest Income": NaN,
        "Normalized Income": NaN,
        "Net Income From Continuing And Discontinued Operation": NaN,
        "Total Expenses": NaN,
        "Total Operating Income As Reported": NaN,
        "Diluted Average Shares": 47618115.0,
        "Basic Average Shares": 47572971.0,
        "Diluted EPS": 1.04,
        "Basic EPS": 1.04,
        "Diluted NI Availto Com Stockholders": NaN,
        "Net Income Common Stockholders": NaN,
        "Otherunder Preferred Stock Dividend": NaN,
        "Net Income": NaN,
        "Net Income Including Noncontrolling Interests": NaN,
        "Net Income Continuous Operations": NaN,
        "Tax Provision": NaN,
        "Pretax Income": NaN,
        "Other Income Expense": NaN,
        "Other Non Operating Income Expenses": NaN,
        "Net Non Operating Interest Income Expense": NaN,
        "Interest Income Non Operating": NaN,
        "Operating Income": NaN,
        "Operating Expense": NaN,
        "Other Operating Expenses": NaN,
        "Depreciation Amortization Depletion Income Statement": NaN,
        "Depreciation And Amortization In Income Statement": NaN,
        "Amortization": NaN,
        "Amortization Of Intangibles Income Statement": NaN,
        "Research And Development": NaN,
        "Selling General And Administration": NaN,
        "Gross Profit": NaN,
        "Cost Of Revenue": NaN,
        "Total Revenue": NaN,
        "Operating Revenue": NaN
    },
    "2022-03-31": {
        "Diluted EPS": 1.05,
        "Total Revenue": 150,
        "Gross Profit": 117,
        "Operating Income": 62,
        "EBIT": 73,
        "Net Income": 50
    },
    "2021-12-31": {
        "Diluted EPS": 0.97,
        "Total Revenue": 146,
        "Gross Profit": 114,
        "Operating Income": 56,
        "EBIT": 233,
        "Net Income": 46
    },
    "2021-09-30": {
        "Diluted EPS": 0.97,
        "Total Revenue": 144,
        "Gross Profit": 112,
        "Operating Income": 58,
        "EBIT": 14,
        "Net Income": 46
    },
    "2021-06-30": {
        "Diluted EPS": 0.85,
        "Total Revenue": 130,
        "Gross Profit": 102,
        "Operating Income": 50,
        "EBIT": 7,
        "Net Income": 40
    },
    "2021-03-31": {
        "Diluted EPS": 1.08,
        "Total Revenue": 134,
        "Gross Profit": 111,
        "Operating Income": 64,
        "EBIT": 16,
        "Net Income": 51
    },
    "2020-12-31": {
        "Diluted EPS": 1.13,
        "Total Revenue": 142,
        "Gross Profit": 115,
        "Operating Income": 66,
        "EBIT": 187,
        "Net Income": 54
    },
    "2020-09-30": {
        "Diluted EPS": 0.85,
        "Total Revenue": 117,
        "Gross Profit": 94,
        "Operating Income": 48,
        "EBIT": 3,
        "Net Income": 40
    },
    "2020-06-30": {
        "Diluted EPS": 0.02,
        "Total Revenue": 58,
        "Gross Profit": 45,
        "Operating Income": -1,
        "EBIT": -11,
        "Net Income": 1
    },
    "2020-03-31": {
        "Diluted EPS": 0.8,
        "Total Revenue": 112,
        "Gross Profit": 90,
        "Operating Income": 45,
        "EBIT": 11,
        "Net Income": 38
    },
    "2019-12-31": {
        "Diluted EPS": 0.56,
        "Total Revenue": 102,
        "Gross Profit": 84,
        "Operating Income": 34,
        "EBIT": 7,
        "Net Income": 26
    },
    "2019-09-30": {
        "Diluted EPS": 0.78,
        "Total Revenue": 98,
        "Gross Profit": 80,
        "Operating Income": 41,
        "EBIT": 11,
        "Net Income": 37
    },
    "2019-06-30": {
        "Diluted EPS": 0.92,
        "Total Revenue": 118,
        "Gross Profit": 94,
        "Operating Income": 49,
        "EBIT": 19,
        "Net Income": 43
    },
    "2019-03-31": {
        "Diluted EPS": 0.66,
        "Total Revenue": 88,
        "Gross Profit": 72,
        "Operating Income": 34,
        "EBIT": 14,
        "Net Income": 31
    },
    "2018-12-31": {
        "Diluted EPS": 0.4,
        "Total Revenue": 70,
        "Gross Profit": 52,
        "Operating Income": 15,
        "EBIT": 5,
        "Net Income": 19
    },
    "2018-09-30": {
        "Diluted EPS": 0.48,
        "Total Revenue": 78,
        "Gross Profit": 61,
        "Operating Income": 26,
        "EBIT": 8,
        "Net Income": 23
    },
    "2018-06-30": {
        "Diluted EPS": 0.23,
        "Total Revenue": 56,
        "Gross Profit": 45,
        "Operating Income": 11,
        "EBIT": 1,
        "Net Income": 11
    },
    "2018-03-31": {
        "Diluted EPS": 0.13,
        "Total Revenue": 44,
        "Gross Profit": 36,
        "Operating Income": 5,
        "EBIT": -1,
        "Net Income": 6
    },
    "2017-12-31": {
        "Diluted EPS": 0.69,
        "Total Revenue": 116,
        "Gross Profit": 99,
        "Operating Income": 58,
        "EBIT": 60,
        "Net Income": 32
    },
    "2017-09-30": {
        "Diluted EPS": 0.28,
        "Total Revenue": 62,
        "Gross Profit": 48,
        "Operating Income": 16,
        "EBIT": 19,
        "Net Income": 13
    },
    "2017-06-30": {
        "Diluted EPS": 0.99,
        "Total Revenue": 103,
        "Gross Profit": 91,
        "Operating Income": 61,
        "EBIT": 64,
        "Net Income": 46
    },
    "2017-03-31": {
        "Diluted EPS": 0.22,
        "Total Revenue": 56,
        "Gross Profit": 43,
        "Operating Income": 12,
        "EBIT": 16,
        "Net Income": 10
    },
    "2016-12-31": {
        "Diluted EPS": 0.55,
        "Total Revenue": 75,
        "Gross Profit": 65,
        "Operating Income": 35,
        "EBIT": 39,
        "Net Income": 25
    },
    "2016-09-30": {
        "Diluted EPS": -0.03,
        "Total Revenue": 30,
        "Gross Profit": 24,
        "Operating Income": -3,
        "EBIT": 1,
        "Net Income": -2
    },
    "2016-06-30": {
        "Diluted EPS": 0.46,
        "Total Revenue": 64,
        "Gross Profit": 59,
        "Operating Income": 34,
        "EBIT": 36,
        "Net Income": 22
    },
    "2016-03-31": {
        "Diluted EPS": 0.04,
        "Total Revenue": 30,
        "Gross Profit": 25,
        "Operating Income": 3,
        "EBIT": 4,
        "Net Income": 2
    },
    "2015-12-31": {
        "Diluted EPS": 0.38,
        "Total Revenue": 62,
        "Gross Profit": 54,
        "Operating Income": 27,
        "EBIT": 28,
        "Net Income": 18
    },
    "2015-09-30": {
        "Diluted EPS": 0.15,
        "Total Revenue": 39,
        "Gross Profit": 32,
        "Operating Income": 8,
        "EBIT": 10,
        "Net Income": 7
    },
    "2015-06-30": {
        "Diluted EPS": -0.25,
        "Total Revenue": 58,
        "Gross Profit": 19,
        "Operating Income": -5,
        "EBIT": -5,
        "Net Income": -12
    },
    "2015-03-31": {
        "Diluted EPS": 0.03,
        "Total Revenue": 31,
        "Gross Profit": 23,
        "Operating Income": 2,
        "EBIT": 4,
        "Net Income": 1
    },
    "2014-12-31": {
        "Diluted EPS": 0.28,
        "Total Revenue": 56,
        "Gross Profit": 44,
        "Operating Income": 17,
        "EBIT": 20,
        "Net Income": 13
    },
    "2014-09-30": {
        "Diluted EPS": 0.09,
        "Total Revenue": 33,
        "Gross Profit": 26,
        "Operating Income": 6,
        "EBIT": 7,
        "Net Income": 4
    },
    "2014-06-30": {
        "Diluted EPS": 0.44,
        "Total Revenue": 64,
        "Gross Profit": 52,
        "Operating Income": 29,
        "EBIT": 31,
        "Net Income": 20
    },
    "2014-03-31": {
        "Diluted EPS": 0.09,
        "Total Revenue": 38,
        "Gross Profit": 28,
        "Operating Income": 7,
        "EBIT": 9,
        "Net Income": 4
    },
    "2013-12-31": {
        "Diluted EPS": 1.24,
        "Total Revenue": 49,
        "Gross Profit": 42,
        "Operating Income": 19,
        "EBIT": 20,
        "Net Income": 58
    },
    "2013-09-30": {
        "Diluted EPS": 0.12,
        "Total Revenue": 33,
        "Gross Profit": 23,
        "Operating Income": 4,
        "EBIT": 6,
        "Net Income": 6
    },
    "2013-06-30": {
        "Diluted EPS": 0.33,
        "Total Revenue": 49,
        "Gross Profit": 41,
        "Operating Income": 22,
        "EBIT": 24,
        "Net Income": 15
    },
    "2013-03-31": {
        "Diluted EPS": -0.1,
        "Total Revenue": 15,
        "Gross Profit": 12,
        "Operating Income": -7,
        "EBIT": -5,
        "Net Income": -5
    },
    "2012-12-31": {
        "Diluted EPS": 0.13,
        "Total Revenue": 28,
        "Gross Profit": 27,
        "Operating Income": 8,
        "EBIT": 9,
        "Net Income": 5
    },
    "2012-09-30": {
        "Diluted EPS": -0.12,
        "Total Revenue": 13,
        "Gross Profit": 11,
        "Operating Income": -6,
        "EBIT": -4,
        "Net Income": -5
    },
    "2012-06-30": {
        "Diluted EPS": 0.23,
        "Total Revenue": 30,
        "Gross Profit": 28,
        "Operating Income": 13,
        "EBIT": 12,
        "Net Income": 11
    },
    "2012-03-31": {
        "Diluted EPS": -0.03,
        "Total Revenue": 13,
        "Gross Profit": 12,
        "Operating Income": -2,
        "EBIT": -2,
        "Net Income": -1
    },
    "2011-12-31": {
        "Diluted EPS": 0.29,
        "Total Revenue": 19,
        "Gross Profit": 18,
        "Operating Income": 4,
        "EBIT": 3,
        "Net Income": 6
    },
    "2011-09-30": {
        "Diluted EPS": 0.12,
        "Total Revenue": 22,
        "Gross Profit": 19,
        "Operating Income": 6,
        "EBIT": 5,
        "Net Income": 6
    },
    "2011-06-30": {
        "Diluted EPS": -0.03,
        "Total Revenue": 11,
        "Gross Profit": 11,
        "Operating Income": -1,
        "EBIT": -2,
        "Net Income": 3
    },
    "2011-03-31": {
        "Diluted EPS": -0.31,
        "Total Revenue": 10,
        "Gross Profit": 9,
        "Operating Income": -3,
        "EBIT": -3,
        "Net Income": -12
    },
    "2010-12-31": {
        "Diluted EPS": -0.14,
        "Total Revenue": 11,
        "Gross Profit": 11,
        "Operating Income": 0,
        "EBIT": -1,
        "Net Income": -5
    },
    "2010-09-30": {
        "Diluted EPS": -0.19,
        "Total Revenue": 7,
        "Gross Profit": 7,
        "Operating Income": -4,
        "EBIT": -3,
        "Net Income": -7
    },
    "2010-06-30": {
        "Diluted EPS": -0.12,
        "Total Revenue": 8,
        "Gross Profit": 8,
        "Operating Income": -2,
        "EBIT": -4,
        "Net Income": -4
    },
    "2010-03-31": {
        "Diluted EPS": -0.08,
        "Total Revenue": 4,
        "Gross Profit": 4,
        "Operating Income": -4,
        "EBIT": -4,
        "Net Income": -3
    },
    "2009-12-31": {
        "Diluted EPS": -0.1,
        "Total Revenue": 5,
        "Gross Profit": 5,
        "Operating Income": -4,
        "EBIT": -4,
        "Net Income": -4
    },
    "2009-09-30": {
        "Diluted EPS": -0.13,
        "Total Revenue": 5,
        "Gross Profit": 5,
        "Operating Income": -4,
        "EBIT": -5,
        "Net Income": -5
    },
    "2009-06-30": {
        "Diluted EPS": -0.18,
        "Total Revenue": 3,
        "Gross Profit": 3,
        "Operating Income": -6,
        "EBIT": -6,
        "Net Income": -6
    },
    "2009-03-31": {
        "Diluted EPS": -0.15,
        "Total Revenue": 3,
        "Gross Profit": 3,
        "Operating Income": -6,
        "EBIT": -6,
        "Net Income": -6
    },
    "2023-09-30": {
        "Tax Effect Of Unusual Items": 0.0,
        "Tax Rate For Calcs": 0.044,
        "Normalized EBITDA": 59914000.0,
        "Net Income From Continuing Operation Net Minority Interest": 51516000.0,
        "Reconciled Depreciation": 11478000.0,
        "Reconciled Cost Of Revenue": 27327000.0,
        "EBITDA": 59914000.0,
        "EBIT": 48436000.0,
        "Net Interest Income": 7136000.0,
        "Interest Income": 7136000.0,
        "Normalized Income": 51516000.0,
        "Net Income From Continuing And Discontinued Operation": 51516000.0,
        "Total Expenses": 92641000.0,
        "Total Operating Income As Reported": 48436000.0,
        "Diluted Average Shares": 47632431.0,
        "Basic Average Shares": 47570099.0,
        "Diluted EPS": 1.08,
        "Basic EPS": 1.08,
        "Diluted NI Availto Com Stockholders": 51273000.0,
        "Net Income Common Stockholders": 51273000.0,
        "Otherunder Preferred Stock Dividend": 243000.0,
        "Net Income": 51516000.0,
        "Net Income Including Noncontrolling Interests": 51516000.0,
        "Net Income Continuous Operations": 51516000.0,
        "Tax Provision": 2363000.0,
        "Pretax Income": 53879000.0,
        "Other Income Expense": -1693000.0,
        "Other Non Operating Income Expenses": -1693000.0,
        "Net Non Operating Interest Income Expense": 7136000.0,
        "Interest Income Non Operating": 7136000.0,
        "Operating Income": 48436000.0,
        "Operating Expense": 58393000.0,
        "Other Operating Expenses": 2653000.0,
        "Depreciation Amortization Depletion Income Statement": 4557000.0,
        "Depreciation And Amortization In Income Statement": 4557000.0,
        "Amortization": 4557000.0,
        "Amortization Of Intangibles Income Statement": 4557000.0,
        "Research And Development": 33099000.0,
        "Selling General And Administration": 18084000.0,
        "Gross Profit": 106829000.0,
        "Cost Of Revenue": 34248000.0,
        "Total Revenue": 141077000.0,
        "Operating Revenue": 141077000.0
    },
    "2023-12-31": {
        "Tax Effect Of Unusual Items": 0.0,
        "Tax Rate For Calcs": 0.180261,
        "Normalized EBITDA": 76578000.0,
        "Net Income From Continuing Operation Net Minority Interest": 61978000.0,
        "Reconciled Depreciation": 11832000.0,
        "Reconciled Cost Of Revenue": 28738000.0,
        "EBITDA": 76578000.0,
        "EBIT": 64746000.0,
        "Net Interest Income": 7865000.0,
        "Interest Income": 7865000.0,
        "Normalized Income": 61978000.0,
        "Net Income From Continuing And Discontinued Operation": 61978000.0,
        "Total Expenses": 93574000.0,
        "Total Operating Income As Reported": 64746000.0,
        "Diluted Average Shares": NaN,
        "Basic Average Shares": NaN,
        "Diluted EPS": NaN,
        "Basic EPS": NaN,
        "Diluted NI Availto Com Stockholders": 61694000.0,
        "Net Income Common Stockholders": 61694000.0,
        "Otherunder Preferred Stock Dividend": 284000.0,
        "Net Income": 61978000.0,
        "Net Income Including Noncontrolling Interests": 61978000.0,
        "Net Income Continuous Operations": 61978000.0,
        "Tax Provision": 13629000.0,
        "Pretax Income": 75607000.0,
        "Other Income Expense": 2996000.0,
        "Other Non Operating Income Expenses": 2996000.0,
        "Net Non Operating Interest Income Expense": 7865000.0,
        "Interest Income Non Operating": 7865000.0,
        "Operating Income": 64746000.0,
        "Operating Expense": 57555000.0,
        "Other Operating Expenses": 2533000.0,
        "Depreciation Amortization Depletion Income Statement": 4551000.0,
        "Depreciation And Amortization In Income Statement": 4551000.0,
        "Amortization": 4551000.0,
        "Amortization Of Intangibles Income Statement": 4551000.0,
        "Research And Development": 33641000.0,
        "Selling General And Administration": 16830000.0,
        "Gross Profit": 122301000.0,
        "Cost Of Revenue": 36019000.0,
        "Total Revenue": 158320000.0,
        "Operating Revenue": 158320000.0
    },
    "2024-03-31": {
        "Tax Effect Of Unusual Items": 0.0,
        "Tax Rate For Calcs": 0.194,
        "Normalized EBITDA": 74036000.0,
        "Net Income From Continuing Operation Net Minority Interest": 56853000.0,
        "Reconciled Depreciation": 11164000.0,
        "Reconciled Cost Of Revenue": 30353000.0,
        "EBITDA": 74036000.0,
        "EBIT": 62872000.0,
        "Net Interest Income": 9568000.0,
        "Interest Income": 9568000.0,
        "Normalized Income": 56853000.0,
        "Net Income From Continuing And Discontinued Operation": 56853000.0,
        "Total Expenses": 102387000.0,
        "Total Operating Income As Reported": 62872000.0,
        "Diluted Average Shares": 47628492.0,
        "Basic Average Shares": 47557959.0,
        "Diluted EPS": 1.19,
        "Basic EPS": 1.19,
        "Diluted NI Availto Com Stockholders": 56652000.0,
        "Net Income Common Stockholders": 56652000.0,
        "Otherunder Preferred Stock Dividend": 201000.0,
        "Net Income": 56853000.0,
        "Net Income Including Noncontrolling Interests": 56853000.0,
        "Net Income Continuous Operations": 56853000.0,
        "Tax Provision": 13644000.0,
        "Pretax Income": 70497000.0,
        "Other Income Expense": -1943000.0,
        "Other Non Operating Income Expenses": -1943000.0,
        "Net Non Operating Interest Income Expense": 9568000.0,
        "Interest Income Non Operating": 9568000.0,
        "Operating Income": 62872000.0,
        "Operating Expense": 65418000.0,
        "Other Operating Expenses": 3633000.0,
        "Depreciation Amortization Depletion Income Statement": 4548000.0,
        "Depreciation And Amortization In Income Statement": 4548000.0,
        "Amortization": 4548000.0,
        "Amortization Of Intangibles Income Statement": 4548000.0,
        "Research And Development": 37985000.0,
        "Selling General And Administration": 19252000.0,
        "Gross Profit": 128290000.0,
        "Cost Of Revenue": 36969000.0,
        "Total Revenue": 165259000.0,
        "Operating Revenue": 165259000.0
    },
    "2024-06-30": {
        "Tax Effect Of Unusual Items": 0.0,
        "Tax Rate For Calcs": 0.193,
        "Normalized EBITDA": 67462000.0,
        "Net Income From Continuing Operation Net Minority Interest": 52337000.0,
        "Reconciled Depreciation": 11025000.0,
        "Reconciled Cost Of Revenue": 31852000.0,
        "EBITDA": 67462000.0,
        "EBIT": 56437000.0,
        "Net Interest Income": 9913000.0,
        "Interest Income": 9913000.0,
        "Normalized Income": 52337000.0,
        "Net Income From Continuing And Discontinued Operation": 52337000.0,
        "Total Expenses": 102068000.0,
        "Total Operating Income As Reported": 56437000.0,
        "Diluted Average Shares": 47628113.0,
        "Basic Average Shares": 47549843.0,
        "Diluted EPS": 1.1,
        "Basic EPS": 1.1,
        "Diluted NI Availto Com Stockholders": 52217000.0,
        "Net Income Common Stockholders": 52217000.0,
        "Otherunder Preferred Stock Dividend": 120000.0,
        "Net Income": 52337000.0,
        "Net Income Including Noncontrolling Interests": 52337000.0,
        "Net Income Continuous Operations": 52337000.0,
        "Tax Provision": 12553000.0,
        "Pretax Income": 64890000.0,
        "Other Income Expense": -1460000.0,
        "Other Non Operating Income Expenses": -1460000.0,
        "Net Non Operating Interest Income Expense": 9913000.0,
        "Interest Income Non Operating": 9913000.0,
        "Operating Income": 56437000.0,
        "Operating Expense": 63740000.0,
        "Other Operating Expenses": 2524000.0,
        "Depreciation Amortization Depletion Income Statement": 4549000.0,
        "Depreciation And Amortization In Income Statement": 4549000.0,
        "Amortization": 4549000.0,
        "Amortization Of Intangibles Income Statement": 4549000.0,
        "Research And Development": 36826000.0,
        "Selling General And Administration": 19841000.0,
        "Gross Profit": 120177000.0,
        "Cost Of Revenue": 38328000.0,
        "Total Revenue": 158505000.0,
        "Operating Revenue": 158505000.0
    },
    "2024-09-30": {
        "Tax Effect Of Unusual Items": 0.0,
        "Tax Rate For Calcs": 0.179,
        "Normalized EBITDA": 77952000.0,
        "Net Income From Continuing Operation Net Minority Interest": 66870000.0,
        "Reconciled Depreciation": 10947000.0,
        "Reconciled Cost Of Revenue": 29416000.0,
        "EBITDA": 77952000.0,
        "EBIT": 67005000.0,
        "Net Interest Income": 10592000.0,
        "Interest Income": 10592000.0,
        "Normalized Income": 66870000.0,
        "Net Income From Continuing And Discontinued Operation": 66870000.0,
        "Total Expenses": 94622000.0,
        "Total Operating Income As Reported": 67005000.0,
        "Diluted Average Shares": 47669439.0,
        "Basic Average Shares": 47542114.0,
        "Diluted EPS": 1.4,
        "Basic EPS": 1.4,
        "Diluted NI Availto Com Stockholders": 66744000.0,
        "Net Income Common Stockholders": 66744000.0,
        "Otherunder Preferred Stock Dividend": 126000.0,
        "Net Income": 66870000.0,
        "Net Income Including Noncontrolling Interests": 66870000.0,
        "Net Income Continuous Operations": 66870000.0,
        "Tax Provision": 14546000.0,
        "Pretax Income": 81416000.0,
        "Other Income Expense": 3819000.0,
        "Other Non Operating Income Expenses": 3819000.0,
        "Net Non Operating Interest Income Expense": 10592000.0,
        "Interest Income Non Operating": 10592000.0,
        "Operating Income": 67005000.0,
        "Operating Expense": 58810000.0,
        "Other Operating Expenses": 2506000.0,
        "Depreciation Amortization Depletion Income Statement": 4551000.0,
        "Depreciation And Amortization In Income Statement": 4551000.0,
        "Amortization": 4551000.0,
        "Amortization Of Intangibles Income Statement": 4551000.0,
        "Research And Development": 36089000.0,
        "Selling General And Administration": 15664000.0,
        "Gross Profit": 125815000.0,
        "Cost Of Revenue": 35812000.0,
        "Total Revenue": 161627000.0,
        "Operating Revenue": 161627000.0
    }
}