{
    "2023-03-31": {
        "Tax Effect Of Unusual Items": -33000.0,
        "Tax Rate For Calcs": 0.2,
        "Normalized EBITDA": -12904000.0,
        "Total Unusual Items": -165000.0,
        "Total Unusual Items Excluding Goodwill": -165000.0,
        "Net Income From Continuing Operation Net Minority Interest": -13958000.0,
        "Reconciled Depreciation": 4319000.0,
        "Reconciled Cost Of Revenue": 9843000.0,
        "EBITDA": -13069000.0,
        "EBIT": -17388000.0,
        "Net Interest Income": -26000.0,
        "Interest Expense": 121000.0,
        "Interest Income": 78000.0,
        "Normalized Income": -13826000.0,
        "Net Income From Continuing And Discontinued Operation": -13958000.0,
        "Total Expenses": 44776000.0,
        "Total Operating Income As Reported": -17319000.0,
        "Diluted Average Shares": 122954966.0,
        "Basic Average Shares": 122954966.0,
        "Diluted EPS": -0.11,
        "Basic EPS": -0.11,
        "Diluted NI Availto Com Stockholders": -13958000.0,
        "Net Income Common Stockholders": -13958000.0,
        "Net Income": -13958000.0,
        "Net Income Including Noncontrolling Interests": -13957000.0,
        "Net Income Continuous Operations": -13957000.0,
        "Tax Provision": -3552000.0,
        "Pretax Income": -17509000.0,
        "Other Income Expense": -165000.0,
        "Gain On Sale Of Security": -165000.0,
        "Net Non Operating Interest Income Expense": -26000.0,
        "Total Other Finance Cost": -17000.0,
        "Interest Expense Non Operating": 121000.0,
        "Interest Income Non Operating": 78000.0,
        "Operating Income": -17319000.0,
        "Operating Expense": 34933000.0,
        "Other Operating Expenses": 170000.0,
        "Research And Development": 6387000.0,
        "Selling General And Administration": 28376000.0,
        "Selling And Marketing Expense": 11995000.0,
        "General And Administrative Expense": 16381000.0,
        "Other Gand A": 16381000.0,
        "Gross Profit": 17614000.0,
        "Cost Of Revenue": 9843000.0,
        "Total Revenue": 27457000.0,
        "Operating Revenue": 27457000.0
    },
    "2022-12-31": {
        "Tax Effect Of Unusual Items": NaN,
        "Tax Rate For Calcs": NaN,
        "Normalized EBITDA": NaN,
        "Total Unusual Items": NaN,
        "Total Unusual Items Excluding Goodwill": NaN,
        "Net Income From Continuing Operation Net Minority Interest": NaN,
        "Reconciled Depreciation": NaN,
        "Reconciled Cost Of Revenue": NaN,
        "EBITDA": NaN,
        "EBIT": NaN,
        "Net Interest Income": NaN,
        "Interest Expense": NaN,
        "Interest Income": NaN,
        "Normalized Income": NaN,
        "Net Income From Continuing And Discontinued Operation": NaN,
        "Total Expenses": NaN,
        "Total Operating Income As Reported": NaN,
        "Diluted Average Shares": 119943003.0,
        "Basic Average Shares": 119943003.0,
        "Diluted EPS": 0.05,
        "Basic EPS": 0.05,
        "Diluted NI Availto Com Stockholders": NaN,
        "Net Income Common Stockholders": NaN,
        "Net Income": NaN,
        "Net Income Including Noncontrolling Interests": NaN,
        "Net Income Continuous Operations": NaN,
        "Tax Provision": NaN,
        "Pretax Income": NaN,
        "Other Income Expense": NaN,
        "Gain On Sale Of Security": NaN,
        "Net Non Operating Interest Income Expense": NaN,
        "Total Other Finance Cost": -875000.0,
        "Interest Expense Non Operating": NaN,
        "Interest Income Non Operating": NaN,
        "Operating Income": NaN,
        "Operating Expense": NaN,
        "Other Operating Expenses": NaN,
        "Research And Development": NaN,
        "Selling General And Administration": NaN,
        "Selling And Marketing Expense": NaN,
        "General And Administrative Expense": NaN,
        "Other Gand A": NaN,
        "Gross Profit": NaN,
        "Cost Of Revenue": NaN,
        "Total Revenue": NaN,
        "Operating Revenue": NaN
    },
    "2022-09-30": {
        "Tax Effect Of Unusual Items": NaN,
        "Tax Rate For Calcs": NaN,
        "Normalized EBITDA": NaN,
        "Total Unusual Items": NaN,
        "Total Unusual Items Excluding Goodwill": NaN,
        "Net Income From Continuing Operation Net Minority Interest": NaN,
        "Reconciled Depreciation": NaN,
        "Reconciled Cost Of Revenue": NaN,
        "EBITDA": NaN,
        "EBIT": NaN,
        "Net Interest Income": NaN,
        "Interest Expense": NaN,
        "Interest Income": NaN,
        "Normalized Income": NaN,
        "Net Income From Continuing And Discontinued Operation": NaN,
        "Total Expenses": NaN,
        "Total Operating Income As Reported": NaN,
        "Diluted Average Shares": NaN,
        "Basic Average Shares": NaN,
        "Diluted EPS": NaN,
        "Basic EPS": NaN,
        "Diluted NI Availto Com Stockholders": NaN,
        "Net Income Common Stockholders": NaN,
        "Net Income": NaN,
        "Net Income Including Noncontrolling Interests": NaN,
        "Net Income Continuous Operations": NaN,
        "Tax Provision": NaN,
        "Pretax Income": NaN,
        "Other Income Expense": NaN,
        "Gain On Sale Of Security": NaN,
        "Net Non Operating Interest Income Expense": NaN,
        "Total Other Finance Cost": 112000.0,
        "Interest Expense Non Operating": NaN,
        "Interest Income Non Operating": NaN,
        "Operating Income": NaN,
        "Operating Expense": NaN,
        "Other Operating Expenses": NaN,
        "Research And Development": NaN,
        "Selling General And Administration": NaN,
        "Selling And Marketing Expense": NaN,
        "General And Administrative Expense": NaN,
        "Other Gand A": NaN,
        "Gross Profit": NaN,
        "Cost Of Revenue": NaN,
        "Total Revenue": NaN,
        "Operating Revenue": NaN
    },
    "2022-06-30": {
        "Tax Effect Of Unusual Items": 1742800.0,
        "Tax Rate For Calcs": 0.2,
        "Normalized EBITDA": -18962000.0,
        "Total Unusual Items": 8714000.0,
        "Total Unusual Items Excluding Goodwill": 8714000.0,
        "Net Income From Continuing Operation Net Minority Interest": -4822000.0,
        "Reconciled Depreciation": 4358000.0,
        "Reconciled Cost Of Revenue": 10444000.0,
        "EBITDA": -10248000.0,
        "EBIT": -14606000.0,
        "Net Interest Income": -125000.0,
        "Interest Expense": NaN,
        "Interest Income": NaN,
        "Normalized Income": -11793200.0,
        "Net Income From Continuing And Discontinued Operation": -4822000.0,
        "Total Expenses": 42120000.0,
        "Total Operating Income As Reported": -14606000.0,
        "Diluted Average Shares": 119101120.0,
        "Basic Average Shares": 119101120.0,
        "Diluted EPS": -0.04,
        "Basic EPS": -0.04,
        "Diluted NI Availto Com Stockholders": -4822000.0,
        "Net Income Common Stockholders": -4822000.0,
        "Net Income": -4822000.0,
        "Net Income Including Noncontrolling Interests": -4822000.0,
        "Net Income Continuous Operations": -4822000.0,
        "Tax Provision": -1195000.0,
        "Pretax Income": -6017000.0,
        "Other Income Expense": 8714000.0,
        "Gain On Sale Of Security": 8714000.0,
        "Net Non Operating Interest Income Expense": -125000.0,
        "Total Other Finance Cost": 125000.0,
        "Interest Expense Non Operating": NaN,
        "Interest Income Non Operating": NaN,
        "Operating Income": -14606000.0,
        "Operating Expense": 31676000.0,
        "Other Operating Expenses": -239000.0,
        "Research And Development": 7333000.0,
        "Selling General And Administration": 24582000.0,
        "Selling And Marketing Expense": 10588000.0,
        "General And Administrative Expense": 13994000.0,
        "Other Gand A": 13994000.0,
        "Gross Profit": 17070000.0,
        "Cost Of Revenue": 10444000.0,
        "Total Revenue": 27514000.0,
        "Operating Revenue": 27514000.0
    },
    "2022-03-31": {
        "Diluted EPS": -0.1,
        "Total Revenue": 23,
        "Gross Profit": 13,
        "Operating Income": -16,
        "EBIT": -12,
        "Net Income": -12
    },
    "2021-12-31": {
        "Diluted EPS": 0.19,
        "Total Revenue": 44,
        "Gross Profit": 25,
        "Operating Income": -8,
        "EBIT": -3,
        "Net Income": -12
    },
    "2021-09-30": {
        "Diluted EPS": -0.05,
        "Total Revenue": 20,
        "Gross Profit": 12,
        "Operating Income": -12,
        "EBIT": -8,
        "Net Income": -5
    },
    "2021-06-30": {
        "Diluted EPS": -0.09,
        "Total Revenue": 18,
        "Gross Profit": 12,
        "Operating Income": -11,
        "EBIT": -8,
        "Net Income": -11
    },
    "2021-03-31": {
        "Diluted EPS": -0.48,
        "Total Revenue": 14,
        "Gross Profit": 9,
        "Operating Income": -14,
        "EBIT": -10,
        "Net Income": -14
    },
    "2020-12-31": {
        "Diluted EPS": 0.14,
        "Total Revenue": 27,
        "Gross Profit": 19,
        "Operating Income": 5,
        "EBIT": 8,
        "Net Income": 6
    },
    "2020-09-30": {
        "Diluted EPS": -0.2,
        "Total Revenue": 11,
        "Gross Profit": 8,
        "Operating Income": -1,
        "EBIT": 3,
        "Net Income": -4
    },
    "2020-06-30": {
        "Diluted EPS": -0.28,
        "Total Revenue": 8,
        "Gross Profit": 6,
        "Operating Income": -5,
        "EBIT": -2,
        "Net Income": -6
    },
    "2020-03-31": {
        "Diluted EPS": -0.76,
        "Total Revenue": 8,
        "Gross Profit": 4,
        "Operating Income": -5,
        "EBIT": -2,
        "Net Income": -15
    },
    "2019-12-31": {
        "Diluted EPS": 0.0,
        "Total Revenue": NaN,
        "Gross Profit": NaN,
        "Operating Income": NaN,
        "EBIT": NaN,
        "Net Income": NaN
    },
    "2023-06-30": {
        "Tax Effect Of Unusual Items": 1592850.0,
        "Tax Rate For Calcs": 0.21,
        "Normalized EBITDA": -13451000.0,
        "Total Unusual Items": 7585000.0,
        "Total Unusual Items Excluding Goodwill": 7585000.0,
        "Net Income From Continuing Operation Net Minority Interest": -8274000.0,
        "Reconciled Depreciation": 4441000.0,
        "Reconciled Cost Of Revenue": 12145000.0,
        "EBITDA": -5866000.0,
        "EBIT": -10307000.0,
        "Net Interest Income": 973000.0,
        "Interest Expense": 116000.0,
        "Interest Income": 528000.0,
        "Normalized Income": -14266150.0,
        "Net Income From Continuing And Discontinued Operation": -8274000.0,
        "Total Expenses": 48418000.0,
        "Total Operating Income As Reported": -18981000.0,
        "Diluted Average Shares": 124342715.0,
        "Basic Average Shares": 124342715.0,
        "Diluted EPS": -0.07,
        "Basic EPS": -0.07,
        "Diluted NI Availto Com Stockholders": -8274000.0,
        "Net Income Common Stockholders": -8274000.0,
        "Net Income": -8274000.0,
        "Net Income Including Noncontrolling Interests": -8274000.0,
        "Net Income Continuous Operations": -8274000.0,
        "Tax Provision": -2149000.0,
        "Pretax Income": -10423000.0,
        "Other Income Expense": 7585000.0,
        "Gain On Sale Of Security": 7585000.0,
        "Net Non Operating Interest Income Expense": 973000.0,
        "Total Other Finance Cost": -561000.0,
        "Interest Expense Non Operating": 116000.0,
        "Interest Income Non Operating": 528000.0,
        "Operating Income": -18981000.0,
        "Operating Expense": 36273000.0,
        "Other Operating Expenses": -180000.0,
        "Research And Development": 8055000.0,
        "Selling General And Administration": 28398000.0,
        "Selling And Marketing Expense": 12608000.0,
        "General And Administrative Expense": 15790000.0,
        "Other Gand A": 15790000.0,
        "Gross Profit": 17292000.0,
        "Cost Of Revenue": 12145000.0,
        "Total Revenue": 29436000.0,
        "Operating Revenue": 29436000.0
    },
    "2023-09-30": {
        "Tax Effect Of Unusual Items": 223469.30605,
        "Tax Rate For Calcs": 0.190836,
        "Normalized EBITDA": 1996000.0,
        "Total Unusual Items": 1171000.0,
        "Total Unusual Items Excluding Goodwill": 1171000.0,
        "Net Income From Continuing Operation Net Minority Interest": -1819000.0,
        "Reconciled Depreciation": 5112000.0,
        "Reconciled Cost Of Revenue": 13265000.0,
        "EBITDA": 3167000.0,
        "EBIT": -1945000.0,
        "Net Interest Income": 4228000.0,
        "Interest Expense": 303000.0,
        "Interest Income": 4531000.0,
        "Normalized Income": -2766530.69395,
        "Net Income From Continuing And Discontinued Operation": -1819000.0,
        "Total Expenses": 51799000.0,
        "Total Operating Income As Reported": -7647000.0,
        "Diluted Average Shares": 124343000.0,
        "Basic Average Shares": 124343000.0,
        "Diluted EPS": -0.01,
        "Basic EPS": -0.01,
        "Diluted NI Availto Com Stockholders": -1819000.0,
        "Net Income Common Stockholders": -1819000.0,
        "Net Income": -1819000.0,
        "Net Income Including Noncontrolling Interests": -1819000.0,
        "Net Income Continuous Operations": -1819000.0,
        "Tax Provision": -429000.0,
        "Pretax Income": -2248000.0,
        "Other Income Expense": 1171000.0,
        "Gain On Sale Of Security": 1171000.0,
        "Net Non Operating Interest Income Expense": 4228000.0,
        "Total Other Finance Cost": NaN,
        "Interest Expense Non Operating": 303000.0,
        "Interest Income Non Operating": 4531000.0,
        "Operating Income": -7647000.0,
        "Operating Expense": 38534000.0,
        "Other Operating Expenses": 275000.0,
        "Research And Development": 8260000.0,
        "Selling General And Administration": 29999000.0,
        "Selling And Marketing Expense": 14283000.0,
        "General And Administrative Expense": 15716000.0,
        "Other Gand A": 15716000.0,
        "Gross Profit": 30887000.0,
        "Cost Of Revenue": 13265000.0,
        "Total Revenue": 44152000.0,
        "Operating Revenue": 44152000.0
    },
    "2023-12-31": {
        "Tax Effect Of Unusual Items": -996017.585356,
        "Tax Rate For Calcs": 0.223673,
        "Normalized EBITDA": 176000.0,
        "Total Unusual Items": -4453000.0,
        "Total Unusual Items Excluding Goodwill": -4453000.0,
        "Net Income From Continuing Operation Net Minority Interest": -7549000.0,
        "Reconciled Depreciation": 5128000.0,
        "Reconciled Cost Of Revenue": 19883000.0,
        "EBITDA": -4277000.0,
        "EBIT": -9405000.0,
        "Net Interest Income": 1058000.0,
        "Interest Expense": 319000.0,
        "Interest Income": 1377000.0,
        "Normalized Income": -4092017.585356,
        "Net Income From Continuing And Discontinued Operation": -7549000.0,
        "Total Expenses": 74881000.0,
        "Total Operating Income As Reported": -6329000.0,
        "Diluted Average Shares": NaN,
        "Basic Average Shares": NaN,
        "Diluted EPS": NaN,
        "Basic EPS": NaN,
        "Diluted NI Availto Com Stockholders": -7549000.0,
        "Net Income Common Stockholders": -7549000.0,
        "Net Income": -7549000.0,
        "Net Income Including Noncontrolling Interests": -7549000.0,
        "Net Income Continuous Operations": -7549000.0,
        "Tax Provision": -2175000.0,
        "Pretax Income": -9724000.0,
        "Other Income Expense": -4453000.0,
        "Gain On Sale Of Security": -4453000.0,
        "Net Non Operating Interest Income Expense": 1058000.0,
        "Total Other Finance Cost": 0.0,
        "Interest Expense Non Operating": 319000.0,
        "Interest Income Non Operating": 1377000.0,
        "Operating Income": -6329000.0,
        "Operating Expense": 54998000.0,
        "Other Operating Expenses": 162000.0,
        "Research And Development": 11482000.0,
        "Selling General And Administration": 31257000.0,
        "Selling And Marketing Expense": -26648000.0,
        "General And Administrative Expense": 57905000.0,
        "Other Gand A": -7973000.0,
        "Gross Profit": 48669000.0,
        "Cost Of Revenue": 19883000.0,
        "Total Revenue": 68552000.0,
        "Operating Revenue": 68552000.0
    },
    "2024-03-31": {
        "Tax Effect Of Unusual Items": 786852.954375,
        "Tax Rate For Calcs": 0.199102,
        "Normalized EBITDA": -18320000.0,
        "Total Unusual Items": 3952000.0,
        "Total Unusual Items Excluding Goodwill": 3952000.0,
        "Net Income From Continuing Operation Net Minority Interest": -16062000.0,
        "Reconciled Depreciation": 5368000.0,
        "Reconciled Cost Of Revenue": 11306000.0,
        "EBITDA": -14368000.0,
        "EBIT": -19736000.0,
        "Net Interest Income": 934000.0,
        "Interest Expense": 319000.0,
        "Interest Income": 1253000.0,
        "Normalized Income": -19227147.045625,
        "Net Income From Continuing And Discontinued Operation": -16062000.0,
        "Total Expenses": 53692000.0,
        "Total Operating Income As Reported": -24941000.0,
        "Diluted Average Shares": 124342715.0,
        "Basic Average Shares": 124342715.0,
        "Diluted EPS": -0.13,
        "Basic EPS": -0.13,
        "Diluted NI Availto Com Stockholders": -16062000.0,
        "Net Income Common Stockholders": -16062000.0,
        "Net Income": -16062000.0,
        "Net Income Including Noncontrolling Interests": -16062000.0,
        "Net Income Continuous Operations": -16062000.0,
        "Tax Provision": -3993000.0,
        "Pretax Income": -20055000.0,
        "Other Income Expense": 3952000.0,
        "Gain On Sale Of Security": 3952000.0,
        "Net Non Operating Interest Income Expense": 934000.0,
        "Total Other Finance Cost": NaN,
        "Interest Expense Non Operating": 319000.0,
        "Interest Income Non Operating": 1253000.0,
        "Operating Income": -24941000.0,
        "Operating Expense": 42386000.0,
        "Other Operating Expenses": -1435000.0,
        "Research And Development": 10459000.0,
        "Selling General And Administration": 33362000.0,
        "Selling And Marketing Expense": 13903000.0,
        "General And Administrative Expense": 19459000.0,
        "Other Gand A": 19459000.0,
        "Gross Profit": 17445000.0,
        "Cost Of Revenue": 11306000.0,
        "Total Revenue": 28751000.0,
        "Operating Revenue": 28751000.0
    }
}