{
    "2023-04-30": {
        "Tax Effect Of Unusual Items": 0.0,
        "Tax Rate For Calcs": 0.248314,
        "Normalized EBITDA": 45022000.0,
        "Net Income From Continuing Operation Net Minority Interest": 30980000.0,
        "Reconciled Depreciation": 6483000.0,
        "Reconciled Cost Of Revenue": 280583000.0,
        "EBITDA": 45022000.0,
        "EBIT": 38539000.0,
        "Net Interest Income": 2675000.0,
        "Interest Income": NaN,
        "Normalized Income": 30980000.0,
        "Net Income From Continuing And Discontinued Operation": 30980000.0,
        "Total Expenses": 420615000.0,
        "Total Operating Income As Reported": 38539000.0,
        "Diluted Average Shares": 62207000.0,
        "Basic Average Shares": 61970000.0,
        "Diluted EPS": 0.5,
        "Basic EPS": 0.5,
        "Diluted NI Availto Com Stockholders": 30980000.0,
        "Net Income Common Stockholders": 30980000.0,
        "Net Income": 30980000.0,
        "Net Income Including Noncontrolling Interests": 30980000.0,
        "Net Income Continuous Operations": 30980000.0,
        "Tax Provision": 10234000.0,
        "Pretax Income": 41214000.0,
        "Net Non Operating Interest Income Expense": 2675000.0,
        "Total Other Finance Cost": -2675000.0,
        "Interest Income Non Operating": NaN,
        "Operating Income": 38539000.0,
        "Operating Expense": 140032000.0,
        "Other Operating Expenses": 3281000.0,
        "Depreciation Amortization Depletion Income Statement": 6483000.0,
        "Depreciation And Amortization In Income Statement": 6483000.0,
        "Selling General And Administration": 130268000.0,
        "General And Administrative Expense": NaN,
        "Other Gand A": NaN,
        "Salaries And Wages": NaN,
        "Gross Profit": 178571000.0,
        "Cost Of Revenue": 280583000.0,
        "Total Revenue": 459154000.0,
        "Operating Revenue": 459154000.0
    },
    "2023-01-31": {
        "Tax Effect Of Unusual Items": 0.0,
        "Tax Rate For Calcs": 0.23922,
        "Normalized EBITDA": 73905000.0,
        "Net Income From Continuing Operation Net Minority Interest": 53088000.0,
        "Reconciled Depreciation": 6209000.0,
        "Reconciled Cost Of Revenue": 343306000.0,
        "EBITDA": 73905000.0,
        "EBIT": 67696000.0,
        "Net Interest Income": 2085000.0,
        "Interest Income": NaN,
        "Normalized Income": 53088000.0,
        "Net Income From Continuing And Discontinued Operation": 53088000.0,
        "Total Expenses": 482093000.0,
        "Total Operating Income As Reported": 67696000.0,
        "Diluted Average Shares": 62394000.0,
        "Basic Average Shares": 62178000.0,
        "Diluted EPS": 0.85,
        "Basic EPS": 0.85,
        "Diluted NI Availto Com Stockholders": 53088000.0,
        "Net Income Common Stockholders": 53088000.0,
        "Net Income": 53088000.0,
        "Net Income Including Noncontrolling Interests": 53088000.0,
        "Net Income Continuous Operations": 53088000.0,
        "Tax Provision": 16693000.0,
        "Pretax Income": 69781000.0,
        "Net Non Operating Interest Income Expense": 2085000.0,
        "Total Other Finance Cost": -2085000.0,
        "Interest Income Non Operating": NaN,
        "Operating Income": 67696000.0,
        "Operating Expense": 138787000.0,
        "Other Operating Expenses": 1558000.0,
        "Depreciation Amortization Depletion Income Statement": 6209000.0,
        "Depreciation And Amortization In Income Statement": 6209000.0,
        "Selling General And Administration": 131020000.0,
        "General And Administrative Expense": NaN,
        "Other Gand A": NaN,
        "Salaries And Wages": NaN,
        "Gross Profit": 206483000.0,
        "Cost Of Revenue": 343306000.0,
        "Total Revenue": 549789000.0,
        "Operating Revenue": 549789000.0
    },
    "2022-10-31": {
        "Tax Effect Of Unusual Items": 0.0,
        "Tax Rate For Calcs": 0.241,
        "Normalized EBITDA": 36838000.0,
        "Net Income From Continuing Operation Net Minority Interest": 23082000.0,
        "Reconciled Depreciation": 7306000.0,
        "Reconciled Cost Of Revenue": 251962000.0,
        "EBITDA": 36838000.0,
        "EBIT": 29532000.0,
        "Net Interest Income": 866000.0,
        "Interest Income": NaN,
        "Normalized Income": 23082000.0,
        "Net Income From Continuing And Discontinued Operation": 23082000.0,
        "Total Expenses": 388540000.0,
        "Total Operating Income As Reported": 29532000.0,
        "Diluted Average Shares": 62751000.0,
        "Basic Average Shares": 62507000.0,
        "Diluted EPS": 0.37,
        "Basic EPS": 0.37,
        "Diluted NI Availto Com Stockholders": 23082000.0,
        "Net Income Common Stockholders": 23082000.0,
        "Net Income": 23082000.0,
        "Net Income Including Noncontrolling Interests": 23082000.0,
        "Net Income Continuous Operations": 23082000.0,
        "Tax Provision": 7316000.0,
        "Pretax Income": 30398000.0,
        "Net Non Operating Interest Income Expense": 866000.0,
        "Total Other Finance Cost": -866000.0,
        "Interest Income Non Operating": NaN,
        "Operating Income": 29532000.0,
        "Operating Expense": 135144000.0,
        "Other Operating Expenses": 4462000.0,
        "Depreciation Amortization Depletion Income Statement": 5872000.0,
        "Depreciation And Amortization In Income Statement": 5872000.0,
        "Selling General And Administration": 124810000.0,
        "General And Administrative Expense": NaN,
        "Other Gand A": NaN,
        "Salaries And Wages": NaN,
        "Gross Profit": 164676000.0,
        "Cost Of Revenue": 253396000.0,
        "Total Revenue": 418072000.0,
        "Operating Revenue": 418072000.0
    },
    "2022-07-31": {
        "Tax Effect Of Unusual Items": 0.0,
        "Tax Rate For Calcs": 0.154,
        "Normalized EBITDA": 23543000.0,
        "Net Income From Continuing Operation Net Minority Interest": 14097000.0,
        "Reconciled Depreciation": 6998000.0,
        "Reconciled Cost Of Revenue": 307453000.0,
        "EBITDA": 23543000.0,
        "EBIT": 16545000.0,
        "Net Interest Income": 123000.0,
        "Interest Income": NaN,
        "Normalized Income": 14097000.0,
        "Net Income From Continuing And Discontinued Operation": 14097000.0,
        "Total Expenses": 435937000.0,
        "Total Operating Income As Reported": 16545000.0,
        "Diluted Average Shares": 62818000.0,
        "Basic Average Shares": 62584000.0,
        "Diluted EPS": 0.22,
        "Basic EPS": 0.23,
        "Diluted NI Availto Com Stockholders": 14097000.0,
        "Net Income Common Stockholders": 14097000.0,
        "Net Income": 14097000.0,
        "Net Income Including Noncontrolling Interests": 14097000.0,
        "Net Income Continuous Operations": 14097000.0,
        "Tax Provision": 2571000.0,
        "Pretax Income": 16668000.0,
        "Net Non Operating Interest Income Expense": 123000.0,
        "Total Other Finance Cost": -123000.0,
        "Interest Income Non Operating": NaN,
        "Operating Income": 16545000.0,
        "Operating Expense": 127065000.0,
        "Other Operating Expenses": 3020000.0,
        "Depreciation Amortization Depletion Income Statement": 5579000.0,
        "Depreciation And Amortization In Income Statement": 5579000.0,
        "Selling General And Administration": 118466000.0,
        "General And Administrative Expense": NaN,
        "Other Gand A": NaN,
        "Salaries And Wages": NaN,
        "Gross Profit": 143610000.0,
        "Cost Of Revenue": 308872000.0,
        "Total Revenue": 452482000.0,
        "Operating Revenue": 452482000.0
    },
    "2022-04-30": {
        "Diluted EPS": 0.2,
        "Total Revenue": 407,
        "Gross Profit": 141,
        "Operating Income": 17,
        "EBIT": 24,
        "Net Income": 13
    },
    "2022-01-31": {
        "Diluted EPS": 0.71,
        "Total Revenue": 501,
        "Gross Profit": 183,
        "Operating Income": 57,
        "EBIT": 64,
        "Net Income": 45
    },
    "2021-10-31": {
        "Diluted EPS": 0.36,
        "Total Revenue": 383,
        "Gross Profit": 153,
        "Operating Income": 30,
        "EBIT": 37,
        "Net Income": 23
    },
    "2021-07-31": {
        "Diluted EPS": 0.52,
        "Total Revenue": 416,
        "Gross Profit": 163,
        "Operating Income": 46,
        "EBIT": 52,
        "Net Income": 34
    },
    "2021-04-30": {
        "Diluted EPS": 0.84,
        "Total Revenue": 452,
        "Gross Profit": 183,
        "Operating Income": 71,
        "EBIT": 77,
        "Net Income": 55
    },
    "2021-01-31": {
        "Diluted EPS": 0.99,
        "Total Revenue": 516,
        "Gross Profit": 205,
        "Operating Income": 85,
        "EBIT": 91,
        "Net Income": 65
    },
    "2020-10-31": {
        "Diluted EPS": 0.68,
        "Total Revenue": 414,
        "Gross Profit": 172,
        "Operating Income": 58,
        "EBIT": 64,
        "Net Income": 45
    },
    "2020-07-31": {
        "Diluted EPS": 1.5,
        "Total Revenue": 529,
        "Gross Profit": 207,
        "Operating Income": 92,
        "EBIT": 98,
        "Net Income": 99
    },
    "2020-04-30": {
        "Diluted EPS": 0.51,
        "Total Revenue": 349,
        "Gross Profit": 140,
        "Operating Income": 43,
        "EBIT": 48,
        "Net Income": 33
    },
    "2020-01-31": {
        "Diluted EPS": 0.76,
        "Total Revenue": 422,
        "Gross Profit": 166,
        "Operating Income": 65,
        "EBIT": 69,
        "Net Income": 50
    },
    "2019-10-31": {
        "Diluted EPS": 0.41,
        "Total Revenue": 327,
        "Gross Profit": 133,
        "Operating Income": 36,
        "EBIT": 40,
        "Net Income": 27
    },
    "2019-07-31": {
        "Diluted EPS": 0.38,
        "Total Revenue": 334,
        "Gross Profit": 124,
        "Operating Income": 31,
        "EBIT": 35,
        "Net Income": 25
    },
    "2019-04-30": {
        "Diluted EPS": 0.59,
        "Total Revenue": 325,
        "Gross Profit": 133,
        "Operating Income": 41,
        "EBIT": 45,
        "Net Income": 39
    },
    "2019-01-31": {
        "Diluted EPS": 0.76,
        "Total Revenue": 394,
        "Gross Profit": 157,
        "Operating Income": 62,
        "EBIT": 66,
        "Net Income": 50
    },
    "2018-10-31": {
        "Diluted EPS": 0.38,
        "Total Revenue": 284,
        "Gross Profit": 115,
        "Operating Income": 29,
        "EBIT": 33,
        "Net Income": 25
    },
    "2018-07-31": {
        "Diluted EPS": 0.45,
        "Total Revenue": 288,
        "Gross Profit": 113,
        "Operating Income": 35,
        "EBIT": 38,
        "Net Income": 30
    },
    "2018-04-30": {
        "Diluted EPS": 0.46,
        "Total Revenue": 276,
        "Gross Profit": 113,
        "Operating Income": 36,
        "EBIT": 40,
        "Net Income": 30
    },
    "2018-01-31": {
        "Diluted EPS": 1.08,
        "Total Revenue": 357,
        "Gross Profit": 140,
        "Operating Income": 54,
        "EBIT": 58,
        "Net Income": 70
    },
    "2017-10-31": {
        "Diluted EPS": 0.29,
        "Total Revenue": 238,
        "Gross Profit": 98,
        "Operating Income": 24,
        "EBIT": 27,
        "Net Income": 19
    },
    "2017-07-31": {
        "Diluted EPS": 0.3,
        "Total Revenue": 255,
        "Gross Profit": 100,
        "Operating Income": 30,
        "EBIT": 33,
        "Net Income": 20
    },
    "2017-04-30": {
        "Diluted EPS": 0.29,
        "Total Revenue": 228,
        "Gross Profit": 93,
        "Operating Income": 27,
        "EBIT": 30,
        "Net Income": 19
    },
    "2017-01-31": {
        "Diluted EPS": 0.39,
        "Total Revenue": 283,
        "Gross Profit": 113,
        "Operating Income": 41,
        "EBIT": 44,
        "Net Income": 24
    },
    "2016-10-31": {
        "Diluted EPS": 0.17,
        "Total Revenue": 202,
        "Gross Profit": 84,
        "Operating Income": 19,
        "EBIT": 22,
        "Net Income": 10
    },
    "2016-07-31": {
        "Diluted EPS": 0.21,
        "Total Revenue": 211,
        "Gross Profit": 84,
        "Operating Income": 22,
        "EBIT": 25,
        "Net Income": 13
    },
    "2016-04-30": {
        "Diluted EPS": 0.19,
        "Total Revenue": 194,
        "Gross Profit": 79,
        "Operating Income": 21,
        "EBIT": 24,
        "Net Income": 12
    },
    "2016-01-31": {
        "Diluted EPS": 0.28,
        "Total Revenue": 243,
        "Gross Profit": 99,
        "Operating Income": 33,
        "EBIT": 36,
        "Net Income": 16
    },
    "2015-10-31": {
        "Diluted EPS": 0.11,
        "Total Revenue": 175,
        "Gross Profit": 70,
        "Operating Income": 14,
        "EBIT": 17,
        "Net Income": 7
    },
    "2015-07-31": {
        "Diluted EPS": 0.12,
        "Total Revenue": 182,
        "Gross Profit": 70,
        "Operating Income": 17,
        "EBIT": 20,
        "Net Income": 6
    },
    "2015-04-30": {
        "Diluted EPS": 0.13,
        "Total Revenue": 162,
        "Gross Profit": 64,
        "Operating Income": 15,
        "EBIT": 18,
        "Net Income": 7
    },
    "2015-01-31": {
        "Diluted EPS": 0.0,
        "Total Revenue": NaN,
        "Gross Profit": NaN,
        "Operating Income": NaN,
        "EBIT": NaN,
        "Net Income": NaN
    },
    "2014-10-31": {
        "Diluted EPS": 0.1,
        "Total Revenue": 150,
        "Gross Profit": 60,
        "Operating Income": 13,
        "EBIT": 15,
        "Net Income": 5
    },
    "2014-07-31": {
        "Diluted EPS": 0.12,
        "Total Revenue": 153,
        "Gross Profit": 59,
        "Operating Income": 14,
        "EBIT": 14,
        "Net Income": 6
    },
    "2014-01-31": {
        "Diluted EPS": 0.0,
        "Total Revenue": NaN,
        "Gross Profit": NaN,
        "Operating Income": NaN,
        "EBIT": NaN,
        "Net Income": NaN
    },
    "2023-07-31": {
        "Tax Effect Of Unusual Items": 0.0,
        "Tax Rate For Calcs": 0.245946,
        "Normalized EBITDA": 59192000.0,
        "Net Income From Continuing Operation Net Minority Interest": 42181000.0,
        "Reconciled Depreciation": 6655000.0,
        "Reconciled Cost Of Revenue": 317825000.0,
        "EBITDA": 59192000.0,
        "EBIT": 52537000.0,
        "Net Interest Income": 3402000.0,
        "Interest Income": 3402000.0,
        "Normalized Income": 42181000.0,
        "Net Income From Continuing And Discontinued Operation": 42181000.0,
        "Total Expenses": 461972000.0,
        "Total Operating Income As Reported": 52537000.0,
        "Diluted Average Shares": 62055000.0,
        "Basic Average Shares": 61768000.0,
        "Diluted EPS": 0.68,
        "Basic EPS": 0.68,
        "Diluted NI Availto Com Stockholders": 42181000.0,
        "Net Income Common Stockholders": 42181000.0,
        "Net Income": 42181000.0,
        "Net Income Including Noncontrolling Interests": 42181000.0,
        "Net Income Continuous Operations": 42181000.0,
        "Tax Provision": 13758000.0,
        "Pretax Income": 55939000.0,
        "Net Non Operating Interest Income Expense": 3402000.0,
        "Total Other Finance Cost": NaN,
        "Interest Income Non Operating": 3402000.0,
        "Operating Income": 52537000.0,
        "Operating Expense": 144147000.0,
        "Other Operating Expenses": 2869000.0,
        "Depreciation Amortization Depletion Income Statement": 6655000.0,
        "Depreciation And Amortization In Income Statement": 6655000.0,
        "Selling General And Administration": 134623000.0,
        "General And Administrative Expense": 134623000.0,
        "Other Gand A": 131523000.0,
        "Salaries And Wages": 3100000.0,
        "Gross Profit": 196684000.0,
        "Cost Of Revenue": 317825000.0,
        "Total Revenue": 514509000.0,
        "Operating Revenue": 514509000.0
    },
    "2023-10-31": {
        "Tax Effect Of Unusual Items": 0.0,
        "Tax Rate For Calcs": 0.261186,
        "Normalized EBITDA": 46134000.0,
        "Net Income From Continuing Operation Net Minority Interest": 31803000.0,
        "Reconciled Depreciation": 7065000.0,
        "Reconciled Cost Of Revenue": 285939000.0,
        "EBITDA": 46134000.0,
        "EBIT": 39069000.0,
        "Net Interest Income": 3977000.0,
        "Interest Income": 3977000.0,
        "Normalized Income": 31803000.0,
        "Net Income From Continuing And Discontinued Operation": 31803000.0,
        "Total Expenses": 440981000.0,
        "Total Operating Income As Reported": 39069000.0,
        "Diluted Average Shares": 62068000.0,
        "Basic Average Shares": 61682000.0,
        "Diluted EPS": 0.51,
        "Basic EPS": 0.52,
        "Diluted NI Availto Com Stockholders": 31803000.0,
        "Net Income Common Stockholders": 31803000.0,
        "Net Income": 31803000.0,
        "Net Income Including Noncontrolling Interests": 31803000.0,
        "Net Income Continuous Operations": 31803000.0,
        "Tax Provision": 11243000.0,
        "Pretax Income": 43046000.0,
        "Net Non Operating Interest Income Expense": 3977000.0,
        "Total Other Finance Cost": NaN,
        "Interest Income Non Operating": 3977000.0,
        "Operating Income": 39069000.0,
        "Operating Expense": 155042000.0,
        "Other Operating Expenses": 6293000.0,
        "Depreciation Amortization Depletion Income Statement": 7065000.0,
        "Depreciation And Amortization In Income Statement": 7065000.0,
        "Selling General And Administration": 141684000.0,
        "General And Administrative Expense": NaN,
        "Other Gand A": NaN,
        "Salaries And Wages": NaN,
        "Gross Profit": 194111000.0,
        "Cost Of Revenue": 285939000.0,
        "Total Revenue": 480050000.0,
        "Operating Revenue": 480050000.0
    }
}