{
    "2023-06-30": {
        "Tax Effect Of Unusual Items": -4876800.0,
        "Tax Rate For Calcs": 0.254,
        "Normalized EBITDA": 379200000.0,
        "Total Unusual Items": -19200000.0,
        "Total Unusual Items Excluding Goodwill": -19200000.0,
        "Net Income From Continuing Operation Net Minority Interest": 146900000.0,
        "Reconciled Depreciation": 136800000.0,
        "Reconciled Cost Of Revenue": 1392600000.0,
        "EBITDA": 360000000.0,
        "EBIT": 223200000.0,
        "Net Interest Income": -44200000.0,
        "Interest Expense": 45300000.0,
        "Interest Income": 1100000.0,
        "Normalized Income": 161223200.0,
        "Net Income From Continuing And Discontinued Operation": 146900000.0,
        "Total Expenses": 1466800000.0,
        "Total Operating Income As Reported": 216700000.0,
        "Diluted Average Shares": 130400000.0,
        "Basic Average Shares": 127400000.0,
        "Diluted EPS": 1.13,
        "Basic EPS": 1.15,
        "Diluted NI Availto Com Stockholders": 146900000.0,
        "Net Income Common Stockholders": 146900000.0,
        "Net Income": 146900000.0,
        "Minority Interests": 2200000.0,
        "Net Income Including Noncontrolling Interests": 144700000.0,
        "Net Income Continuous Operations": 144700000.0,
        "Tax Provision": 33200000.0,
        "Pretax Income": 177900000.0,
        "Other Income Expense": -13800000.0,
        "Other Non Operating Income Expenses": 5400000.0,
        "Special Income Charges": -19200000.0,
        "Restructuring And Mergern Acquisition": 19200000.0,
        "Net Non Operating Interest Income Expense": -44200000.0,
        "Interest Expense Non Operating": 45300000.0,
        "Interest Income Non Operating": 1100000.0,
        "Operating Income": 235900000.0,
        "Operating Expense": 74200000.0,
        "Other Operating Expenses": -27000000.0,
        "Selling General And Administration": 101200000.0,
        "Gross Profit": 310100000.0,
        "Cost Of Revenue": 1392600000.0,
        "Total Revenue": 1702700000.0,
        "Operating Revenue": 1702700000.0
    },
    "2023-03-31": {
        "Tax Effect Of Unusual Items": -14372400.0,
        "Tax Rate For Calcs": 0.236,
        "Normalized EBITDA": 435200000.0,
        "Total Unusual Items": -60900000.0,
        "Total Unusual Items Excluding Goodwill": -60900000.0,
        "Net Income From Continuing Operation Net Minority Interest": 154000000.0,
        "Reconciled Depreciation": 137100000.0,
        "Reconciled Cost Of Revenue": 1441700000.0,
        "EBITDA": 374300000.0,
        "EBIT": 237200000.0,
        "Net Interest Income": -41300000.0,
        "Interest Expense": 42400000.0,
        "Interest Income": 1100000.0,
        "Normalized Income": 200527600.0,
        "Net Income From Continuing And Discontinued Operation": 154000000.0,
        "Total Expenses": 1553000000.0,
        "Total Operating Income As Reported": 230400000.0,
        "Diluted Average Shares": 134400000.0,
        "Basic Average Shares": 131000000.0,
        "Diluted EPS": 1.16,
        "Basic EPS": 1.19,
        "Diluted NI Availto Com Stockholders": 154000000.0,
        "Net Income Common Stockholders": 154000000.0,
        "Net Income": 154000000.0,
        "Minority Interests": NaN,
        "Net Income Including Noncontrolling Interests": 154000000.0,
        "Net Income Continuous Operations": 154000000.0,
        "Tax Provision": 40800000.0,
        "Pretax Income": 194800000.0,
        "Other Income Expense": -55200000.0,
        "Other Non Operating Income Expenses": 5700000.0,
        "Special Income Charges": -60900000.0,
        "Restructuring And Mergern Acquisition": 60900000.0,
        "Net Non Operating Interest Income Expense": -41300000.0,
        "Interest Expense Non Operating": 42400000.0,
        "Interest Income Non Operating": 1100000.0,
        "Operating Income": 291300000.0,
        "Operating Expense": 111300000.0,
        "Other Operating Expenses": -500000.0,
        "Selling General And Administration": 111800000.0,
        "Gross Profit": 402600000.0,
        "Cost Of Revenue": 1441700000.0,
        "Total Revenue": 1844300000.0,
        "Operating Revenue": 1844300000.0
    },
    "2022-12-31": {
        "Tax Effect Of Unusual Items": -2129614.438064,
        "Tax Rate For Calcs": 0.193601,
        "Normalized EBITDA": 443800000.0,
        "Total Unusual Items": -11000000.0,
        "Total Unusual Items Excluding Goodwill": -11000000.0,
        "Net Income From Continuing Operation Net Minority Interest": 196600000.0,
        "Reconciled Depreciation": 148500000.0,
        "Reconciled Cost Of Revenue": 1594500000.0,
        "EBITDA": 432800000.0,
        "EBIT": 284300000.0,
        "Net Interest Income": -39500000.0,
        "Interest Expense": 40500000.0,
        "Interest Income": 1000000.0,
        "Normalized Income": 205470385.561936,
        "Net Income From Continuing And Discontinued Operation": 196600000.0,
        "Total Expenses": 1692400000.0,
        "Total Operating Income As Reported": 273600000.0,
        "Diluted Average Shares": 137700000.0,
        "Basic Average Shares": 134500000.0,
        "Diluted EPS": 1.43,
        "Basic EPS": 1.46,
        "Diluted NI Availto Com Stockholders": 196600000.0,
        "Net Income Common Stockholders": 196600000.0,
        "Net Income": 196600000.0,
        "Minority Interests": NaN,
        "Net Income Including Noncontrolling Interests": 196600000.0,
        "Net Income Continuous Operations": 196600000.0,
        "Tax Provision": 47200000.0,
        "Pretax Income": 243800000.0,
        "Other Income Expense": -1300000.0,
        "Other Non Operating Income Expenses": 9700000.0,
        "Special Income Charges": -11000000.0,
        "Restructuring And Mergern Acquisition": 11000000.0,
        "Net Non Operating Interest Income Expense": -39500000.0,
        "Interest Expense Non Operating": 40500000.0,
        "Interest Income Non Operating": 1000000.0,
        "Operating Income": 284600000.0,
        "Operating Expense": 97900000.0,
        "Other Operating Expenses": 0.0,
        "Selling General And Administration": 97900000.0,
        "Gross Profit": 382500000.0,
        "Cost Of Revenue": 1594500000.0,
        "Total Revenue": 1977000000.0,
        "Operating Revenue": 1977000000.0
    },
    "2022-09-30": {
        "Tax Effect Of Unusual Items": -1088665.398206,
        "Tax Rate For Calcs": 0.143245,
        "Normalized EBITDA": 561300000.0,
        "Total Unusual Items": -7600000.0,
        "Total Unusual Items Excluding Goodwill": -7600000.0,
        "Net Income From Continuing Operation Net Minority Interest": 315200000.0,
        "Reconciled Depreciation": 149800000.0,
        "Reconciled Cost Of Revenue": 1840900000.0,
        "EBITDA": 553700000.0,
        "EBIT": 403900000.0,
        "Net Interest Income": -35500000.0,
        "Interest Expense": 36000000.0,
        "Interest Income": 500000.0,
        "Normalized Income": 321711334.601794,
        "Net Income From Continuing And Discontinued Operation": 315200000.0,
        "Total Expenses": 1920600000.0,
        "Total Operating Income As Reported": 393500000.0,
        "Diluted Average Shares": 144300000.0,
        "Basic Average Shares": 141200000.0,
        "Diluted EPS": 2.18,
        "Basic EPS": 2.23,
        "Diluted NI Availto Com Stockholders": 315200000.0,
        "Net Income Common Stockholders": 315200000.0,
        "Net Income": 315200000.0,
        "Minority Interests": NaN,
        "Net Income Including Noncontrolling Interests": 315200000.0,
        "Net Income Continuous Operations": 315200000.0,
        "Tax Provision": 52700000.0,
        "Pretax Income": 367900000.0,
        "Other Income Expense": 2300000.0,
        "Other Non Operating Income Expenses": 9900000.0,
        "Special Income Charges": -7600000.0,
        "Gain On Sale Of Ppe": NaN,
        "Impairment Of Capital Assets": NaN,
        "Restructuring And Mergern Acquisition": 7600000.0,
        "Net Non Operating Interest Income Expense": -35500000.0,
        "Interest Expense Non Operating": 36000000.0,
        "Interest Income Non Operating": 500000.0,
        "Operating Income": 401100000.0,
        "Operating Expense": 79700000.0,
        "Other Operating Expenses": -13000000.0,
        "Selling General And Administration": 92700000.0,
        "Gross Profit": 480800000.0,
        "Cost Of Revenue": 1840900000.0,
        "Total Revenue": 2321700000.0,
        "Operating Revenue": 2321700000.0
    },
    "2022-06-30": {
        "Tax Effect Of Unusual Items": -789643.055299,
        "Tax Rate For Calcs": 0.219345,
        "Normalized EBITDA": 727600000.0,
        "Total Unusual Items": -3600000.0,
        "Total Unusual Items Excluding Goodwill": -3600000.0,
        "Net Income From Continuing Operation Net Minority Interest": 422100000.0,
        "Reconciled Depreciation": 148800000.0,
        "Reconciled Cost Of Revenue": 1951400000.0,
        "EBITDA": 724000000.0,
        "EBIT": 575200000.0,
        "Net Interest Income": -34200000.0,
        "Interest Expense": 34500000.0,
        "Interest Income": 300000.0,
        "Normalized Income": 424910356.944701,
        "Net Income From Continuing And Discontinued Operation": 422100000.0,
        "Total Expenses": 2047100000.0,
        "Total Operating Income As Reported": 565400000.0,
        "Diluted Average Shares": 152800000.0,
        "Basic Average Shares": 149200000.0,
        "Diluted EPS": 2.76,
        "Basic EPS": 2.83,
        "Diluted NI Availto Com Stockholders": 422100000.0,
        "Net Income Common Stockholders": 422100000.0,
        "Net Income": 422100000.0,
        "Minority Interests": NaN,
        "Net Income Including Noncontrolling Interests": 422100000.0,
        "Net Income Continuous Operations": 422100000.0,
        "Tax Provision": 118600000.0,
        "Pretax Income": 540700000.0,
        "Other Income Expense": 5900000.0,
        "Other Non Operating Income Expenses": 9500000.0,
        "Special Income Charges": -3600000.0,
        "Gain On Sale Of Ppe": NaN,
        "Impairment Of Capital Assets": NaN,
        "Restructuring And Mergern Acquisition": 3600000.0,
        "Net Non Operating Interest Income Expense": -34200000.0,
        "Interest Expense Non Operating": 34500000.0,
        "Interest Income Non Operating": 300000.0,
        "Operating Income": 569000000.0,
        "Operating Expense": 95700000.0,
        "Other Operating Expenses": -3300000.0,
        "Selling General And Administration": 99000000.0,
        "Gross Profit": 664700000.0,
        "Cost Of Revenue": 1951400000.0,
        "Total Revenue": 2616100000.0,
        "Operating Revenue": 2616100000.0
    },
    "2022-03-31": {
        "Diluted EPS": 2.48,
        "Total Revenue": NaN,
        "Gross Profit": 654,
        "Operating Income": 547,
        "EBIT": 698,
        "Net Income": 393
    },
    "2021-12-31": {
        "Diluted EPS": 1.9,
        "Total Revenue": NaN,
        "Gross Profit": 630,
        "Operating Income": 526,
        "EBIT": 676,
        "Net Income": 307
    },
    "2021-09-30": {
        "Diluted EPS": 2.38,
        "Total Revenue": NaN,
        "Gross Profit": 660,
        "Operating Income": 549,
        "EBIT": 694,
        "Net Income": 391
    },
    "2021-06-30": {
        "Diluted EPS": 2.17,
        "Total Revenue": NaN,
        "Gross Profit": 509,
        "Operating Income": 395,
        "EBIT": 537,
        "Net Income": 356
    },
    "2021-03-31": {
        "Diluted EPS": 1.51,
        "Total Revenue": NaN,
        "Gross Profit": 495,
        "Operating Income": 381,
        "EBIT": 526,
        "Net Income": 244
    },
    "2020-12-31": {
        "Diluted EPS": -0.2,
        "Total Revenue": NaN,
        "Gross Profit": 197,
        "Operating Income": 80,
        "EBIT": 224,
        "Net Income": -33
    },
    "2020-09-30": {
        "Diluted EPS": -4.67,
        "Total Revenue": NaN,
        "Gross Profit": 130,
        "Operating Income": -684,
        "EBIT": 158,
        "Net Income": -737
    },
    "2020-06-30": {
        "Diluted EPS": -0.76,
        "Total Revenue": NaN,
        "Gross Profit": 6,
        "Operating Income": -96,
        "EBIT": 41,
        "Net Income": -120
    },
    "2020-03-31": {
        "Diluted EPS": -0.51,
        "Total Revenue": NaN,
        "Gross Profit": 51,
        "Operating Income": -48,
        "EBIT": 99,
        "Net Income": -80
    },
    "2019-12-31": {
        "Diluted EPS": -0.47,
        "Total Revenue": NaN,
        "Gross Profit": 117,
        "Operating Income": -49,
        "EBIT": 88,
        "Net Income": -77
    },
    "2019-09-30": {
        "Diluted EPS": 0.27,
        "Total Revenue": NaN,
        "Gross Profit": 219,
        "Operating Income": 103,
        "EBIT": 259,
        "Net Income": 44
    },
    "2019-06-30": {
        "Diluted EPS": -0.12,
        "Total Revenue": NaN,
        "Gross Profit": 129,
        "Operating Income": 29,
        "EBIT": 180,
        "Net Income": -20
    },
    "2019-03-31": {
        "Diluted EPS": 0.25,
        "Total Revenue": NaN,
        "Gross Profit": 206,
        "Operating Income": 95,
        "EBIT": 248,
        "Net Income": 42
    },
    "2018-12-31": {
        "Diluted EPS": 0.32,
        "Total Revenue": NaN,
        "Gross Profit": 244,
        "Operating Income": 127,
        "EBIT": 277,
        "Net Income": 53
    },
    "2018-09-30": {
        "Diluted EPS": 1.16,
        "Total Revenue": NaN,
        "Gross Profit": 431,
        "Operating Income": 315,
        "EBIT": 468,
        "Net Income": 195
    },
    "2018-06-30": {
        "Diluted EPS": 0.35,
        "Total Revenue": NaN,
        "Gross Profit": 268,
        "Operating Income": 151,
        "EBIT": 301,
        "Net Income": 59
    },
    "2018-03-31": {
        "Diluted EPS": 0.12,
        "Total Revenue": NaN,
        "Gross Profit": 182,
        "Operating Income": 85,
        "EBIT": 232,
        "Net Income": 21
    },
    "2017-12-31": {
        "Diluted EPS": 2.91,
        "Total Revenue": NaN,
        "Gross Profit": 220,
        "Operating Income": 110,
        "EBIT": 258,
        "Net Income": 489
    },
    "2017-09-30": {
        "Diluted EPS": 0.31,
        "Total Revenue": NaN,
        "Gross Profit": 206,
        "Operating Income": 104,
        "EBIT": 243,
        "Net Income": 53
    },
    "2017-06-30": {
        "Diluted EPS": -0.04,
        "Total Revenue": NaN,
        "Gross Profit": 119,
        "Operating Income": 21,
        "EBIT": 158,
        "Net Income": -6
    },
    "2017-03-31": {
        "Diluted EPS": 0.08,
        "Total Revenue": NaN,
        "Gross Profit": 170,
        "Operating Income": 61,
        "EBIT": 196,
        "Net Income": 13
    },
    "2016-12-31": {
        "Diluted EPS": 0.11,
        "Total Revenue": NaN,
        "Gross Profit": 138,
        "Operating Income": 24,
        "EBIT": 160,
        "Net Income": 18
    },
    "2016-09-30": {
        "Diluted EPS": 0.11,
        "Total Revenue": NaN,
        "Gross Profit": 168,
        "Operating Income": 68,
        "EBIT": 203,
        "Net Income": 18
    },
    "2016-06-30": {
        "Diluted EPS": -0.01,
        "Total Revenue": NaN,
        "Gross Profit": 127,
        "Operating Income": 23,
        "EBIT": 156,
        "Net Income": -1
    },
    "2016-03-31": {
        "Diluted EPS": -0.23,
        "Total Revenue": NaN,
        "Gross Profit": 173,
        "Operating Income": -7,
        "EBIT": 122,
        "Net Income": -38
    },
    "2015-12-31": {
        "Diluted EPS": -0.8,
        "Total Revenue": NaN,
        "Gross Profit": 119,
        "Operating Income": -29,
        "EBIT": 95,
        "Net Income": -63
    },
    "2015-09-30": {
        "Diluted EPS": 0.08,
        "Total Revenue": 534,
        "Gross Profit": 74,
        "Operating Income": 23,
        "EBIT": 59,
        "Net Income": 6
    },
    "2015-06-30": {
        "Diluted EPS": 0.54,
        "Total Revenue": 535,
        "Gross Profit": 90,
        "Operating Income": 81,
        "EBIT": 116,
        "Net Income": 42
    },
    "2015-03-31": {
        "Diluted EPS": 0.17,
        "Total Revenue": 518,
        "Gross Profit": 85,
        "Operating Income": 26,
        "EBIT": 60,
        "Net Income": 13
    },
    "2014-12-31": {
        "Diluted EPS": 0.16,
        "Total Revenue": 500,
        "Gross Profit": 78,
        "Operating Income": 26,
        "EBIT": 60,
        "Net Income": 13
    },
    "2014-09-30": {
        "Diluted EPS": 0.33,
        "Total Revenue": 594,
        "Gross Profit": 101,
        "Operating Income": 57,
        "EBIT": 92,
        "Net Income": 26
    },
    "2014-06-30": {
        "Diluted EPS": 0.47,
        "Total Revenue": 570,
        "Gross Profit": 107,
        "Operating Income": 64,
        "EBIT": 99,
        "Net Income": 37
    },
    "2014-03-31": {
        "Diluted EPS": 0.37,
        "Total Revenue": 577,
        "Gross Profit": 102,
        "Operating Income": 57,
        "EBIT": 91,
        "Net Income": 30
    },
    "2013-12-31": {
        "Diluted EPS": 0.31,
        "Total Revenue": 562,
        "Gross Profit": 92,
        "Operating Income": 35,
        "EBIT": 69,
        "Net Income": 25
    },
    "2013-09-30": {
        "Diluted EPS": 0.86,
        "Total Revenue": 671,
        "Gross Profit": 142,
        "Operating Income": 104,
        "EBIT": 138,
        "Net Income": 70
    },
    "2013-06-30": {
        "Diluted EPS": 0.54,
        "Total Revenue": 652,
        "Gross Profit": 121,
        "Operating Income": 74,
        "EBIT": 108,
        "Net Income": 44
    },
    "2013-03-31": {
        "Diluted EPS": 0.5,
        "Total Revenue": 630,
        "Gross Profit": 126,
        "Operating Income": 74,
        "EBIT": 107,
        "Net Income": 41
    },
    "2012-12-31": {
        "Diluted EPS": 0.43,
        "Total Revenue": 588,
        "Gross Profit": 100,
        "Operating Income": 66,
        "EBIT": 98,
        "Net Income": 35
    },
    "2012-09-30": {
        "Diluted EPS": 0.35,
        "Total Revenue": 581,
        "Gross Profit": 105,
        "Operating Income": 54,
        "EBIT": 80,
        "Net Income": 29
    },
    "2012-06-30": {
        "Diluted EPS": 0.59,
        "Total Revenue": 509,
        "Gross Profit": 117,
        "Operating Income": 70,
        "EBIT": 97,
        "Net Income": 48
    },
    "2012-03-31": {
        "Diluted EPS": 0.48,
        "Total Revenue": 507,
        "Gross Profit": 114,
        "Operating Income": 69,
        "EBIT": 95,
        "Net Income": 39
    },
    "2011-12-31": {
        "Diluted EPS": 0.23,
        "Total Revenue": 446,
        "Gross Profit": 78,
        "Operating Income": 37,
        "EBIT": 62,
        "Net Income": 19
    },
    "2011-09-30": {
        "Diluted EPS": 0.58,
        "Total Revenue": 550,
        "Gross Profit": 118,
        "Operating Income": 78,
        "EBIT": 103,
        "Net Income": 47
    },
    "2011-06-30": {
        "Diluted EPS": 0.52,
        "Total Revenue": 529,
        "Gross Profit": 115,
        "Operating Income": 71,
        "EBIT": 96,
        "Net Income": 42
    },
    "2011-03-31": {
        "Diluted EPS": 1.66,
        "Total Revenue": 436,
        "Gross Profit": 77,
        "Operating Income": 39,
        "EBIT": 62,
        "Net Income": 134
    },
    "2010-12-31": {
        "Diluted EPS": 0.02,
        "Total Revenue": 385,
        "Gross Profit": 62,
        "Operating Income": -5,
        "EBIT": 17,
        "Net Income": 2
    },
    "2010-09-30": {
        "Diluted EPS": 0.4,
        "Total Revenue": 433,
        "Gross Profit": 66,
        "Operating Income": 33,
        "EBIT": 55,
        "Net Income": 32
    },
    "2010-06-30": {
        "Diluted EPS": 0.21,
        "Total Revenue": 406,
        "Gross Profit": 58,
        "Operating Income": 22,
        "EBIT": 44,
        "Net Income": 17
    },
    "2010-03-31": {
        "Diluted EPS": 0.18,
        "Total Revenue": 362,
        "Gross Profit": 50,
        "Operating Income": 20,
        "EBIT": 41,
        "Net Income": 14
    },
    "2009-12-31": {
        "Diluted EPS": 0.27,
        "Total Revenue": 351,
        "Gross Profit": 63,
        "Operating Income": 36,
        "EBIT": 57,
        "Net Income": 22
    },
    "2009-09-30": {
        "Diluted EPS": 0.5,
        "Total Revenue": 397,
        "Gross Profit": 81,
        "Operating Income": 51,
        "EBIT": 68,
        "Net Income": 39
    },
    "2009-06-30": {
        "Diluted EPS": 0.36,
        "Total Revenue": 383,
        "Gross Profit": 71,
        "Operating Income": 35,
        "EBIT": 52,
        "Net Income": 28
    },
    "2009-03-31": {
        "Diluted EPS": 0.6,
        "Total Revenue": 401,
        "Gross Profit": 94,
        "Operating Income": 61,
        "EBIT": 77,
        "Net Income": 47
    },
    "2023-09-30": {
        "Tax Effect Of Unusual Items": -2760800.0,
        "Tax Rate For Calcs": 0.232,
        "Normalized EBITDA": 315800000.0,
        "Total Unusual Items": -11900000.0,
        "Total Unusual Items Excluding Goodwill": -11900000.0,
        "Net Income From Continuing Operation Net Minority Interest": 104100000.0,
        "Reconciled Depreciation": 131000000.0,
        "Reconciled Cost Of Revenue": 1402300000.0,
        "EBITDA": 303900000.0,
        "EBIT": 172900000.0,
        "Net Interest Income": -45200000.0,
        "Interest Expense": 46200000.0,
        "Interest Income": 1000000.0,
        "Normalized Income": 113239200.0,
        "Net Income From Continuing And Discontinued Operation": 104100000.0,
        "Total Expenses": 1493500000.0,
        "Total Operating Income As Reported": 166000000.0,
        "Diluted Average Shares": 127000000.0,
        "Basic Average Shares": 124200000.0,
        "Diluted EPS": 0.82,
        "Basic EPS": 0.84,
        "Diluted NI Availto Com Stockholders": 104100000.0,
        "Net Income Common Stockholders": 104100000.0,
        "Net Income": 104100000.0,
        "Minority Interests": -400000.0,
        "Net Income Including Noncontrolling Interests": 104500000.0,
        "Net Income Continuous Operations": 104500000.0,
        "Tax Provision": 22200000.0,
        "Pretax Income": 126700000.0,
        "Other Income Expense": -6000000.0,
        "Other Non Operating Income Expenses": 5900000.0,
        "Special Income Charges": -11900000.0,
        "Restructuring And Mergern Acquisition": 11900000.0,
        "Net Non Operating Interest Income Expense": -45200000.0,
        "Interest Expense Non Operating": 46200000.0,
        "Interest Income Non Operating": 1000000.0,
        "Operating Income": 177900000.0,
        "Operating Expense": 91200000.0,
        "Other Operating Expenses": 300000.0,
        "Selling General And Administration": 90900000.0,
        "Gross Profit": 269100000.0,
        "Cost Of Revenue": 1402300000.0,
        "Total Revenue": 1671400000.0,
        "Operating Revenue": 1671400000.0
    }
}