{
    "2023-03-31": {
        "Tax Effect Of Unusual Items": NaN,
        "Tax Rate For Calcs": NaN,
        "Normalized EBITDA": NaN,
        "Total Unusual Items": 0.0,
        "Total Unusual Items Excluding Goodwill": 0.0,
        "Net Income From Continuing Operation Net Minority Interest": NaN,
        "Reconciled Depreciation": NaN,
        "Reconciled Cost Of Revenue": NaN,
        "EBITDA": NaN,
        "EBIT": NaN,
        "Net Interest Income": NaN,
        "Interest Expense": NaN,
        "Interest Income": 3375000.0,
        "Normalized Income": NaN,
        "Net Income From Continuing And Discontinued Operation": NaN,
        "Total Expenses": NaN,
        "Total Operating Income As Reported": NaN,
        "Diluted Average Shares": 683485182.0,
        "Basic Average Shares": 651730993.0,
        "Diluted EPS": 0.03,
        "Basic EPS": 0.03,
        "Diluted NI Availto Com Stockholders": NaN,
        "Net Income Common Stockholders": NaN,
        "Net Income": NaN,
        "Net Income Including Noncontrolling Interests": NaN,
        "Net Income Continuous Operations": NaN,
        "Tax Provision": NaN,
        "Pretax Income": NaN,
        "Other Income Expense": NaN,
        "Other Non Operating Income Expenses": NaN,
        "Special Income Charges": 0.0,
        "Other Special Charges": NaN,
        "Net Non Operating Interest Income Expense": NaN,
        "Interest Expense Non Operating": NaN,
        "Interest Income Non Operating": 3375000.0,
        "Operating Income": NaN,
        "Operating Expense": NaN,
        "Depreciation Amortization Depletion Income Statement": NaN,
        "Depreciation And Amortization In Income Statement": NaN,
        "Amortization": NaN,
        "Amortization Of Intangibles Income Statement": NaN,
        "Selling General And Administration": NaN,
        "Gross Profit": NaN,
        "Cost Of Revenue": NaN,
        "Total Revenue": NaN,
        "Operating Revenue": NaN
    },
    "2022-12-31": {
        "Tax Effect Of Unusual Items": NaN,
        "Tax Rate For Calcs": NaN,
        "Normalized EBITDA": NaN,
        "Total Unusual Items": 0.0,
        "Total Unusual Items Excluding Goodwill": 0.0,
        "Net Income From Continuing Operation Net Minority Interest": NaN,
        "Reconciled Depreciation": NaN,
        "Reconciled Cost Of Revenue": NaN,
        "EBITDA": NaN,
        "EBIT": NaN,
        "Net Interest Income": NaN,
        "Interest Expense": NaN,
        "Interest Income": NaN,
        "Normalized Income": NaN,
        "Net Income From Continuing And Discontinued Operation": NaN,
        "Total Expenses": NaN,
        "Total Operating Income As Reported": NaN,
        "Diluted Average Shares": NaN,
        "Basic Average Shares": NaN,
        "Diluted EPS": NaN,
        "Basic EPS": NaN,
        "Diluted NI Availto Com Stockholders": NaN,
        "Net Income Common Stockholders": NaN,
        "Net Income": NaN,
        "Net Income Including Noncontrolling Interests": NaN,
        "Net Income Continuous Operations": NaN,
        "Tax Provision": NaN,
        "Pretax Income": NaN,
        "Other Income Expense": NaN,
        "Other Non Operating Income Expenses": NaN,
        "Special Income Charges": 0.0,
        "Other Special Charges": 0.0,
        "Net Non Operating Interest Income Expense": NaN,
        "Interest Expense Non Operating": NaN,
        "Interest Income Non Operating": NaN,
        "Operating Income": NaN,
        "Operating Expense": NaN,
        "Depreciation Amortization Depletion Income Statement": NaN,
        "Depreciation And Amortization In Income Statement": NaN,
        "Amortization": NaN,
        "Amortization Of Intangibles Income Statement": NaN,
        "Selling General And Administration": NaN,
        "Gross Profit": NaN,
        "Cost Of Revenue": NaN,
        "Total Revenue": NaN,
        "Operating Revenue": NaN
    },
    "2022-09-30": {
        "Tax Effect Of Unusual Items": 0.0,
        "Tax Rate For Calcs": 0.2,
        "Normalized EBITDA": 97993000.0,
        "Total Unusual Items": 0.0,
        "Total Unusual Items Excluding Goodwill": 0.0,
        "Net Income From Continuing Operation Net Minority Interest": 60763000.0,
        "Reconciled Depreciation": 11552000.0,
        "Reconciled Cost Of Revenue": 45403000.0,
        "EBITDA": 97993000.0,
        "EBIT": 86441000.0,
        "Net Interest Income": -10499000.0,
        "Interest Expense": 10499000.0,
        "Normalized Income": 60763000.0,
        "Net Income From Continuing And Discontinued Operation": 60763000.0,
        "Total Expenses": 87762000.0,
        "Total Operating Income As Reported": 88692000.0,
        "Diluted Average Shares": 691257654.0,
        "Basic Average Shares": 649099780.0,
        "Diluted EPS": 0.09,
        "Basic EPS": 0.09,
        "Diluted NI Availto Com Stockholders": 60763000.0,
        "Net Income Common Stockholders": 60763000.0,
        "Net Income": 60763000.0,
        "Net Income Including Noncontrolling Interests": 60763000.0,
        "Net Income Continuous Operations": 60763000.0,
        "Tax Provision": 15179000.0,
        "Pretax Income": 75942000.0,
        "Other Income Expense": -2251000.0,
        "Other Non Operating Income Expenses": -2251000.0,
        "Special Income Charges": 0.0,
        "Other Special Charges": NaN,
        "Net Non Operating Interest Income Expense": -10499000.0,
        "Interest Expense Non Operating": 10499000.0,
        "Operating Income": 88692000.0,
        "Operating Expense": 41136000.0,
        "Other Taxes": NaN,
        "Depreciation Amortization Depletion Income Statement": 10329000.0,
        "Depreciation And Amortization In Income Statement": 10329000.0,
        "Amortization": 10329000.0,
        "Amortization Of Intangibles Income Statement": 10329000.0,
        "Selling General And Administration": 30807000.0,
        "Gross Profit": 129828000.0,
        "Cost Of Revenue": 46626000.0,
        "Total Revenue": 176454000.0,
        "Operating Revenue": 176454000.0
    },
    "2022-06-30": {
        "Tax Effect Of Unusual Items": 0.0,
        "Tax Rate For Calcs": 0.203,
        "Normalized EBITDA": 131352000.0,
        "Total Unusual Items": 0.0,
        "Total Unusual Items Excluding Goodwill": 0.0,
        "Net Income From Continuing Operation Net Minority Interest": 87715000.0,
        "Reconciled Depreciation": 12552000.0,
        "Reconciled Cost Of Revenue": 52216000.0,
        "EBITDA": 131352000.0,
        "EBIT": 118800000.0,
        "Net Interest Income": -8694000.0,
        "Interest Expense": 8694000.0,
        "Normalized Income": 87715000.0,
        "Net Income From Continuing And Discontinued Operation": 87715000.0,
        "Total Expenses": 90879000.0,
        "Total Operating Income As Reported": 120024000.0,
        "Diluted Average Shares": 691365072.0,
        "Basic Average Shares": 648973952.0,
        "Diluted EPS": 0.13,
        "Basic EPS": 0.14,
        "Diluted NI Availto Com Stockholders": 87715000.0,
        "Net Income Common Stockholders": 87715000.0,
        "Net Income": 87715000.0,
        "Net Income Including Noncontrolling Interests": 87715000.0,
        "Net Income Continuous Operations": 87715000.0,
        "Tax Provision": 22391000.0,
        "Pretax Income": 110106000.0,
        "Other Income Expense": -1224000.0,
        "Other Non Operating Income Expenses": -1224000.0,
        "Special Income Charges": 0.0,
        "Other Special Charges": NaN,
        "Net Non Operating Interest Income Expense": -8694000.0,
        "Interest Expense Non Operating": 8694000.0,
        "Operating Income": 120024000.0,
        "Operating Expense": 36406000.0,
        "Other Taxes": NaN,
        "Depreciation Amortization Depletion Income Statement": 10295000.0,
        "Depreciation And Amortization In Income Statement": 10295000.0,
        "Amortization": 10295000.0,
        "Amortization Of Intangibles Income Statement": 10295000.0,
        "Selling General And Administration": 26111000.0,
        "Gross Profit": 156430000.0,
        "Cost Of Revenue": 54473000.0,
        "Total Revenue": 210903000.0,
        "Operating Revenue": 210903000.0
    },
    "2022-03-31": {
        "Diluted EPS": 0.09,
        "Total Revenue": 186,
        "Gross Profit": 141,
        "Operating Income": 109,
        "EBIT": 121,
        "Net Income": 62
    },
    "2021-12-31": {
        "Diluted EPS": 0.09,
        "Total Revenue": 166,
        "Gross Profit": 132,
        "Operating Income": 98,
        "EBIT": 111,
        "Net Income": 69
    },
    "2021-09-30": {
        "Diluted EPS": 0.08,
        "Total Revenue": 162,
        "Gross Profit": 127,
        "Operating Income": 87,
        "EBIT": 100,
        "Net Income": 57
    },
    "2021-06-30": {
        "Diluted EPS": 0.08,
        "Total Revenue": 152,
        "Gross Profit": 121,
        "Operating Income": 77,
        "EBIT": 90,
        "Net Income": 49
    },
    "2021-03-31": {
        "Diluted EPS": 0.07,
        "Total Revenue": 118,
        "Gross Profit": 94,
        "Operating Income": 72,
        "EBIT": 85,
        "Net Income": 46
    },
    "2020-12-31": {
        "Diluted EPS": 0.0,
        "Total Revenue": NaN,
        "Gross Profit": NaN,
        "Operating Income": NaN,
        "EBIT": NaN,
        "Net Income": NaN
    },
    "2020-09-30": {
        "Diluted EPS": 0.04,
        "Total Revenue": 89,
        "Gross Profit": 63,
        "Operating Income": 44,
        "EBIT": 44,
        "Net Income": 28
    },
    "2019-12-31": {
        "Diluted EPS": 0.0,
        "Total Revenue": NaN,
        "Gross Profit": NaN,
        "Operating Income": NaN,
        "EBIT": NaN,
        "Net Income": NaN
    },
    "2023-06-30": {
        "Tax Effect Of Unusual Items": 0.0,
        "Tax Rate For Calcs": 0.226,
        "Normalized EBITDA": 35029000.0,
        "Total Unusual Items": 0.0,
        "Total Unusual Items Excluding Goodwill": 0.0,
        "Net Income From Continuing Operation Net Minority Interest": 6156000.0,
        "Reconciled Depreciation": 12402000.0,
        "Reconciled Cost Of Revenue": 29667000.0,
        "EBITDA": 35029000.0,
        "EBIT": 22627000.0,
        "Net Interest Income": -10206000.0,
        "Interest Expense": 14674000.0,
        "Interest Income": 4468000.0,
        "Normalized Income": 6156000.0,
        "Net Income From Continuing And Discontinued Operation": 6156000.0,
        "Total Expenses": 90482000.0,
        "Total Operating Income As Reported": 18759000.0,
        "Diluted Average Shares": 680349161.0,
        "Basic Average Shares": 654345056.0,
        "Diluted EPS": 0.01,
        "Basic EPS": 0.01,
        "Diluted NI Availto Com Stockholders": 6156000.0,
        "Net Income Common Stockholders": 6156000.0,
        "Net Income": 6156000.0,
        "Net Income Including Noncontrolling Interests": 6156000.0,
        "Net Income Continuous Operations": 6156000.0,
        "Tax Provision": 1797000.0,
        "Pretax Income": 7953000.0,
        "Other Income Expense": -600000.0,
        "Other Non Operating Income Expenses": -600000.0,
        "Special Income Charges": 0.0,
        "Other Special Charges": NaN,
        "Net Non Operating Interest Income Expense": -10206000.0,
        "Interest Expense Non Operating": 14674000.0,
        "Interest Income Non Operating": 4468000.0,
        "Operating Income": 18759000.0,
        "Operating Expense": 58737000.0,
        "Depreciation Amortization Depletion Income Statement": 10324000.0,
        "Depreciation And Amortization In Income Statement": 10324000.0,
        "Amortization": 10324000.0,
        "Amortization Of Intangibles Income Statement": 10324000.0,
        "Selling General And Administration": 48413000.0,
        "Gross Profit": 77496000.0,
        "Cost Of Revenue": 31745000.0,
        "Total Revenue": 109241000.0,
        "Operating Revenue": 109241000.0
    },
    "2023-09-30": {
        "Tax Effect Of Unusual Items": 0.0,
        "Tax Rate For Calcs": 0.224,
        "Normalized EBITDA": 48851000.0,
        "Total Unusual Items": 0.0,
        "Total Unusual Items Excluding Goodwill": 0.0,
        "Net Income From Continuing Operation Net Minority Interest": 20366000.0,
        "Reconciled Depreciation": 13084000.0,
        "Reconciled Cost Of Revenue": 37301000.0,
        "EBITDA": 48851000.0,
        "EBIT": 35767000.0,
        "Net Interest Income": -9510000.0,
        "Interest Expense": 9510000.0,
        "Interest Income": NaN,
        "Normalized Income": 20366000.0,
        "Net Income From Continuing And Discontinued Operation": 20366000.0,
        "Total Expenses": 86818000.0,
        "Total Operating Income As Reported": 36737000.0,
        "Diluted Average Shares": 678758020.0,
        "Basic Average Shares": 654702392.0,
        "Diluted EPS": 0.03,
        "Basic EPS": 0.03,
        "Diluted NI Availto Com Stockholders": 20366000.0,
        "Net Income Common Stockholders": 20366000.0,
        "Net Income": 20366000.0,
        "Net Income Including Noncontrolling Interests": 20366000.0,
        "Net Income Continuous Operations": 20366000.0,
        "Tax Provision": 5891000.0,
        "Pretax Income": 26257000.0,
        "Other Income Expense": -970000.0,
        "Other Non Operating Income Expenses": -970000.0,
        "Special Income Charges": 0.0,
        "Other Special Charges": NaN,
        "Net Non Operating Interest Income Expense": -9510000.0,
        "Interest Expense Non Operating": 9510000.0,
        "Interest Income Non Operating": NaN,
        "Operating Income": 36737000.0,
        "Operating Expense": 46811000.0,
        "Depreciation Amortization Depletion Income Statement": 10378000.0,
        "Depreciation And Amortization In Income Statement": 10378000.0,
        "Amortization": 10378000.0,
        "Amortization Of Intangibles Income Statement": 10378000.0,
        "Selling General And Administration": 36433000.0,
        "Gross Profit": 83548000.0,
        "Cost Of Revenue": 40007000.0,
        "Total Revenue": 123555000.0,
        "Operating Revenue": 123555000.0
    },
    "2023-12-31": {
        "Tax Effect Of Unusual Items": 0.0,
        "Tax Rate For Calcs": 0.182456,
        "Normalized EBITDA": 57568000.0,
        "Total Unusual Items": 0.0,
        "Total Unusual Items Excluding Goodwill": 0.0,
        "Net Income From Continuing Operation Net Minority Interest": 14101000.0,
        "Reconciled Depreciation": 12625000.0,
        "Reconciled Cost Of Revenue": 32757000.0,
        "EBITDA": 57568000.0,
        "EBIT": 44943000.0,
        "Net Interest Income": -8867000.0,
        "Interest Expense": 27695000.0,
        "Interest Income": NaN,
        "Normalized Income": 14101000.0,
        "Net Income From Continuing And Discontinued Operation": 14101000.0,
        "Total Expenses": 87150000.0,
        "Total Operating Income As Reported": 17163000.0,
        "Diluted Average Shares": NaN,
        "Basic Average Shares": NaN,
        "Diluted EPS": NaN,
        "Basic EPS": NaN,
        "Diluted NI Availto Com Stockholders": 14101000.0,
        "Net Income Common Stockholders": 14101000.0,
        "Net Income": 14101000.0,
        "Net Income Including Noncontrolling Interests": 14101000.0,
        "Net Income Continuous Operations": 14101000.0,
        "Tax Provision": 3147000.0,
        "Pretax Income": 17248000.0,
        "Other Income Expense": 1548000.0,
        "Other Non Operating Income Expenses": 1548000.0,
        "Special Income Charges": 0.0,
        "Other Special Charges": NaN,
        "Net Non Operating Interest Income Expense": -8867000.0,
        "Interest Expense Non Operating": 27695000.0,
        "Interest Income Non Operating": NaN,
        "Operating Income": 24567000.0,
        "Operating Expense": 52211000.0,
        "Depreciation Amortization Depletion Income Statement": 10443000.0,
        "Depreciation And Amortization In Income Statement": 10443000.0,
        "Amortization": 10443000.0,
        "Amortization Of Intangibles Income Statement": 10443000.0,
        "Selling General And Administration": 49172000.0,
        "Gross Profit": 76778000.0,
        "Cost Of Revenue": 34939000.0,
        "Total Revenue": 111717000.0,
        "Operating Revenue": 111717000.0
    },
    "2024-03-31": {
        "Tax Effect Of Unusual Items": 0.0,
        "Tax Rate For Calcs": 0.253,
        "Normalized EBITDA": 38498000.0,
        "Total Unusual Items": NaN,
        "Total Unusual Items Excluding Goodwill": NaN,
        "Net Income From Continuing Operation Net Minority Interest": 7746000.0,
        "Reconciled Depreciation": 13625000.0,
        "Reconciled Cost Of Revenue": 25227000.0,
        "EBITDA": 38498000.0,
        "EBIT": 24873000.0,
        "Net Interest Income": -8301000.0,
        "Interest Expense": 14504000.0,
        "Interest Income": 6203000.0,
        "Normalized Income": 7746000.0,
        "Net Income From Continuing And Discontinued Operation": 7746000.0,
        "Total Expenses": 79289000.0,
        "Total Operating Income As Reported": 19617000.0,
        "Diluted Average Shares": 663565291.0,
        "Basic Average Shares": 660821930.0,
        "Diluted EPS": 0.01,
        "Basic EPS": 0.01,
        "Diluted NI Availto Com Stockholders": 7746000.0,
        "Net Income Common Stockholders": 7746000.0,
        "Net Income": 7746000.0,
        "Net Income Including Noncontrolling Interests": 7746000.0,
        "Net Income Continuous Operations": 7746000.0,
        "Tax Provision": 2623000.0,
        "Pretax Income": 10369000.0,
        "Other Income Expense": -947000.0,
        "Other Non Operating Income Expenses": -947000.0,
        "Special Income Charges": NaN,
        "Other Special Charges": NaN,
        "Net Non Operating Interest Income Expense": -8301000.0,
        "Interest Expense Non Operating": 14504000.0,
        "Interest Income Non Operating": 6203000.0,
        "Operating Income": 19617000.0,
        "Operating Expense": 51726000.0,
        "Depreciation Amortization Depletion Income Statement": 11289000.0,
        "Depreciation And Amortization In Income Statement": 11289000.0,
        "Amortization": 11289000.0,
        "Amortization Of Intangibles Income Statement": 11289000.0,
        "Selling General And Administration": 40437000.0,
        "Gross Profit": 71343000.0,
        "Cost Of Revenue": 27563000.0,
        "Total Revenue": 98906000.0,
        "Operating Revenue": 98906000.0
    },
    "2024-06-30": {
        "Tax Effect Of Unusual Items": 0.0,
        "Tax Rate For Calcs": 0.247,
        "Normalized EBITDA": 35446000.0,
        "Total Unusual Items": NaN,
        "Total Unusual Items Excluding Goodwill": NaN,
        "Net Income From Continuing Operation Net Minority Interest": 5779000.0,
        "Reconciled Depreciation": 13173000.0,
        "Reconciled Cost Of Revenue": 29069000.0,
        "EBITDA": 35446000.0,
        "EBIT": 22273000.0,
        "Net Interest Income": -8335000.0,
        "Interest Expense": 14594000.0,
        "Interest Income": 6259000.0,
        "Normalized Income": 5779000.0,
        "Net Income From Continuing And Discontinued Operation": 5779000.0,
        "Total Expenses": 87665000.0,
        "Total Operating Income As Reported": 16278000.0,
        "Diluted Average Shares": 663545258.0,
        "Basic Average Shares": 661734667.0,
        "Diluted EPS": 0.01,
        "Basic EPS": 0.01,
        "Diluted NI Availto Com Stockholders": 5779000.0,
        "Net Income Common Stockholders": 5779000.0,
        "Net Income": 5779000.0,
        "Net Income Including Noncontrolling Interests": 5779000.0,
        "Net Income Continuous Operations": 5779000.0,
        "Tax Provision": 1900000.0,
        "Pretax Income": 7679000.0,
        "Other Income Expense": -264000.0,
        "Other Non Operating Income Expenses": -264000.0,
        "Special Income Charges": NaN,
        "Other Special Charges": NaN,
        "Net Non Operating Interest Income Expense": -8335000.0,
        "Interest Expense Non Operating": 14594000.0,
        "Interest Income Non Operating": 6259000.0,
        "Operating Income": 16278000.0,
        "Operating Expense": 56159000.0,
        "Depreciation Amortization Depletion Income Statement": 10736000.0,
        "Depreciation And Amortization In Income Statement": 10736000.0,
        "Amortization": 10736000.0,
        "Amortization Of Intangibles Income Statement": 10736000.0,
        "Selling General And Administration": 45423000.0,
        "Gross Profit": 72437000.0,
        "Cost Of Revenue": 31506000.0,
        "Total Revenue": 103943000.0,
        "Operating Revenue": 103943000.0
    }
}