{
    "2023-03-31": {
        "Tax Effect Of Unusual Items": 0.0,
        "Tax Rate For Calcs": 0.21,
        "Normalized EBITDA": -39453000.0,
        "Net Income From Continuing Operation Net Minority Interest": -43971000.0,
        "Reconciled Depreciation": 1384000.0,
        "Reconciled Cost Of Revenue": 27039000.0,
        "EBITDA": -39453000.0,
        "EBIT": -40837000.0,
        "Net Interest Income": -294000.0,
        "Interest Expense": 2942000.0,
        "Interest Income": 2648000.0,
        "Normalized Income": -43971000.0,
        "Net Income From Continuing And Discontinued Operation": -43971000.0,
        "Total Expenses": 76952000.0,
        "Total Operating Income As Reported": -43485000.0,
        "Diluted Average Shares": 48783000.0,
        "Basic Average Shares": 48783000.0,
        "Diluted EPS": -0.9,
        "Basic EPS": -0.9,
        "Diluted NI Availto Com Stockholders": -43971000.0,
        "Net Income Common Stockholders": -43971000.0,
        "Net Income": -43971000.0,
        "Net Income Including Noncontrolling Interests": -43971000.0,
        "Net Income Continuous Operations": -43971000.0,
        "Tax Provision": 192000.0,
        "Pretax Income": -43779000.0,
        "Net Non Operating Interest Income Expense": -294000.0,
        "Interest Expense Non Operating": 2942000.0,
        "Interest Income Non Operating": 2648000.0,
        "Operating Income": -43485000.0,
        "Operating Expense": 49913000.0,
        "Research And Development": 13793000.0,
        "Selling General And Administration": 36120000.0,
        "Selling And Marketing Expense": 24333000.0,
        "General And Administrative Expense": 11787000.0,
        "Other Gand A": 11787000.0,
        "Gross Profit": 6428000.0,
        "Cost Of Revenue": 27039000.0,
        "Total Revenue": 33467000.0,
        "Operating Revenue": 33467000.0
    },
    "2022-12-31": {
        "Tax Effect Of Unusual Items": 0.0,
        "Tax Rate For Calcs": 0.21,
        "Normalized EBITDA": -38015000.0,
        "Net Income From Continuing Operation Net Minority Interest": -41444000.0,
        "Reconciled Depreciation": 1269000.0,
        "Reconciled Cost Of Revenue": 26734000.0,
        "EBITDA": -38015000.0,
        "EBIT": -39284000.0,
        "Net Interest Income": -189000.0,
        "Interest Expense": 2096000.0,
        "Interest Income": 1907000.0,
        "Normalized Income": -41444000.0,
        "Net Income From Continuing And Discontinued Operation": -41444000.0,
        "Total Expenses": 71831000.0,
        "Total Operating Income As Reported": -39824000.0,
        "Diluted Average Shares": 48375000.0,
        "Basic Average Shares": 48375000.0,
        "Diluted EPS": -0.86,
        "Basic EPS": -0.86,
        "Diluted NI Availto Com Stockholders": -41444000.0,
        "Net Income Common Stockholders": -41444000.0,
        "Net Income": -41444000.0,
        "Net Income Including Noncontrolling Interests": -41444000.0,
        "Net Income Continuous Operations": -41444000.0,
        "Tax Provision": 64000.0,
        "Pretax Income": -41380000.0,
        "Net Non Operating Interest Income Expense": -189000.0,
        "Interest Expense Non Operating": 2096000.0,
        "Interest Income Non Operating": 1907000.0,
        "Operating Income": -39824000.0,
        "Operating Expense": 45097000.0,
        "Research And Development": 11444000.0,
        "Selling General And Administration": 33653000.0,
        "Selling And Marketing Expense": 23631000.0,
        "General And Administrative Expense": 10022000.0,
        "Other Gand A": 10022000.0,
        "Gross Profit": 5273000.0,
        "Cost Of Revenue": 26734000.0,
        "Total Revenue": 32007000.0,
        "Operating Revenue": 32007000.0
    },
    "2022-09-30": {
        "Tax Effect Of Unusual Items": 0.0,
        "Tax Rate For Calcs": 0.21,
        "Normalized EBITDA": -40194000.0,
        "Total Unusual Items": NaN,
        "Total Unusual Items Excluding Goodwill": NaN,
        "Net Income From Continuing Operation Net Minority Interest": -40781000.0,
        "Reconciled Depreciation": 1314000.0,
        "Reconciled Cost Of Revenue": 23425000.0,
        "EBITDA": -40194000.0,
        "EBIT": -40194000.0,
        "Net Interest Income": 238000.0,
        "Interest Expense": 567000.0,
        "Interest Income": 805000.0,
        "Normalized Income": -40781000.0,
        "Net Income From Continuing And Discontinued Operation": -40781000.0,
        "Total Expenses": 68760000.0,
        "Total Operating Income As Reported": -40999000.0,
        "Diluted Average Shares": 48129000.0,
        "Basic Average Shares": 48129000.0,
        "Diluted EPS": -0.85,
        "Basic EPS": -0.85,
        "Diluted NI Availto Com Stockholders": -40781000.0,
        "Net Income Common Stockholders": -40781000.0,
        "Net Income": -40781000.0,
        "Net Income Including Noncontrolling Interests": -40781000.0,
        "Net Income Continuous Operations": -40781000.0,
        "Tax Provision": 20000.0,
        "Pretax Income": -40761000.0,
        "Other Income Expense": NaN,
        "Special Income Charges": NaN,
        "Other Special Charges": NaN,
        "Net Non Operating Interest Income Expense": 238000.0,
        "Interest Expense Non Operating": 567000.0,
        "Interest Income Non Operating": 805000.0,
        "Operating Income": -40999000.0,
        "Operating Expense": 45335000.0,
        "Research And Development": 13059000.0,
        "Selling General And Administration": 32276000.0,
        "Selling And Marketing Expense": 22276000.0,
        "General And Administrative Expense": 10000000.0,
        "Other Gand A": 10000000.0,
        "Gross Profit": 4336000.0,
        "Cost Of Revenue": 23425000.0,
        "Total Revenue": 27761000.0,
        "Operating Revenue": 27761000.0
    },
    "2022-06-30": {
        "Tax Effect Of Unusual Items": 0.0,
        "Tax Rate For Calcs": 0.4,
        "Normalized EBITDA": -43262000.0,
        "Total Unusual Items": NaN,
        "Total Unusual Items Excluding Goodwill": NaN,
        "Net Income From Continuing Operation Net Minority Interest": -43839000.0,
        "Reconciled Depreciation": 1324000.0,
        "Reconciled Cost Of Revenue": 21275000.0,
        "EBITDA": -43262000.0,
        "EBIT": -43262000.0,
        "Net Interest Income": -22000.0,
        "Interest Expense": 481000.0,
        "Interest Income": 459000.0,
        "Normalized Income": -43839000.0,
        "Net Income From Continuing And Discontinued Operation": -43839000.0,
        "Total Expenses": 68778000.0,
        "Total Operating Income As Reported": -43721000.0,
        "Diluted Average Shares": 47882000.0,
        "Basic Average Shares": 47882000.0,
        "Diluted EPS": -0.92,
        "Basic EPS": -0.92,
        "Diluted NI Availto Com Stockholders": -43839000.0,
        "Net Income Common Stockholders": -43839000.0,
        "Net Income": -43839000.0,
        "Net Income Including Noncontrolling Interests": -43839000.0,
        "Net Income Continuous Operations": -43839000.0,
        "Tax Provision": 96000.0,
        "Pretax Income": -43743000.0,
        "Other Income Expense": NaN,
        "Special Income Charges": NaN,
        "Other Special Charges": NaN,
        "Net Non Operating Interest Income Expense": -22000.0,
        "Interest Expense Non Operating": 481000.0,
        "Interest Income Non Operating": 459000.0,
        "Operating Income": -43721000.0,
        "Operating Expense": 47503000.0,
        "Research And Development": 13521000.0,
        "Selling General And Administration": 33982000.0,
        "Selling And Marketing Expense": 23198000.0,
        "General And Administrative Expense": 10784000.0,
        "Other Gand A": 10784000.0,
        "Gross Profit": 3782000.0,
        "Cost Of Revenue": 21275000.0,
        "Total Revenue": 25057000.0,
        "Operating Revenue": 25057000.0
    },
    "2023-06-30": {
        "Tax Effect Of Unusual Items": 0.0,
        "Tax Rate For Calcs": 0.21,
        "Normalized EBITDA": -39296000.0,
        "Net Income From Continuing Operation Net Minority Interest": -44046000.0,
        "Reconciled Depreciation": 1514000.0,
        "Reconciled Cost Of Revenue": 28337000.0,
        "EBITDA": -39296000.0,
        "EBIT": -40810000.0,
        "Net Interest Income": -435000.0,
        "Interest Expense": 3103000.0,
        "Interest Income": 2668000.0,
        "Normalized Income": -44046000.0,
        "Net Income From Continuing And Discontinued Operation": -44046000.0,
        "Total Expenses": 79518000.0,
        "Total Operating Income As Reported": -43478000.0,
        "Diluted Average Shares": 48951000.0,
        "Basic Average Shares": 48951000.0,
        "Diluted EPS": -0.9,
        "Basic EPS": -0.9,
        "Diluted NI Availto Com Stockholders": -44046000.0,
        "Net Income Common Stockholders": -44046000.0,
        "Net Income": -44046000.0,
        "Net Income Including Noncontrolling Interests": -44046000.0,
        "Net Income Continuous Operations": -44046000.0,
        "Tax Provision": 133000.0,
        "Pretax Income": -43913000.0,
        "Net Non Operating Interest Income Expense": -435000.0,
        "Interest Expense Non Operating": 3103000.0,
        "Interest Income Non Operating": 2668000.0,
        "Operating Income": -43478000.0,
        "Operating Expense": 51181000.0,
        "Research And Development": 14906000.0,
        "Selling General And Administration": 36275000.0,
        "Selling And Marketing Expense": 24985000.0,
        "General And Administrative Expense": 11290000.0,
        "Other Gand A": 11290000.0,
        "Gross Profit": 7703000.0,
        "Cost Of Revenue": 28337000.0,
        "Total Revenue": 36040000.0,
        "Operating Revenue": 36040000.0
    },
    "2023-09-30": {
        "Tax Effect Of Unusual Items": 0.0,
        "Tax Rate For Calcs": 0.21,
        "Normalized EBITDA": -41415000.0,
        "Net Income From Continuing Operation Net Minority Interest": -46180000.0,
        "Reconciled Depreciation": 1466000.0,
        "Reconciled Cost Of Revenue": 23205000.0,
        "EBITDA": -41415000.0,
        "EBIT": -42881000.0,
        "Net Interest Income": -640000.0,
        "Interest Expense": 3213000.0,
        "Interest Income": 2573000.0,
        "Normalized Income": -46180000.0,
        "Net Income From Continuing And Discontinued Operation": -46180000.0,
        "Total Expenses": 75816000.0,
        "Total Operating Income As Reported": -45454000.0,
        "Diluted Average Shares": 49913000.0,
        "Basic Average Shares": 49913000.0,
        "Diluted EPS": -0.93,
        "Basic EPS": -0.93,
        "Diluted NI Availto Com Stockholders": -46180000.0,
        "Net Income Common Stockholders": -46180000.0,
        "Net Income": -46180000.0,
        "Net Income Including Noncontrolling Interests": -46180000.0,
        "Net Income Continuous Operations": -46180000.0,
        "Tax Provision": 86000.0,
        "Pretax Income": -46094000.0,
        "Net Non Operating Interest Income Expense": -640000.0,
        "Interest Expense Non Operating": 3213000.0,
        "Interest Income Non Operating": 2573000.0,
        "Operating Income": -45454000.0,
        "Operating Expense": 52611000.0,
        "Research And Development": 16076000.0,
        "Selling General And Administration": 36535000.0,
        "Selling And Marketing Expense": 24720000.0,
        "General And Administrative Expense": 11815000.0,
        "Other Gand A": 11815000.0,
        "Gross Profit": 7157000.0,
        "Cost Of Revenue": 23205000.0,
        "Total Revenue": 30362000.0,
        "Operating Revenue": 30362000.0
    },
    "2023-12-31": {
        "Tax Effect Of Unusual Items": 0.0,
        "Tax Rate For Calcs": 0.21,
        "Normalized EBITDA": -33625000.0,
        "Net Income From Continuing Operation Net Minority Interest": -38600000.0,
        "Reconciled Depreciation": 1446000.0,
        "Reconciled Cost Of Revenue": 22795000.0,
        "EBITDA": -33625000.0,
        "EBIT": -35071000.0,
        "Net Interest Income": -1135000.0,
        "Interest Expense": 3417000.0,
        "Interest Income": 2282000.0,
        "Normalized Income": -38600000.0,
        "Net Income From Continuing And Discontinued Operation": -38600000.0,
        "Total Expenses": 67860000.0,
        "Total Operating Income As Reported": -37353000.0,
        "Diluted Average Shares": 50254000.0,
        "Basic Average Shares": 50254000.0,
        "Diluted EPS": -0.77,
        "Basic EPS": -0.77,
        "Diluted NI Availto Com Stockholders": -38600000.0,
        "Net Income Common Stockholders": -38600000.0,
        "Net Income": -38600000.0,
        "Net Income Including Noncontrolling Interests": -38600000.0,
        "Net Income Continuous Operations": -38600000.0,
        "Tax Provision": 112000.0,
        "Pretax Income": -38488000.0,
        "Net Non Operating Interest Income Expense": -1135000.0,
        "Interest Expense Non Operating": 3417000.0,
        "Interest Income Non Operating": 2282000.0,
        "Operating Income": -37353000.0,
        "Operating Expense": 45065000.0,
        "Research And Development": 12532000.0,
        "Selling General And Administration": 32533000.0,
        "Selling And Marketing Expense": 22194000.0,
        "General And Administrative Expense": 10339000.0,
        "Other Gand A": 10339000.0,
        "Gross Profit": 7712000.0,
        "Cost Of Revenue": 22795000.0,
        "Total Revenue": 30507000.0,
        "Operating Revenue": 30507000.0
    },
    "2024-03-31": {
        "Tax Effect Of Unusual Items": 0.0,
        "Tax Rate For Calcs": 0.4,
        "Normalized EBITDA": -32354000.0,
        "Net Income From Continuing Operation Net Minority Interest": -39944000.0,
        "Reconciled Depreciation": 1460000.0,
        "Reconciled Cost Of Revenue": 19953000.0,
        "EBITDA": -32354000.0,
        "EBIT": -33814000.0,
        "Net Interest Income": -2870000.0,
        "Interest Expense": 5968000.0,
        "Interest Income": 3098000.0,
        "Normalized Income": -39944000.0,
        "Net Income From Continuing And Discontinued Operation": -39944000.0,
        "Total Expenses": 65080000.0,
        "Total Operating Income As Reported": -36912000.0,
        "Diluted Average Shares": 50901000.0,
        "Basic Average Shares": 50901000.0,
        "Diluted EPS": -0.78,
        "Basic EPS": -0.78,
        "Diluted NI Availto Com Stockholders": -39944000.0,
        "Net Income Common Stockholders": -39944000.0,
        "Net Income": -39944000.0,
        "Net Income Including Noncontrolling Interests": -39944000.0,
        "Net Income Continuous Operations": -39944000.0,
        "Tax Provision": 162000.0,
        "Pretax Income": -39782000.0,
        "Net Non Operating Interest Income Expense": -2870000.0,
        "Interest Expense Non Operating": 5968000.0,
        "Interest Income Non Operating": 3098000.0,
        "Operating Income": -36912000.0,
        "Operating Expense": 45127000.0,
        "Research And Development": 12635000.0,
        "Selling General And Administration": 32492000.0,
        "Selling And Marketing Expense": 21048000.0,
        "General And Administrative Expense": 11444000.0,
        "Other Gand A": 11444000.0,
        "Gross Profit": 8215000.0,
        "Cost Of Revenue": 19953000.0,
        "Total Revenue": 28168000.0,
        "Operating Revenue": 28168000.0
    },
    "2024-06-30": {
        "Tax Effect Of Unusual Items": 0.0,
        "Tax Rate For Calcs": 0.21,
        "Normalized EBITDA": -26822000.0,
        "Net Income From Continuing Operation Net Minority Interest": -34454000.0,
        "Reconciled Depreciation": 1471000.0,
        "Reconciled Cost Of Revenue": 17606000.0,
        "EBITDA": -26822000.0,
        "EBIT": -28293000.0,
        "Net Interest Income": -3539000.0,
        "Interest Expense": 6010000.0,
        "Interest Income": 2471000.0,
        "Normalized Income": -34454000.0,
        "Net Income From Continuing And Discontinued Operation": -34454000.0,
        "Total Expenses": 58152000.0,
        "Total Operating Income As Reported": -30764000.0,
        "Diluted Average Shares": 51880000.0,
        "Basic Average Shares": 51880000.0,
        "Diluted EPS": -0.66,
        "Basic EPS": -0.66,
        "Diluted NI Availto Com Stockholders": -34454000.0,
        "Net Income Common Stockholders": -34454000.0,
        "Net Income": -34454000.0,
        "Net Income Including Noncontrolling Interests": -34454000.0,
        "Net Income Continuous Operations": -34454000.0,
        "Tax Provision": 151000.0,
        "Pretax Income": -34303000.0,
        "Net Non Operating Interest Income Expense": -3539000.0,
        "Interest Expense Non Operating": 6010000.0,
        "Interest Income Non Operating": 2471000.0,
        "Operating Income": -30764000.0,
        "Operating Expense": 40546000.0,
        "Research And Development": 9734000.0,
        "Selling General And Administration": 30812000.0,
        "Selling And Marketing Expense": 18128000.0,
        "General And Administrative Expense": 12684000.0,
        "Other Gand A": 12684000.0,
        "Gross Profit": 9782000.0,
        "Cost Of Revenue": 17606000.0,
        "Total Revenue": 27388000.0,
        "Operating Revenue": 27388000.0
    }
}