{
    "2023-03-31": {
        "Tax Effect Of Unusual Items": NaN,
        "Tax Rate For Calcs": NaN,
        "Normalized EBITDA": NaN,
        "Total Unusual Items": NaN,
        "Total Unusual Items Excluding Goodwill": NaN,
        "Net Income From Continuing Operation Net Minority Interest": NaN,
        "Reconciled Depreciation": NaN,
        "Reconciled Cost Of Revenue": NaN,
        "EBITDA": NaN,
        "EBIT": NaN,
        "Net Interest Income": NaN,
        "Interest Expense": NaN,
        "Interest Income": NaN,
        "Normalized Income": NaN,
        "Net Income From Continuing And Discontinued Operation": NaN,
        "Total Expenses": NaN,
        "Total Operating Income As Reported": NaN,
        "Diluted Average Shares": NaN,
        "Basic Average Shares": NaN,
        "Diluted EPS": NaN,
        "Basic EPS": NaN,
        "Diluted NI Availto Com Stockholders": NaN,
        "Net Income Common Stockholders": NaN,
        "Net Income": NaN,
        "Minority Interests": NaN,
        "Net Income Including Noncontrolling Interests": NaN,
        "Net Income Continuous Operations": NaN,
        "Tax Provision": NaN,
        "Pretax Income": NaN,
        "Other Income Expense": NaN,
        "Other Non Operating Income Expenses": 2000.0,
        "Gain On Sale Of Security": NaN,
        "Net Non Operating Interest Income Expense": NaN,
        "Interest Expense Non Operating": NaN,
        "Interest Income Non Operating": NaN,
        "Operating Income": NaN,
        "Operating Expense": NaN,
        "Other Operating Expenses": NaN,
        "Other Taxes": NaN,
        "Selling General And Administration": NaN,
        "General And Administrative Expense": NaN,
        "Other Gand A": NaN,
        "Gross Profit": NaN,
        "Cost Of Revenue": NaN,
        "Total Revenue": NaN,
        "Operating Revenue": NaN
    },
    "2022-12-31": {
        "Tax Effect Of Unusual Items": NaN,
        "Tax Rate For Calcs": NaN,
        "Normalized EBITDA": NaN,
        "Total Unusual Items": NaN,
        "Total Unusual Items Excluding Goodwill": NaN,
        "Net Income From Continuing Operation Net Minority Interest": NaN,
        "Reconciled Depreciation": NaN,
        "Reconciled Cost Of Revenue": NaN,
        "EBITDA": NaN,
        "EBIT": NaN,
        "Net Interest Income": NaN,
        "Interest Expense": NaN,
        "Interest Income": NaN,
        "Normalized Income": NaN,
        "Net Income From Continuing And Discontinued Operation": NaN,
        "Total Expenses": NaN,
        "Total Operating Income As Reported": NaN,
        "Diluted Average Shares": 48271178.0,
        "Basic Average Shares": 48271178.0,
        "Diluted EPS": 23.44,
        "Basic EPS": 23.44,
        "Diluted NI Availto Com Stockholders": NaN,
        "Net Income Common Stockholders": NaN,
        "Net Income": NaN,
        "Minority Interests": NaN,
        "Net Income Including Noncontrolling Interests": NaN,
        "Net Income Continuous Operations": NaN,
        "Tax Provision": NaN,
        "Pretax Income": NaN,
        "Other Income Expense": NaN,
        "Other Non Operating Income Expenses": NaN,
        "Gain On Sale Of Security": NaN,
        "Net Non Operating Interest Income Expense": NaN,
        "Interest Expense Non Operating": NaN,
        "Interest Income Non Operating": NaN,
        "Operating Income": NaN,
        "Operating Expense": NaN,
        "Other Operating Expenses": NaN,
        "Other Taxes": NaN,
        "Selling General And Administration": NaN,
        "General And Administrative Expense": NaN,
        "Other Gand A": NaN,
        "Gross Profit": NaN,
        "Cost Of Revenue": NaN,
        "Total Revenue": NaN,
        "Operating Revenue": NaN
    },
    "2022-06-30": {
        "Tax Effect Of Unusual Items": 2397408.197399,
        "Tax Rate For Calcs": 0.238169,
        "Normalized EBITDA": 1575678000.0,
        "Total Unusual Items": 10066000.0,
        "Total Unusual Items Excluding Goodwill": 10066000.0,
        "Net Income From Continuing Operation Net Minority Interest": 924513000.0,
        "Reconciled Depreciation": 132844000.0,
        "Reconciled Cost Of Revenue": 1214684000.0,
        "EBITDA": 1585744000.0,
        "EBIT": 1452900000.0,
        "Net Interest Income": -193561000.0,
        "Interest Expense": 234416000.0,
        "Interest Income": 40855000.0,
        "Normalized Income": 916844408.197399,
        "Net Income From Continuing And Discontinued Operation": 924513000.0,
        "Total Expenses": 1515551000.0,
        "Total Operating Income As Reported": 1401979000.0,
        "Diluted Average Shares": 48271178.0,
        "Basic Average Shares": 48271178.0,
        "Diluted EPS": 19.12,
        "Basic EPS": 19.12,
        "Diluted NI Availto Com Stockholders": 924513000.0,
        "Net Income Common Stockholders": 924513000.0,
        "Net Income": 924513000.0,
        "Minority Interests": -3766000.0,
        "Net Income Including Noncontrolling Interests": 928279000.0,
        "Net Income Continuous Operations": 928279000.0,
        "Tax Provision": 290205000.0,
        "Pretax Income": 1218484000.0,
        "Other Income Expense": 10066000.0,
        "Other Non Operating Income Expenses": NaN,
        "Gain On Sale Of Security": 10066000.0,
        "Net Non Operating Interest Income Expense": -193561000.0,
        "Interest Expense Non Operating": 234416000.0,
        "Interest Income Non Operating": 40855000.0,
        "Operating Income": 1401979000.0,
        "Operating Expense": 300867000.0,
        "Other Operating Expenses": 40099000.0,
        "Other Taxes": 109615000.0,
        "Selling General And Administration": 151153000.0,
        "General And Administrative Expense": 151153000.0,
        "Other Gand A": 151153000.0,
        "Gross Profit": 1702846000.0,
        "Cost Of Revenue": 1214684000.0,
        "Total Revenue": 2917530000.0,
        "Operating Revenue": 2917530000.0
    },
    "2022-09-30": {
        "Diluted EPS": 1.13,
        "Total Revenue": 155,
        "Gross Profit": 109,
        "Operating Income": 85,
        "EBIT": 92,
        "Net Income": 54
    },
    "2022-03-31": {
        "Diluted EPS": 0.76,
        "Total Revenue": 108,
        "Gross Profit": 77,
        "Operating Income": 58,
        "EBIT": 65,
        "Net Income": 37
    },
    "2021-12-31": {
        "Diluted EPS": 0.99,
        "Total Revenue": 125,
        "Gross Profit": 79,
        "Operating Income": 60,
        "EBIT": 65,
        "Net Income": 48
    },
    "2021-09-30": {
        "Diluted EPS": 0.83,
        "Total Revenue": 119,
        "Gross Profit": 80,
        "Operating Income": 59,
        "EBIT": 65,
        "Net Income": 40
    },
    "2021-06-30": {
        "Diluted EPS": 0.64,
        "Total Revenue": 109,
        "Gross Profit": 71,
        "Operating Income": 52,
        "EBIT": 58,
        "Net Income": 31
    },
    "2021-03-31": {
        "Diluted EPS": 0.42,
        "Total Revenue": 73,
        "Gross Profit": 46,
        "Operating Income": 30,
        "EBIT": 36,
        "Net Income": 20
    },
    "2020-12-31": {
        "Diluted EPS": 0.22,
        "Total Revenue": 92,
        "Gross Profit": 46,
        "Operating Income": 27,
        "EBIT": 34,
        "Net Income": 11
    },
    "2020-09-30": {
        "Diluted EPS": 0.07,
        "Total Revenue": 55,
        "Gross Profit": 25,
        "Operating Income": 12,
        "EBIT": 17,
        "Net Income": 3
    },
    "2020-06-30": {
        "Diluted EPS": -0.16,
        "Total Revenue": 27,
        "Gross Profit": 5,
        "Operating Income": -6,
        "EBIT": -3,
        "Net Income": -8
    },
    "2020-03-31": {
        "Diluted EPS": 1.0,
        "Total Revenue": 96,
        "Gross Profit": 73,
        "Operating Income": 55,
        "EBIT": 60,
        "Net Income": 49
    },
    "2019-12-31": {
        "Diluted EPS": 1.04,
        "Total Revenue": 127,
        "Gross Profit": 87,
        "Operating Income": 66,
        "EBIT": 72,
        "Net Income": 43
    },
    "2019-09-30": {
        "Diluted EPS": 0.89,
        "Total Revenue": 111,
        "Gross Profit": 85,
        "Operating Income": 66,
        "EBIT": 71,
        "Net Income": 44
    },
    "2019-06-30": {
        "Diluted EPS": 0.9,
        "Total Revenue": 113,
        "Gross Profit": 86,
        "Operating Income": 67,
        "EBIT": 72,
        "Net Income": 44
    },
    "2019-03-31": {
        "Diluted EPS": 0.65,
        "Total Revenue": 101,
        "Gross Profit": 77,
        "Operating Income": 59,
        "EBIT": 64,
        "Net Income": 39
    },
    "2018-12-31": {
        "Diluted EPS": 0.79,
        "Total Revenue": 93,
        "Gross Profit": 66,
        "Operating Income": 49,
        "EBIT": 53,
        "Net Income": 38
    },
    "2018-09-30": {
        "Diluted EPS": 0.78,
        "Total Revenue": 104,
        "Gross Profit": 76,
        "Operating Income": 58,
        "EBIT": 63,
        "Net Income": 38
    },
    "2018-06-30": {
        "Diluted EPS": 0.72,
        "Total Revenue": 103,
        "Gross Profit": 71,
        "Operating Income": 54,
        "EBIT": 58,
        "Net Income": 36
    },
    "2018-03-31": {
        "Diluted EPS": 0.66,
        "Total Revenue": 103,
        "Gross Profit": 69,
        "Operating Income": 50,
        "EBIT": 55,
        "Net Income": 32
    },
    "2017-12-31": {
        "Diluted EPS": 0.51,
        "Total Revenue": 82,
        "Gross Profit": 49,
        "Operating Income": 36,
        "EBIT": 38,
        "Net Income": 28
    },
    "2017-09-30": {
        "Diluted EPS": 0.66,
        "Total Revenue": 106,
        "Gross Profit": 68,
        "Operating Income": 49,
        "EBIT": 53,
        "Net Income": 33
    },
    "2017-06-30": {
        "Diluted EPS": 0.57,
        "Total Revenue": 94,
        "Gross Profit": 60,
        "Operating Income": 43,
        "EBIT": 47,
        "Net Income": 27
    },
    "2017-03-31": {
        "Diluted EPS": 0.45,
        "Total Revenue": 80,
        "Gross Profit": 53,
        "Operating Income": 37,
        "EBIT": 41,
        "Net Income": 21
    },
    "2016-12-31": {
        "Diluted EPS": 0.34,
        "Total Revenue": 47,
        "Gross Profit": 31,
        "Operating Income": 20,
        "EBIT": 21,
        "Net Income": 18
    },
    "2016-09-30": {
        "Diluted EPS": 0.56,
        "Total Revenue": 85,
        "Gross Profit": 63,
        "Operating Income": 46,
        "EBIT": 50,
        "Net Income": 28
    },
    "2016-06-30": {
        "Diluted EPS": 0.5,
        "Total Revenue": 74,
        "Gross Profit": 53,
        "Operating Income": 37,
        "EBIT": 40,
        "Net Income": 25
    },
    "2016-03-31": {
        "Diluted EPS": 0.44,
        "Total Revenue": 63,
        "Gross Profit": 48,
        "Operating Income": 33,
        "EBIT": 37,
        "Net Income": 21
    },
    "2015-12-31": {
        "Diluted EPS": 0.5,
        "Total Revenue": 77,
        "Gross Profit": 55,
        "Operating Income": 40,
        "EBIT": 44,
        "Net Income": 25
    },
    "2015-09-30": {
        "Diluted EPS": 0.38,
        "Total Revenue": 70,
        "Gross Profit": 49,
        "Operating Income": 33,
        "EBIT": 36,
        "Net Income": 19
    },
    "2015-06-30": {
        "Diluted EPS": 0.36,
        "Total Revenue": 72,
        "Gross Profit": 48,
        "Operating Income": 29,
        "EBIT": 33,
        "Net Income": 18
    },
    "2015-03-31": {
        "Diluted EPS": 0.34,
        "Total Revenue": 66,
        "Gross Profit": 46,
        "Operating Income": 26,
        "EBIT": 30,
        "Net Income": 17
    },
    "2014-12-31": {
        "Diluted EPS": 0.38,
        "Total Revenue": 66,
        "Gross Profit": 32,
        "Operating Income": 37,
        "EBIT": 40,
        "Net Income": 19
    },
    "2014-09-30": {
        "Diluted EPS": 0.41,
        "Total Revenue": 74,
        "Gross Profit": 59,
        "Operating Income": 30,
        "EBIT": 34,
        "Net Income": 20
    },
    "2014-06-30": {
        "Diluted EPS": 0.33,
        "Total Revenue": 69,
        "Gross Profit": 54,
        "Operating Income": 28,
        "EBIT": 33,
        "Net Income": 17
    },
    "2014-03-31": {
        "Diluted EPS": 0.4,
        "Total Revenue": 64,
        "Gross Profit": 41,
        "Operating Income": 24,
        "EBIT": 28,
        "Net Income": 20
    },
    "2013-12-31": {
        "Diluted EPS": 0.7,
        "Total Revenue": 71,
        "Gross Profit": 44,
        "Operating Income": 16,
        "EBIT": 20,
        "Net Income": 35
    },
    "2013-09-30": {
        "Diluted EPS": 0.35,
        "Total Revenue": 67,
        "Gross Profit": 49,
        "Operating Income": 28,
        "EBIT": 32,
        "Net Income": 18
    },
    "2013-06-30": {
        "Diluted EPS": 0.33,
        "Total Revenue": 66,
        "Gross Profit": 45,
        "Operating Income": 25,
        "EBIT": 29,
        "Net Income": 17
    },
    "2013-03-31": {
        "Diluted EPS": 0.37,
        "Total Revenue": 65,
        "Gross Profit": 46,
        "Operating Income": 26,
        "EBIT": 30,
        "Net Income": 19
    },
    "2012-12-31": {
        "Diluted EPS": 0.4,
        "Total Revenue": 69,
        "Gross Profit": 45,
        "Operating Income": 24,
        "EBIT": 28,
        "Net Income": 20
    },
    "2012-09-30": {
        "Diluted EPS": 0.34,
        "Total Revenue": 62,
        "Gross Profit": 46,
        "Operating Income": 27,
        "EBIT": 30,
        "Net Income": 17
    },
    "2012-06-30": {
        "Diluted EPS": 0.24,
        "Total Revenue": 53,
        "Gross Profit": 38,
        "Operating Income": 19,
        "EBIT": 22,
        "Net Income": 12
    },
    "2012-03-31": {
        "Diluted EPS": 0.29,
        "Total Revenue": 54,
        "Gross Profit": 37,
        "Operating Income": 19,
        "EBIT": 23,
        "Net Income": 14
    },
    "2011-12-31": {
        "Diluted EPS": 0.36,
        "Total Revenue": 61,
        "Gross Profit": 53,
        "Operating Income": 19,
        "EBIT": 22,
        "Net Income": 18
    },
    "2011-09-30": {
        "Diluted EPS": 0.21,
        "Total Revenue": 51,
        "Gross Profit": 31,
        "Operating Income": 18,
        "EBIT": 21,
        "Net Income": 10
    },
    "2011-06-30": {
        "Diluted EPS": 0.22,
        "Total Revenue": 60,
        "Gross Profit": 34,
        "Operating Income": 20,
        "EBIT": 24,
        "Net Income": 11
    },
    "2011-03-31": {
        "Diluted EPS": 0.33,
        "Total Revenue": 54,
        "Gross Profit": 31,
        "Operating Income": 18,
        "EBIT": 21,
        "Net Income": 17
    },
    "2010-12-31": {
        "Diluted EPS": 0.59,
        "Total Revenue": 67,
        "Gross Profit": 3,
        "Operating Income": -7,
        "EBIT": 4,
        "Net Income": 30
    },
    "2010-09-30": {
        "Diluted EPS": 0.18,
        "Total Revenue": 39,
        "Gross Profit": 29,
        "Operating Income": -2,
        "EBIT": 7,
        "Net Income": 9
    },
    "2010-06-30": {
        "Diluted EPS": 0.13,
        "Total Revenue": 42,
        "Gross Profit": 32,
        "Operating Income": 13,
        "EBIT": 22,
        "Net Income": 7
    },
    "2010-03-31": {
        "Diluted EPS": 0.17,
        "Total Revenue": 42,
        "Gross Profit": 33,
        "Operating Income": 15,
        "EBIT": 23,
        "Net Income": 9
    },
    "2009-12-31": {
        "Diluted EPS": 0.25,
        "Total Revenue": 38,
        "Gross Profit": 28,
        "Operating Income": 9,
        "EBIT": 17,
        "Net Income": 13
    },
    "2009-09-30": {
        "Diluted EPS": 0.19,
        "Total Revenue": 38,
        "Gross Profit": 30,
        "Operating Income": 14,
        "EBIT": 22,
        "Net Income": 10
    },
    "2009-06-30": {
        "Diluted EPS": 0.08,
        "Total Revenue": 33,
        "Gross Profit": 25,
        "Operating Income": 8,
        "EBIT": 16,
        "Net Income": 4
    },
    "2009-03-31": {
        "Diluted EPS": 0.21,
        "Total Revenue": 36,
        "Gross Profit": 28,
        "Operating Income": 14,
        "EBIT": 21,
        "Net Income": 11
    },
    "2024-03-31": {
        "Tax Effect Of Unusual Items": -5355095.999963,
        "Tax Rate For Calcs": 0.288544,
        "Normalized EBITDA": 2060546000.0,
        "Total Unusual Items": -18559000.0,
        "Total Unusual Items Excluding Goodwill": -18559000.0,
        "Net Income From Continuing Operation Net Minority Interest": 1076828000.0,
        "Reconciled Depreciation": 178897000.0,
        "Reconciled Cost Of Revenue": 1521740000.0,
        "EBITDA": 2041987000.0,
        "EBIT": 1863090000.0,
        "Net Interest Income": -257573000.0,
        "Interest Expense": 346204000.0,
        "Interest Income": 88631000.0,
        "Normalized Income": 1090031904.000037,
        "Net Income From Continuing And Discontinued Operation": 1076828000.0,
        "Total Expenses": 1962026000.0,
        "Total Operating Income As Reported": 1793018000.0,
        "Diluted Average Shares": 48271178.0,
        "Basic Average Shares": 48271178.0,
        "Diluted EPS": 22.32,
        "Basic EPS": 22.32,
        "Diluted NI Availto Com Stockholders": 1076828000.0,
        "Net Income Common Stockholders": 1076828000.0,
        "Net Income": 1076828000.0,
        "Minority Interests": -2369000.0,
        "Net Income Including Noncontrolling Interests": 1079197000.0,
        "Net Income Continuous Operations": 1079197000.0,
        "Tax Provision": 437689000.0,
        "Pretax Income": 1516886000.0,
        "Other Income Expense": -18559000.0,
        "Other Non Operating Income Expenses": NaN,
        "Gain On Sale Of Security": -18559000.0,
        "Net Non Operating Interest Income Expense": -257573000.0,
        "Interest Expense Non Operating": 346204000.0,
        "Interest Income Non Operating": 88631000.0,
        "Operating Income": 1793018000.0,
        "Operating Expense": 440286000.0,
        "Other Operating Expenses": 43542000.0,
        "Other Taxes": 223461000.0,
        "Selling General And Administration": 173283000.0,
        "General And Administrative Expense": 173283000.0,
        "Other Gand A": 173283000.0,
        "Gross Profit": 2233304000.0,
        "Cost Of Revenue": 1521740000.0,
        "Total Revenue": 3755044000.0,
        "Operating Revenue": 3755044000.0
    },
    "2024-06-30": {
        "Tax Effect Of Unusual Items": 9967311.032153,
        "Tax Rate For Calcs": 0.280288,
        "Normalized EBITDA": 2176987000.0,
        "Total Unusual Items": 35561000.0,
        "Total Unusual Items Excluding Goodwill": 35561000.0,
        "Net Income From Continuing Operation Net Minority Interest": 1287360000.0,
        "Reconciled Depreciation": 186069000.0,
        "Reconciled Cost Of Revenue": 1080324000.0,
        "EBITDA": 2212548000.0,
        "EBIT": 2026479000.0,
        "Net Interest Income": -169219000.0,
        "Interest Expense": 231716000.0,
        "Interest Income": 62497000.0,
        "Normalized Income": 1261766311.032153,
        "Net Income From Continuing And Discontinued Operation": 1287360000.0,
        "Total Expenses": 1571435000.0,
        "Total Operating Income As Reported": 1528421000.0,
        "Diluted Average Shares": 48271178.0,
        "Basic Average Shares": 48271178.0,
        "Diluted EPS": 26.64,
        "Basic EPS": 26.64,
        "Diluted NI Availto Com Stockholders": 1287360000.0,
        "Net Income Common Stockholders": 1287360000.0,
        "Net Income": 1287360000.0,
        "Minority Interests": -4353000.0,
        "Net Income Including Noncontrolling Interests": 1291713000.0,
        "Net Income Continuous Operations": 1291713000.0,
        "Tax Provision": 503050000.0,
        "Pretax Income": 1794763000.0,
        "Other Income Expense": 35561000.0,
        "Other Non Operating Income Expenses": NaN,
        "Gain On Sale Of Security": 35561000.0,
        "Net Non Operating Interest Income Expense": -169219000.0,
        "Interest Expense Non Operating": 231716000.0,
        "Interest Income Non Operating": 62497000.0,
        "Operating Income": 1928421000.0,
        "Operating Expense": 491111000.0,
        "Other Operating Expenses": 55762000.0,
        "Other Taxes": 239252000.0,
        "Selling General And Administration": 196097000.0,
        "General And Administrative Expense": 196097000.0,
        "Other Gand A": 196097000.0,
        "Gross Profit": 2419532000.0,
        "Cost Of Revenue": 1080324000.0,
        "Total Revenue": 3499856000.0,
        "Operating Revenue": 3499856000.0
    },
    "2023-06-30": {
        "Tax Effect Of Unusual Items": NaN,
        "Tax Rate For Calcs": NaN,
        "Normalized EBITDA": NaN,
        "Total Unusual Items": NaN,
        "Total Unusual Items Excluding Goodwill": NaN,
        "Net Income From Continuing Operation Net Minority Interest": NaN,
        "Reconciled Depreciation": NaN,
        "Reconciled Cost Of Revenue": NaN,
        "EBITDA": NaN,
        "EBIT": NaN,
        "Net Interest Income": NaN,
        "Interest Expense": NaN,
        "Interest Income": NaN,
        "Normalized Income": NaN,
        "Net Income From Continuing And Discontinued Operation": NaN,
        "Total Expenses": NaN,
        "Total Operating Income As Reported": NaN,
        "Diluted Average Shares": 48271178.0,
        "Basic Average Shares": 48271178.0,
        "Diluted EPS": 26.32,
        "Basic EPS": 26.32,
        "Diluted NI Availto Com Stockholders": NaN,
        "Net Income Common Stockholders": NaN,
        "Net Income": NaN,
        "Minority Interests": NaN,
        "Net Income Including Noncontrolling Interests": NaN,
        "Net Income Continuous Operations": NaN,
        "Tax Provision": NaN,
        "Pretax Income": NaN,
        "Other Income Expense": NaN,
        "Other Non Operating Income Expenses": NaN,
        "Gain On Sale Of Security": NaN,
        "Net Non Operating Interest Income Expense": NaN,
        "Interest Expense Non Operating": NaN,
        "Interest Income Non Operating": NaN,
        "Operating Income": NaN,
        "Operating Expense": NaN,
        "Other Operating Expenses": NaN,
        "Other Taxes": NaN,
        "Selling General And Administration": NaN,
        "General And Administrative Expense": NaN,
        "Other Gand A": NaN,
        "Gross Profit": NaN,
        "Cost Of Revenue": NaN,
        "Total Revenue": NaN,
        "Operating Revenue": NaN
    },
    "2024-09-30": {
        "Tax Effect Of Unusual Items": 5615826.540665,
        "Tax Rate For Calcs": 0.269797,
        "Normalized EBITDA": 2406111000.0,
        "Total Unusual Items": 20815000.0,
        "Total Unusual Items Excluding Goodwill": 20815000.0,
        "Net Income From Continuing Operation Net Minority Interest": 1377382000.0,
        "Reconciled Depreciation": 190956000.0,
        "Reconciled Cost Of Revenue": 1026181000.0,
        "EBITDA": 2426926000.0,
        "EBIT": 2235970000.0,
        "Net Interest Income": -292976000.0,
        "Interest Expense": 339808000.0,
        "Interest Income": 46832000.0,
        "Normalized Income": 1362182826.540665,
        "Net Income From Continuing And Discontinued Operation": 1377382000.0,
        "Total Expenses": 1534613000.0,
        "Total Operating Income As Reported": 2168323000.0,
        "Diluted Average Shares": 48271178.0,
        "Basic Average Shares": 48271178.0,
        "Diluted EPS": 28.56,
        "Basic EPS": 28.56,
        "Diluted NI Availto Com Stockholders": 1377382000.0,
        "Net Income Common Stockholders": 1377382000.0,
        "Net Income": 1377382000.0,
        "Minority Interests": -7201000.0,
        "Net Income Including Noncontrolling Interests": 1384583000.0,
        "Net Income Continuous Operations": 1384583000.0,
        "Tax Provision": 511579000.0,
        "Pretax Income": 1896162000.0,
        "Other Income Expense": 20815000.0,
        "Other Non Operating Income Expenses": NaN,
        "Gain On Sale Of Security": 20815000.0,
        "Net Non Operating Interest Income Expense": -292976000.0,
        "Interest Expense Non Operating": 339808000.0,
        "Interest Income Non Operating": 46832000.0,
        "Operating Income": 2168323000.0,
        "Operating Expense": 508432000.0,
        "Other Operating Expenses": 62481000.0,
        "Other Taxes": 262343000.0,
        "Selling General And Administration": 183608000.0,
        "General And Administrative Expense": 183608000.0,
        "Other Gand A": 183608000.0,
        "Gross Profit": 2676755000.0,
        "Cost Of Revenue": 1026181000.0,
        "Total Revenue": 3702936000.0,
        "Operating Revenue": 3702936000.0
    },
    "2023-12-31": {
        "Tax Effect Of Unusual Items": -3590154.741474,
        "Tax Rate For Calcs": 0.289086,
        "Normalized EBITDA": 2226703000.0,
        "Total Unusual Items": -12419000.0,
        "Total Unusual Items Excluding Goodwill": -12419000.0,
        "Net Income From Continuing Operation Net Minority Interest": 1251557000.0,
        "Reconciled Depreciation": 171548000.0,
        "Reconciled Cost Of Revenue": 1343195000.0,
        "EBITDA": 2214284000.0,
        "EBIT": 2042736000.0,
        "Net Interest Income": -211827000.0,
        "Interest Expense": 277747000.0,
        "Interest Income": 65920000.0,
        "Normalized Income": 1260385845.258526,
        "Net Income From Continuing And Discontinued Operation": 1251557000.0,
        "Total Expenses": 1720694000.0,
        "Total Operating Income As Reported": 1989235000.0,
        "Diluted Average Shares": NaN,
        "Basic Average Shares": NaN,
        "Diluted EPS": NaN,
        "Basic EPS": NaN,
        "Diluted NI Availto Com Stockholders": 1251557000.0,
        "Net Income Common Stockholders": 1251557000.0,
        "Net Income": 1251557000.0,
        "Minority Interests": -3199000.0,
        "Net Income Including Noncontrolling Interests": 1254756000.0,
        "Net Income Continuous Operations": 1254756000.0,
        "Tax Provision": 510233000.0,
        "Pretax Income": 1764989000.0,
        "Other Income Expense": -11894000.0,
        "Other Non Operating Income Expenses": NaN,
        "Gain On Sale Of Security": -12419000.0,
        "Net Non Operating Interest Income Expense": -211827000.0,
        "Interest Expense Non Operating": 277747000.0,
        "Interest Income Non Operating": 65920000.0,
        "Operating Income": 1988710000.0,
        "Operating Expense": 377499000.0,
        "Other Operating Expenses": 59673000.0,
        "Other Taxes": 134430000.0,
        "Selling General And Administration": 183396000.0,
        "General And Administrative Expense": 183396000.0,
        "Other Gand A": 183396000.0,
        "Gross Profit": 2366209000.0,
        "Cost Of Revenue": 1343195000.0,
        "Total Revenue": 3709404000.0,
        "Operating Revenue": 3709404000.0
    },
    "2023-09-30": {
        "Tax Effect Of Unusual Items": 1013816.920587,
        "Tax Rate For Calcs": 0.293011,
        "Normalized EBITDA": 2503502000.0,
        "Total Unusual Items": 3460000.0,
        "Total Unusual Items Excluding Goodwill": 3460000.0,
        "Net Income From Continuing Operation Net Minority Interest": 1409574000.0,
        "Reconciled Depreciation": 165376000.0,
        "Reconciled Cost Of Revenue": 1261481000.0,
        "EBITDA": 2506962000.0,
        "EBIT": 2341586000.0,
        "Net Interest Income": -275506000.0,
        "Interest Expense": 341809000.0,
        "Interest Income": 66303000.0,
        "Normalized Income": 1407127816.920587,
        "Net Income From Continuing And Discontinued Operation": 1409574000.0,
        "Total Expenses": 1634665000.0,
        "Total Operating Income As Reported": 2271823000.0,
        "Diluted Average Shares": 48271178.0,
        "Basic Average Shares": 48271178.0,
        "Diluted EPS": 29.2,
        "Basic EPS": 29.2,
        "Diluted NI Availto Com Stockholders": 1409574000.0,
        "Net Income Common Stockholders": 1409574000.0,
        "Net Income": 1409574000.0,
        "Minority Interests": -4247000.0,
        "Net Income Including Noncontrolling Interests": 1413821000.0,
        "Net Income Continuous Operations": 1413821000.0,
        "Tax Provision": 585956000.0,
        "Pretax Income": 1999777000.0,
        "Other Income Expense": 3460000.0,
        "Other Non Operating Income Expenses": NaN,
        "Gain On Sale Of Security": 3460000.0,
        "Net Non Operating Interest Income Expense": -275506000.0,
        "Interest Expense Non Operating": 341809000.0,
        "Interest Income Non Operating": 66303000.0,
        "Operating Income": 2271823000.0,
        "Operating Expense": 373184000.0,
        "Other Operating Expenses": 67031000.0,
        "Other Taxes": 151342000.0,
        "Selling General And Administration": 154811000.0,
        "General And Administrative Expense": 154811000.0,
        "Other Gand A": 154811000.0,
        "Gross Profit": 2645007000.0,
        "Cost Of Revenue": 1261481000.0,
        "Total Revenue": 3906488000.0,
        "Operating Revenue": 3906488000.0
    }
}