{
    "2023-06-30": {
        "Tax Effect Of Unusual Items": 0.0,
        "Tax Rate For Calcs": 0.254,
        "Total Unusual Items": 0.0,
        "Total Unusual Items Excluding Goodwill": 0.0,
        "Net Income From Continuing Operation Net Minority Interest": 103000000.0,
        "Reconciled Depreciation": 64000000.0,
        "Net Interest Income": 873000000.0,
        "Interest Expense": 244000000.0,
        "Interest Income": 1117000000.0,
        "Normalized Income": 103000000.0,
        "Net Income From Continuing And Discontinued Operation": 103000000.0,
        "Diluted Average Shares": 120646869.0,
        "Basic Average Shares": 120539759.0,
        "Diluted EPS": 0.85,
        "Basic EPS": 0.85,
        "Diluted NI Availto Com Stockholders": 103000000.0,
        "Net Income Common Stockholders": 103000000.0,
        "Net Income": 103000000.0,
        "Net Income Including Noncontrolling Interests": 103000000.0,
        "Net Income Continuous Operations": 103000000.0,
        "Tax Provision": 35000000.0,
        "Pretax Income": 138000000.0,
        "Special Income Charges": 0.0,
        "Other Special Charges": NaN,
        "Restructuring And Mergern Acquisition": NaN,
        "Gain On Sale Of Security": 27000000.0,
        "Selling General And Administration": 263000000.0,
        "General And Administrative Expense": 263000000.0,
        "Insurance And Claims": 44000000.0,
        "Salaries And Wages": 219000000.0,
        "Total Revenue": 1058000000.0,
        "Operating Revenue": 1058000000.0
    },
    "2023-03-31": {
        "Tax Effect Of Unusual Items": 0.0,
        "Tax Rate For Calcs": 0.24,
        "Total Unusual Items": NaN,
        "Total Unusual Items Excluding Goodwill": NaN,
        "Net Income From Continuing Operation Net Minority Interest": 179000000.0,
        "Reconciled Depreciation": 61000000.0,
        "Net Interest Income": 855000000.0,
        "Interest Expense": 239000000.0,
        "Interest Income": 1094000000.0,
        "Normalized Income": 179000000.0,
        "Net Income From Continuing And Discontinued Operation": 179000000.0,
        "Diluted Average Shares": 120969891.0,
        "Basic Average Shares": 120765661.0,
        "Diluted EPS": 1.48,
        "Basic EPS": 1.48,
        "Diluted NI Availto Com Stockholders": 179000000.0,
        "Net Income Common Stockholders": 179000000.0,
        "Net Income": 179000000.0,
        "Net Income Including Noncontrolling Interests": 179000000.0,
        "Net Income Continuous Operations": 179000000.0,
        "Tax Provision": 56000000.0,
        "Pretax Income": 235000000.0,
        "Special Income Charges": NaN,
        "Other Special Charges": NaN,
        "Restructuring And Mergern Acquisition": NaN,
        "Gain On Sale Of Security": 25000000.0,
        "Selling General And Administration": 259000000.0,
        "General And Administrative Expense": 259000000.0,
        "Insurance And Claims": 47000000.0,
        "Salaries And Wages": 212000000.0,
        "Total Revenue": 1032000000.0,
        "Operating Revenue": 1032000000.0
    },
    "2022-12-31": {
        "Tax Effect Of Unusual Items": 962025.316456,
        "Tax Rate For Calcs": 0.240506,
        "Total Unusual Items": 4000000.0,
        "Total Unusual Items Excluding Goodwill": 4000000.0,
        "Net Income From Continuing Operation Net Minority Interest": 180000000.0,
        "Reconciled Depreciation": 74000000.0,
        "Net Interest Income": 891000000.0,
        "Interest Expense": 231000000.0,
        "Interest Income": 1122000000.0,
        "Normalized Income": 176962025.316456,
        "Net Income From Continuing And Discontinued Operation": 180000000.0,
        "Diluted Average Shares": 121900000.0,
        "Basic Average Shares": 121042125.0,
        "Diluted EPS": 1.48,
        "Basic EPS": 1.487086,
        "Diluted NI Availto Com Stockholders": 180000000.0,
        "Net Income Common Stockholders": 180000000.0,
        "Net Income": 180000000.0,
        "Net Income Including Noncontrolling Interests": 180000000.0,
        "Net Income Continuous Operations": 180000000.0,
        "Tax Provision": 57000000.0,
        "Pretax Income": 237000000.0,
        "Special Income Charges": 4000000.0,
        "Other Special Charges": 1000000.0,
        "Restructuring And Mergern Acquisition": 5000000.0,
        "Gain On Sale Of Security": 21000000.0,
        "Selling General And Administration": 249000000.0,
        "General And Administrative Expense": 249000000.0,
        "Insurance And Claims": 34000000.0,
        "Salaries And Wages": 215000000.0,
        "Total Revenue": 1061000000.0,
        "Operating Revenue": 1061000000.0
    },
    "2022-09-30": {
        "Tax Effect Of Unusual Items": 496000.0,
        "Tax Rate For Calcs": 0.248,
        "Total Unusual Items": 2000000.0,
        "Total Unusual Items Excluding Goodwill": 2000000.0,
        "Net Income From Continuing Operation Net Minority Interest": 188000000.0,
        "Reconciled Depreciation": 63000000.0,
        "Net Interest Income": 895000000.0,
        "Interest Expense": 223000000.0,
        "Interest Income": 1118000000.0,
        "Normalized Income": 186496000.0,
        "Net Income From Continuing And Discontinued Operation": 188000000.0,
        "Diluted Average Shares": 123568620.0,
        "Basic Average Shares": 123352522.0,
        "Diluted EPS": 1.49,
        "Basic EPS": 1.5,
        "Diluted NI Availto Com Stockholders": 188000000.0,
        "Net Income Common Stockholders": 188000000.0,
        "Net Income": 188000000.0,
        "Net Income Including Noncontrolling Interests": 188000000.0,
        "Net Income Continuous Operations": 188000000.0,
        "Tax Provision": 62000000.0,
        "Pretax Income": 250000000.0,
        "Special Income Charges": 2000000.0,
        "Other Special Charges": 1000000.0,
        "Restructuring And Mergern Acquisition": 3000000.0,
        "Gain On Sale Of Security": 16000000.0,
        "Selling General And Administration": 31000000.0,
        "General And Administrative Expense": 31000000.0,
        "Insurance And Claims": 31000000.0,
        "Salaries And Wages": 212000000.0,
        "Total Revenue": 1063000000.0,
        "Operating Revenue": 1063000000.0
    },
    "2022-06-30": {
        "Tax Effect Of Unusual Items": -7100000.0,
        "Tax Rate For Calcs": 0.253571,
        "Total Unusual Items": -28000000.0,
        "Total Unusual Items Excluding Goodwill": -28000000.0,
        "Net Income From Continuing Operation Net Minority Interest": 209000000.0,
        "Reconciled Depreciation": 64000000.0,
        "Net Interest Income": 887000000.0,
        "Interest Expense": 219000000.0,
        "Interest Income": 1106000000.0,
        "Normalized Income": 229900000.0,
        "Net Income From Continuing And Discontinued Operation": 209000000.0,
        "Diluted Average Shares": 124697971.0,
        "Basic Average Shares": 124539551.0,
        "Diluted EPS": 1.67,
        "Basic EPS": 1.67,
        "Diluted NI Availto Com Stockholders": 209000000.0,
        "Net Income Common Stockholders": 209000000.0,
        "Net Income": 209000000.0,
        "Net Income Including Noncontrolling Interests": 209000000.0,
        "Net Income Continuous Operations": 209000000.0,
        "Tax Provision": 71000000.0,
        "Pretax Income": 280000000.0,
        "Special Income Charges": -28000000.0,
        "Other Special Charges": NaN,
        "Restructuring And Mergern Acquisition": 0.0,
        "Gain On Sale Of Security": 9000000.0,
        "Selling General And Administration": 40000000.0,
        "General And Administrative Expense": 40000000.0,
        "Insurance And Claims": 40000000.0,
        "Salaries And Wages": 205000000.0,
        "Total Revenue": 1043000000.0,
        "Operating Revenue": 1043000000.0
    },
    "2022-03-31": {
        "Diluted EPS": 2.38,
        "Total Revenue": NaN,
        "Gross Profit": NaN,
        "Operating Income": 399,
        "EBIT": NaN,
        "Net Income": 303
    },
    "2021-12-31": {
        "Diluted EPS": 2.04,
        "Total Revenue": NaN,
        "Gross Profit": NaN,
        "Operating Income": 356,
        "EBIT": NaN,
        "Net Income": 263
    },
    "2021-09-30": {
        "Diluted EPS": 2.17,
        "Total Revenue": NaN,
        "Gross Profit": NaN,
        "Operating Income": 376,
        "EBIT": NaN,
        "Net Income": 288
    },
    "2021-06-30": {
        "Diluted EPS": 2.6,
        "Total Revenue": NaN,
        "Gross Profit": 990,
        "Operating Income": 463,
        "EBIT": NaN,
        "Net Income": 350
    },
    "2021-03-31": {
        "Diluted EPS": 3.06,
        "Total Revenue": NaN,
        "Gross Profit": 916,
        "Operating Income": 546,
        "EBIT": NaN,
        "Net Income": 413
    },
    "2020-12-31": {
        "Diluted EPS": 2.65,
        "Total Revenue": NaN,
        "Gross Profit": 986,
        "Operating Income": 475,
        "EBIT": NaN,
        "Net Income": 359
    },
    "2020-09-30": {
        "Diluted EPS": 1.86,
        "Total Revenue": NaN,
        "Gross Profit": 935,
        "Operating Income": 341,
        "EBIT": NaN,
        "Net Income": 250
    },
    "2020-06-30": {
        "Diluted EPS": 0.66,
        "Total Revenue": NaN,
        "Gross Profit": 954,
        "Operating Income": 118,
        "EBIT": NaN,
        "Net Income": 89
    },
    "2020-03-31": {
        "Diluted EPS": 0.24,
        "Total Revenue": NaN,
        "Gross Profit": 992,
        "Operating Income": 43,
        "EBIT": NaN,
        "Net Income": 32
    },
    "2019-12-31": {
        "Diluted EPS": 1.92,
        "Total Revenue": NaN,
        "Gross Profit": NaN,
        "Operating Income": 343,
        "EBIT": NaN,
        "Net Income": 261
    },
    "2019-09-30": {
        "Diluted EPS": 1.82,
        "Total Revenue": NaN,
        "Gross Profit": 977,
        "Operating Income": 297,
        "EBIT": NaN,
        "Net Income": 248
    },
    "2019-06-30": {
        "Diluted EPS": 1.42,
        "Total Revenue": NaN,
        "Gross Profit": 918,
        "Operating Income": 256,
        "EBIT": NaN,
        "Net Income": 194
    },
    "2019-03-31": {
        "Diluted EPS": 1.11,
        "Total Revenue": NaN,
        "Gross Profit": 868,
        "Operating Income": 202,
        "EBIT": NaN,
        "Net Income": 152
    },
    "2018-12-31": {
        "Diluted EPS": 1.24,
        "Total Revenue": NaN,
        "Gross Profit": 883,
        "Operating Income": 214,
        "EBIT": NaN,
        "Net Income": 168
    },
    "2018-09-30": {
        "Diluted EPS": 1.09,
        "Total Revenue": NaN,
        "Gross Profit": 850,
        "Operating Income": 199,
        "EBIT": NaN,
        "Net Income": 148
    },
    "2018-06-30": {
        "Diluted EPS": 0.05,
        "Total Revenue": NaN,
        "Gross Profit": 825,
        "Operating Income": 43,
        "EBIT": NaN,
        "Net Income": 7
    },
    "2018-03-31": {
        "Diluted EPS": 0.91,
        "Total Revenue": 999,
        "Gross Profit": 799,
        "Operating Income": 168,
        "EBIT": NaN,
        "Net Income": 124
    },
    "2017-12-31": {
        "Diluted EPS": 0.29,
        "Total Revenue": NaN,
        "Gross Profit": 799,
        "Operating Income": 128,
        "EBIT": NaN,
        "Net Income": 39
    },
    "2017-09-30": {
        "Diluted EPS": 0.51,
        "Total Revenue": 960,
        "Gross Profit": 753,
        "Operating Income": 143,
        "EBIT": NaN,
        "Net Income": 69
    },
    "2017-06-30": {
        "Diluted EPS": 0.3,
        "Total Revenue": 893,
        "Gross Profit": 690,
        "Operating Income": 80,
        "EBIT": NaN,
        "Net Income": 42
    },
    "2017-03-31": {
        "Diluted EPS": 0.25,
        "Total Revenue": 900,
        "Gross Profit": 698,
        "Operating Income": 80,
        "EBIT": NaN,
        "Net Income": 33
    },
    "2016-12-31": {
        "Diluted EPS": 0.2,
        "Total Revenue": 915,
        "Gross Profit": 714,
        "Operating Income": 62,
        "EBIT": NaN,
        "Net Income": 27
    },
    "2016-09-30": {
        "Diluted EPS": 0.19,
        "Total Revenue": 928,
        "Gross Profit": 713,
        "Operating Income": 54,
        "EBIT": NaN,
        "Net Income": 25
    },
    "2016-06-30": {
        "Diluted EPS": 0.19,
        "Total Revenue": 906,
        "Gross Profit": 692,
        "Operating Income": 63,
        "EBIT": NaN,
        "Net Income": 26
    },
    "2016-03-31": {
        "Diluted EPS": 1.01,
        "Total Revenue": NaN,
        "Gross Profit": 908,
        "Operating Income": 285,
        "EBIT": NaN,
        "Net Income": 137
    },
    "2015-12-31": {
        "Diluted EPS": -1.53,
        "Total Revenue": 796,
        "Gross Profit": 581,
        "Operating Income": -264,
        "EBIT": NaN,
        "Net Income": -195
    },
    "2015-09-30": {
        "Diluted EPS": -0.1,
        "Total Revenue": 474,
        "Gross Profit": 303,
        "Operating Income": 34,
        "EBIT": NaN,
        "Net Income": -13
    },
    "2015-06-30": {
        "Diluted EPS": -0.09,
        "Total Revenue": 465,
        "Gross Profit": 294,
        "Operating Income": 25,
        "EBIT": NaN,
        "Net Income": -12
    },
    "2015-03-31": {
        "Diluted EPS": 0.0,
        "Total Revenue": 457,
        "Gross Profit": 299,
        "Operating Income": 41,
        "EBIT": NaN,
        "Net Income": NaN
    },
    "2014-12-31": {
        "Diluted EPS": -0.76,
        "Total Revenue": 291,
        "Gross Profit": 134,
        "Operating Income": -82,
        "EBIT": NaN,
        "Net Income": -88
    },
    "2014-09-30": {
        "Diluted EPS": 3.7,
        "Total Revenue": NaN,
        "Gross Profit": 990,
        "Operating Income": 697,
        "EBIT": NaN,
        "Net Income": 427
    },
    "2014-06-30": {
        "Diluted EPS": 0.63,
        "Total Revenue": 625,
        "Gross Profit": 433,
        "Operating Income": 147,
        "EBIT": NaN,
        "Net Income": 72
    },
    "2014-03-31": {
        "Diluted EPS": 0.45,
        "Total Revenue": 633,
        "Gross Profit": 428,
        "Operating Income": 99,
        "EBIT": NaN,
        "Net Income": 52
    },
    "2013-12-31": {
        "Diluted EPS": 0.28,
        "Total Revenue": 615,
        "Gross Profit": 396,
        "Operating Income": 40,
        "EBIT": NaN,
        "Net Income": 27
    },
    "2013-09-30": {
        "Diluted EPS": -0.93,
        "Total Revenue": 603,
        "Gross Profit": 374,
        "Operating Income": -92,
        "EBIT": NaN,
        "Net Income": -93
    },
    "2013-06-30": {
        "Diluted EPS": 0.56,
        "Total Revenue": 632,
        "Gross Profit": 392,
        "Operating Income": 144,
        "EBIT": NaN,
        "Net Income": 56
    },
    "2013-03-31": {
        "Diluted EPS": -0.1,
        "Total Revenue": 457,
        "Gross Profit": 225,
        "Operating Income": -14,
        "EBIT": NaN,
        "Net Income": -10
    },
    "2012-12-31": {
        "Diluted EPS": 0.0,
        "Total Revenue": NaN,
        "Gross Profit": NaN,
        "Operating Income": NaN,
        "EBIT": NaN,
        "Net Income": NaN
    },
    "2012-09-30": {
        "Diluted EPS": -0.45,
        "Total Revenue": 450,
        "Gross Profit": 181,
        "Operating Income": -69,
        "EBIT": NaN,
        "Net Income": -45
    },
    "2012-06-30": {
        "Diluted EPS": 0.0,
        "Total Revenue": NaN,
        "Gross Profit": NaN,
        "Operating Income": NaN,
        "EBIT": NaN,
        "Net Income": NaN
    },
    "2011-12-31": {
        "Diluted EPS": 0.0,
        "Total Revenue": NaN,
        "Gross Profit": NaN,
        "Operating Income": NaN,
        "EBIT": NaN,
        "Net Income": NaN
    },
    "2023-09-30": {
        "Tax Effect Of Unusual Items": 0.0,
        "Tax Rate For Calcs": 0.21,
        "Total Unusual Items": 0.0,
        "Total Unusual Items Excluding Goodwill": 0.0,
        "Net Income From Continuing Operation Net Minority Interest": 194000000.0,
        "Reconciled Depreciation": 66000000.0,
        "Net Interest Income": 900000000.0,
        "Interest Expense": 267000000.0,
        "Interest Income": 1167000000.0,
        "Normalized Income": 194000000.0,
        "Net Income From Continuing And Discontinued Operation": 194000000.0,
        "Diluted Average Shares": 120754694.0,
        "Basic Average Shares": 120407889.0,
        "Diluted EPS": 1.61,
        "Basic EPS": 1.61,
        "Diluted NI Availto Com Stockholders": 194000000.0,
        "Net Income Common Stockholders": 194000000.0,
        "Net Income": 194000000.0,
        "Net Income Including Noncontrolling Interests": 194000000.0,
        "Net Income Continuous Operations": 194000000.0,
        "Tax Provision": 52000000.0,
        "Pretax Income": 246000000.0,
        "Special Income Charges": 0.0,
        "Other Special Charges": NaN,
        "Restructuring And Mergern Acquisition": NaN,
        "Gain On Sale Of Security": 32000000.0,
        "Selling General And Administration": 265000000.0,
        "General And Administrative Expense": 265000000.0,
        "Insurance And Claims": 48000000.0,
        "Salaries And Wages": 217000000.0,
        "Total Revenue": 1085000000.0,
        "Operating Revenue": 1085000000.0
    }
}