{
    "2023-03-31": {
        "Tax Effect Of Unusual Items": 0.0,
        "Tax Rate For Calcs": 0.0,
        "Normalized EBITDA": -21557000.0,
        "Net Income From Continuing Operation Net Minority Interest": -23633000.0,
        "Reconciled Depreciation": 1817000.0,
        "Reconciled Cost Of Revenue": 807000.0,
        "EBITDA": -21557000.0,
        "EBIT": -23374000.0,
        "Net Interest Income": 1745000.0,
        "Interest Expense": 259000.0,
        "Interest Income": 2004000.0,
        "Normalized Income": -23633000.0,
        "Net Income From Continuing And Discontinued Operation": -23633000.0,
        "Total Expenses": 26241000.0,
        "Total Operating Income As Reported": -25378000.0,
        "Diluted Average Shares": 71926412.0,
        "Basic Average Shares": 71926412.0,
        "Diluted EPS": -0.33,
        "Basic EPS": -0.33,
        "Diluted NI Availto Com Stockholders": -23633000.0,
        "Net Income Common Stockholders": -23633000.0,
        "Net Income": -23633000.0,
        "Net Income Including Noncontrolling Interests": -23633000.0,
        "Net Income Continuous Operations": -23633000.0,
        "Pretax Income": -23633000.0,
        "Net Non Operating Interest Income Expense": 1745000.0,
        "Interest Expense Non Operating": 259000.0,
        "Interest Income Non Operating": 2004000.0,
        "Operating Income": -25378000.0,
        "Operating Expense": 25434000.0,
        "Research And Development": 12230000.0,
        "Selling General And Administration": 13204000.0,
        "Gross Profit": 56000.0,
        "Cost Of Revenue": 807000.0,
        "Total Revenue": 863000.0,
        "Operating Revenue": 863000.0
    },
    "2022-12-31": {
        "Tax Effect Of Unusual Items": 0.0,
        "Tax Rate For Calcs": 0.0,
        "Normalized EBITDA": -19137000.0,
        "Net Income From Continuing Operation Net Minority Interest": -21101000.0,
        "Reconciled Depreciation": 1721000.0,
        "Reconciled Cost Of Revenue": NaN,
        "EBITDA": -19137000.0,
        "EBIT": -20858000.0,
        "Net Interest Income": 1429000.0,
        "Interest Expense": 243000.0,
        "Interest Income": 1672000.0,
        "Normalized Income": -21101000.0,
        "Net Income From Continuing And Discontinued Operation": -21101000.0,
        "Total Expenses": 23295000.0,
        "Total Operating Income As Reported": -22530000.0,
        "Diluted Average Shares": 71584976.0,
        "Basic Average Shares": 71584976.0,
        "Diluted EPS": -0.29,
        "Basic EPS": -0.29,
        "Diluted NI Availto Com Stockholders": -21101000.0,
        "Net Income Common Stockholders": -21101000.0,
        "Net Income": -21101000.0,
        "Net Income Including Noncontrolling Interests": -21101000.0,
        "Net Income Continuous Operations": -21101000.0,
        "Pretax Income": -21101000.0,
        "Net Non Operating Interest Income Expense": 1429000.0,
        "Interest Expense Non Operating": 243000.0,
        "Interest Income Non Operating": 1672000.0,
        "Operating Income": -22530000.0,
        "Operating Expense": 22506000.0,
        "Research And Development": 10760000.0,
        "Selling General And Administration": 11746000.0,
        "Gross Profit": NaN,
        "Cost Of Revenue": NaN,
        "Total Revenue": 765000.0,
        "Operating Revenue": 765000.0
    },
    "2022-09-30": {
        "Tax Effect Of Unusual Items": 0.0,
        "Tax Rate For Calcs": 0.0,
        "Normalized EBITDA": -21912000.0,
        "Net Income From Continuing Operation Net Minority Interest": -23790000.0,
        "Reconciled Depreciation": 1667000.0,
        "Reconciled Cost Of Revenue": NaN,
        "EBITDA": -21912000.0,
        "EBIT": -23579000.0,
        "Net Interest Income": 904000.0,
        "Interest Expense": 211000.0,
        "Interest Income": 1115000.0,
        "Normalized Income": -23790000.0,
        "Net Income From Continuing And Discontinued Operation": -23790000.0,
        "Total Expenses": 24694000.0,
        "Total Operating Income As Reported": -24694000.0,
        "Diluted Average Shares": 71216292.0,
        "Basic Average Shares": 71216292.0,
        "Diluted EPS": -0.33,
        "Basic EPS": -0.33,
        "Diluted NI Availto Com Stockholders": -23790000.0,
        "Net Income Common Stockholders": -23790000.0,
        "Net Income": -23790000.0,
        "Net Income Including Noncontrolling Interests": -23790000.0,
        "Net Income Continuous Operations": -23790000.0,
        "Pretax Income": -23790000.0,
        "Net Non Operating Interest Income Expense": 904000.0,
        "Interest Expense Non Operating": 211000.0,
        "Interest Income Non Operating": 1115000.0,
        "Operating Income": -24694000.0,
        "Operating Expense": 24694000.0,
        "Research And Development": 12732000.0,
        "Selling General And Administration": 11962000.0,
        "Gross Profit": NaN,
        "Cost Of Revenue": NaN,
        "Total Revenue": 0.0,
        "Operating Revenue": 0.0
    },
    "2022-06-30": {
        "Tax Effect Of Unusual Items": 0.0,
        "Tax Rate For Calcs": 0.0,
        "Normalized EBITDA": -22273000.0,
        "Net Income From Continuing Operation Net Minority Interest": -23982000.0,
        "Reconciled Depreciation": 1542000.0,
        "Reconciled Cost Of Revenue": NaN,
        "EBITDA": -22273000.0,
        "EBIT": -23815000.0,
        "Net Interest Income": 261000.0,
        "Interest Expense": 167000.0,
        "Interest Income": 428000.0,
        "Normalized Income": -23982000.0,
        "Net Income From Continuing And Discontinued Operation": -23982000.0,
        "Total Expenses": 24243000.0,
        "Total Operating Income As Reported": -24243000.0,
        "Diluted Average Shares": 70779326.0,
        "Basic Average Shares": 70779326.0,
        "Diluted EPS": -0.34,
        "Basic EPS": -0.34,
        "Diluted NI Availto Com Stockholders": -23982000.0,
        "Net Income Common Stockholders": -23982000.0,
        "Net Income": -23982000.0,
        "Net Income Including Noncontrolling Interests": -23982000.0,
        "Net Income Continuous Operations": -23982000.0,
        "Pretax Income": -23982000.0,
        "Net Non Operating Interest Income Expense": 261000.0,
        "Interest Expense Non Operating": 167000.0,
        "Interest Income Non Operating": 428000.0,
        "Operating Income": -24243000.0,
        "Operating Expense": 24243000.0,
        "Research And Development": 12061000.0,
        "Selling General And Administration": 12182000.0,
        "General And Administrative Expense": 12182000.0,
        "Other Gand A": 12182000.0,
        "Gross Profit": NaN,
        "Cost Of Revenue": NaN,
        "Total Revenue": 0.0,
        "Operating Revenue": 0.0
    },
    "2022-03-31": {
        "Diluted EPS": -0.31,
        "Total Revenue": NaN,
        "Gross Profit": NaN,
        "Operating Income": -22,
        "EBIT": -20,
        "Net Income": -22
    },
    "2021-12-31": {
        "Diluted EPS": 1.38,
        "Total Revenue": NaN,
        "Gross Profit": NaN,
        "Operating Income": -20,
        "EBIT": -19,
        "Net Income": -20
    },
    "2021-09-30": {
        "Diluted EPS": -0.25,
        "Total Revenue": NaN,
        "Gross Profit": NaN,
        "Operating Income": -17,
        "EBIT": -16,
        "Net Income": -18
    },
    "2021-06-30": {
        "Diluted EPS": -1.18,
        "Total Revenue": NaN,
        "Gross Profit": NaN,
        "Operating Income": -14,
        "EBIT": -13,
        "Net Income": -37
    },
    "2021-03-31": {
        "Diluted EPS": -2.05,
        "Total Revenue": NaN,
        "Gross Profit": NaN,
        "Operating Income": -10,
        "EBIT": -10,
        "Net Income": -24
    },
    "2020-12-31": {
        "Diluted EPS": -0.73,
        "Total Revenue": NaN,
        "Gross Profit": NaN,
        "Operating Income": -8,
        "EBIT": -7,
        "Net Income": -8
    },
    "2020-09-30": {
        "Diluted EPS": -0.74,
        "Total Revenue": NaN,
        "Gross Profit": NaN,
        "Operating Income": -8,
        "EBIT": -8,
        "Net Income": -8
    },
    "2020-06-30": {
        "Diluted EPS": -0.65,
        "Total Revenue": NaN,
        "Gross Profit": NaN,
        "Operating Income": -7,
        "EBIT": -7,
        "Net Income": -7
    },
    "2020-03-31": {
        "Diluted EPS": -0.52,
        "Total Revenue": NaN,
        "Gross Profit": NaN,
        "Operating Income": -5,
        "EBIT": -5,
        "Net Income": -5
    },
    "2019-12-31": {
        "Diluted EPS": 0.0,
        "Total Revenue": NaN,
        "Gross Profit": NaN,
        "Operating Income": NaN,
        "EBIT": NaN,
        "Net Income": NaN
    },
    "2023-06-30": {
        "Tax Effect Of Unusual Items": 0.0,
        "Tax Rate For Calcs": 0.0,
        "Normalized EBITDA": -23426000.0,
        "Net Income From Continuing Operation Net Minority Interest": -25578000.0,
        "Reconciled Depreciation": 1882000.0,
        "Reconciled Cost Of Revenue": 597000.0,
        "EBITDA": -23426000.0,
        "EBIT": -25308000.0,
        "Net Interest Income": 2025000.0,
        "Interest Expense": 270000.0,
        "Interest Income": 2295000.0,
        "Normalized Income": -25578000.0,
        "Net Income From Continuing And Discontinued Operation": -25578000.0,
        "Total Expenses": 28108000.0,
        "Total Operating Income As Reported": -27603000.0,
        "Diluted Average Shares": 72510020.0,
        "Basic Average Shares": 72510020.0,
        "Diluted EPS": -0.35,
        "Basic EPS": -0.35,
        "Diluted NI Availto Com Stockholders": -25578000.0,
        "Net Income Common Stockholders": -25578000.0,
        "Net Income": -25578000.0,
        "Net Income Including Noncontrolling Interests": -25578000.0,
        "Net Income Continuous Operations": -25578000.0,
        "Pretax Income": -25578000.0,
        "Net Non Operating Interest Income Expense": 2025000.0,
        "Interest Expense Non Operating": 270000.0,
        "Interest Income Non Operating": 2295000.0,
        "Operating Income": -27603000.0,
        "Operating Expense": 27511000.0,
        "Research And Development": 12624000.0,
        "Selling General And Administration": 14887000.0,
        "Gross Profit": -92000.0,
        "Cost Of Revenue": 597000.0,
        "Total Revenue": 505000.0,
        "Operating Revenue": 505000.0
    },
    "2023-09-30": {
        "Tax Effect Of Unusual Items": 0.0,
        "Tax Rate For Calcs": 0.0,
        "Normalized EBITDA": -20205000.0,
        "Net Income From Continuing Operation Net Minority Interest": -22360000.0,
        "Reconciled Depreciation": 1870000.0,
        "Reconciled Cost Of Revenue": 527000.0,
        "EBITDA": -20205000.0,
        "EBIT": -22075000.0,
        "Net Interest Income": 2179000.0,
        "Interest Expense": 285000.0,
        "Interest Income": 2464000.0,
        "Normalized Income": -22360000.0,
        "Net Income From Continuing And Discontinued Operation": -22360000.0,
        "Total Expenses": 25001000.0,
        "Total Operating Income As Reported": -24539000.0,
        "Diluted Average Shares": 73178822.0,
        "Basic Average Shares": 73178822.0,
        "Diluted EPS": -0.31,
        "Basic EPS": -0.31,
        "Diluted NI Availto Com Stockholders": -22360000.0,
        "Net Income Common Stockholders": -22360000.0,
        "Net Income": -22360000.0,
        "Net Income Including Noncontrolling Interests": -22360000.0,
        "Net Income Continuous Operations": -22360000.0,
        "Pretax Income": -22360000.0,
        "Net Non Operating Interest Income Expense": 2179000.0,
        "Interest Expense Non Operating": 285000.0,
        "Interest Income Non Operating": 2464000.0,
        "Operating Income": -24539000.0,
        "Operating Expense": 24474000.0,
        "Research And Development": 11220000.0,
        "Selling General And Administration": 13254000.0,
        "Gross Profit": -65000.0,
        "Cost Of Revenue": 527000.0,
        "Total Revenue": 462000.0,
        "Operating Revenue": 462000.0
    },
    "2023-12-31": {
        "Tax Effect Of Unusual Items": 0.0,
        "Tax Rate For Calcs": 0.0,
        "Normalized EBITDA": -21308000.0,
        "Net Income From Continuing Operation Net Minority Interest": -23249000.0,
        "Reconciled Depreciation": 1654000.0,
        "Reconciled Cost Of Revenue": 1538000.0,
        "EBITDA": -21308000.0,
        "EBIT": -22962000.0,
        "Net Interest Income": 2032000.0,
        "Interest Expense": 287000.0,
        "Interest Income": 2319000.0,
        "Normalized Income": -23249000.0,
        "Net Income From Continuing And Discontinued Operation": -23249000.0,
        "Total Expenses": 26362000.0,
        "Total Operating Income As Reported": -25281000.0,
        "Diluted Average Shares": NaN,
        "Basic Average Shares": NaN,
        "Diluted EPS": NaN,
        "Basic EPS": NaN,
        "Diluted NI Availto Com Stockholders": -23249000.0,
        "Net Income Common Stockholders": -23249000.0,
        "Net Income": -23249000.0,
        "Net Income Including Noncontrolling Interests": -23249000.0,
        "Net Income Continuous Operations": -23249000.0,
        "Pretax Income": -23249000.0,
        "Net Non Operating Interest Income Expense": 2032000.0,
        "Interest Expense Non Operating": 287000.0,
        "Interest Income Non Operating": 2319000.0,
        "Operating Income": -25281000.0,
        "Operating Expense": 24824000.0,
        "Research And Development": 11690000.0,
        "Selling General And Administration": 13134000.0,
        "Gross Profit": -457000.0,
        "Cost Of Revenue": 1538000.0,
        "Total Revenue": 1081000.0,
        "Operating Revenue": 1081000.0
    }
}