{
    "2023-03-31": {
        "Tax Effect Of Unusual Items": 0.0,
        "Tax Rate For Calcs": 0.052162,
        "Normalized EBITDA": -1937000.0,
        "Net Income From Continuing Operation Net Minority Interest": -3507000.0,
        "Reconciled Depreciation": 825000.0,
        "Reconciled Cost Of Revenue": 21818000.0,
        "EBIT": -2762000.0,
        "Net Interest Income": -938000.0,
        "Interest Expense": 938000.0,
        "Normalized Income": -3507000.0,
        "Net Income From Continuing And Discontinued Operation": -3507000.0,
        "Total Expenses": 29832000.0,
        "Total Operating Income As Reported": -2011000.0,
        "Diluted Average Shares": 7749870.0,
        "Basic Average Shares": 7749870.0,
        "Diluted EPS": -0.45,
        "Basic EPS": -0.45,
        "Diluted NI Availto Com Stockholders": -3515000.0,
        "Net Income Common Stockholders": -3515000.0,
        "Preferred Stock Dividends": 8000.0,
        "Net Income": -3507000.0,
        "Minority Interests": 0.0,
        "Net Income Including Noncontrolling Interests": -3507000.0,
        "Net Income Continuous Operations": -3507000.0,
        "Tax Provision": -193000.0,
        "Pretax Income": -3700000.0,
        "Other Income Expense": -751000.0,
        "Other Non Operating Income Expenses": -751000.0,
        "Net Non Operating Interest Income Expense": -938000.0,
        "Interest Expense Non Operating": 938000.0,
        "Operating Income": -2011000.0,
        "Operating Expense": 7733000.0,
        "Depreciation Amortization Depletion Income Statement": 544000.0,
        "Depreciation And Amortization In Income Statement": 544000.0,
        "Amortization": 436000.0,
        "Amortization Of Intangibles Income Statement": 436000.0,
        "Depreciation Income Statement": 108000.0,
        "Research And Development": 423000.0,
        "Selling General And Administration": 6766000.0,
        "Gross Profit": 5722000.0,
        "Cost Of Revenue": 22099000.0,
        "Total Revenue": 27821000.0,
        "Operating Revenue": 27821000.0
    },
    "2022-12-31": {
        "Tax Effect Of Unusual Items": 0.0,
        "Tax Rate For Calcs": 0.018429,
        "Normalized EBITDA": -2340000.0,
        "Net Income From Continuing Operation Net Minority Interest": -4048000.0,
        "Reconciled Depreciation": 857000.0,
        "Reconciled Cost Of Revenue": 20691000.0,
        "EBIT": -3197000.0,
        "Net Interest Income": -927000.0,
        "Interest Expense": 927000.0,
        "Normalized Income": -4048000.0,
        "Net Income From Continuing And Discontinued Operation": -4048000.0,
        "Total Expenses": 28472000.0,
        "Total Operating Income As Reported": -3466000.0,
        "Diluted Average Shares": 7714780.0,
        "Basic Average Shares": 7670166.0,
        "Diluted EPS": -0.53,
        "Basic EPS": -0.53,
        "Diluted NI Availto Com Stockholders": -3851000.0,
        "Net Income Common Stockholders": -3851000.0,
        "Preferred Stock Dividends": NaN,
        "Net Income": -4048000.0,
        "Minority Interests": 0.0,
        "Net Income Including Noncontrolling Interests": -4048000.0,
        "Net Income Continuous Operations": -4048000.0,
        "Tax Provision": -76000.0,
        "Pretax Income": -4124000.0,
        "Other Income Expense": 269000.0,
        "Other Non Operating Income Expenses": 269000.0,
        "Net Non Operating Interest Income Expense": -927000.0,
        "Interest Expense Non Operating": 927000.0,
        "Operating Income": -3466000.0,
        "Operating Expense": 7480000.0,
        "Depreciation Amortization Depletion Income Statement": 556000.0,
        "Depreciation And Amortization In Income Statement": 556000.0,
        "Amortization": 473000.0,
        "Amortization Of Intangibles Income Statement": 473000.0,
        "Depreciation Income Statement": 83000.0,
        "Research And Development": 390000.0,
        "Selling General And Administration": 6534000.0,
        "Gross Profit": 4014000.0,
        "Cost Of Revenue": 20992000.0,
        "Total Revenue": 25006000.0,
        "Operating Revenue": 25006000.0
    },
    "2022-09-30": {
        "Tax Effect Of Unusual Items": 0.0,
        "Tax Rate For Calcs": 0.4,
        "Normalized EBITDA": -2060000.0,
        "Net Income From Continuing Operation Net Minority Interest": -3810000.0,
        "Reconciled Depreciation": 815000.0,
        "Reconciled Cost Of Revenue": 20782000.0,
        "EBIT": -2875000.0,
        "Net Interest Income": -880000.0,
        "Interest Expense": 880000.0,
        "Normalized Income": -3810000.0,
        "Net Income From Continuing And Discontinued Operation": -3810000.0,
        "Total Expenses": 29666000.0,
        "Total Operating Income As Reported": -2658000.0,
        "Diluted Average Shares": 7578351.0,
        "Basic Average Shares": 7578351.0,
        "Diluted EPS": -0.52,
        "Basic EPS": -0.52,
        "Diluted NI Availto Com Stockholders": -3959000.0,
        "Net Income Common Stockholders": -3959000.0,
        "Preferred Stock Dividends": 149000.0,
        "Net Income": -3810000.0,
        "Minority Interests": 0.0,
        "Net Income Including Noncontrolling Interests": -3810000.0,
        "Net Income Continuous Operations": -3810000.0,
        "Tax Provision": 55000.0,
        "Pretax Income": -3755000.0,
        "Other Income Expense": -217000.0,
        "Other Non Operating Income Expenses": -217000.0,
        "Net Non Operating Interest Income Expense": -880000.0,
        "Interest Expense Non Operating": 880000.0,
        "Operating Income": -2658000.0,
        "Operating Expense": 8634000.0,
        "Depreciation Amortization Depletion Income Statement": 565000.0,
        "Depreciation And Amortization In Income Statement": 565000.0,
        "Amortization": 474000.0,
        "Amortization Of Intangibles Income Statement": 474000.0,
        "Depreciation Income Statement": 91000.0,
        "Research And Development": 445000.0,
        "Selling General And Administration": 7624000.0,
        "Gross Profit": 5976000.0,
        "Cost Of Revenue": 21032000.0,
        "Total Revenue": 27008000.0,
        "Operating Revenue": 27008000.0
    },
    "2022-06-30": {
        "Tax Effect Of Unusual Items": 0.0,
        "Tax Rate For Calcs": 0.029842,
        "Normalized EBITDA": -1719000.0,
        "Net Income From Continuing Operation Net Minority Interest": -3186000.0,
        "Reconciled Depreciation": 687000.0,
        "Reconciled Cost Of Revenue": 17999000.0,
        "EBIT": -2406000.0,
        "Net Interest Income": -878000.0,
        "Interest Expense": 878000.0,
        "Normalized Income": -3186000.0,
        "Net Income From Continuing And Discontinued Operation": -3186000.0,
        "Total Expenses": 26226000.0,
        "Total Operating Income As Reported": -2017000.0,
        "Diluted Average Shares": 7579795.0,
        "Basic Average Shares": 7579795.0,
        "Diluted EPS": -0.44,
        "Basic EPS": -0.44,
        "Diluted NI Availto Com Stockholders": -3327000.0,
        "Net Income Common Stockholders": -3327000.0,
        "Preferred Stock Dividends": 141000.0,
        "Net Income": -3186000.0,
        "Minority Interests": 0.0,
        "Net Income Including Noncontrolling Interests": -3186000.0,
        "Net Income Continuous Operations": -3186000.0,
        "Tax Provision": -98000.0,
        "Pretax Income": -3284000.0,
        "Other Income Expense": -389000.0,
        "Other Non Operating Income Expenses": -389000.0,
        "Net Non Operating Interest Income Expense": -878000.0,
        "Interest Expense Non Operating": 878000.0,
        "Operating Income": -2017000.0,
        "Operating Expense": 8004000.0,
        "Depreciation Amortization Depletion Income Statement": 464000.0,
        "Depreciation And Amortization In Income Statement": 464000.0,
        "Amortization": 406000.0,
        "Amortization Of Intangibles Income Statement": 406000.0,
        "Depreciation Income Statement": 58000.0,
        "Research And Development": 468000.0,
        "Selling General And Administration": 7072000.0,
        "Gross Profit": 5987000.0,
        "Cost Of Revenue": 18222000.0,
        "Total Revenue": 24209000.0,
        "Operating Revenue": 24209000.0
    },
    "2022-03-31": {
        "Diluted EPS": -0.34,
        "Total Revenue": 26,
        "Gross Profit": 6,
        "Operating Income": -1,
        "EBIT": -1,
        "Net Income": -3
    },
    "2021-12-31": {
        "Diluted EPS": -0.24,
        "Total Revenue": 25,
        "Gross Profit": 6,
        "Operating Income": -2,
        "EBIT": -2,
        "Net Income": -2
    },
    "2021-09-30": {
        "Diluted EPS": -0.73,
        "Total Revenue": 21,
        "Gross Profit": 5,
        "Operating Income": -4,
        "EBIT": -2,
        "Net Income": -5
    },
    "2021-06-30": {
        "Diluted EPS": -0.53,
        "Total Revenue": 13,
        "Gross Profit": 3,
        "Operating Income": -2,
        "EBIT": -1,
        "Net Income": -3
    },
    "2021-03-31": {
        "Diluted EPS": -0.7,
        "Total Revenue": 20,
        "Gross Profit": 3,
        "Operating Income": -3,
        "EBIT": -2,
        "Net Income": -3
    },
    "2020-12-31": {
        "Diluted EPS": 0.0,
        "Total Revenue": NaN,
        "Gross Profit": NaN,
        "Operating Income": NaN,
        "EBIT": NaN,
        "Net Income": NaN
    },
    "2020-09-30": {
        "Diluted EPS": -0.83,
        "Total Revenue": 16,
        "Gross Profit": 3,
        "Operating Income": -3,
        "EBIT": -2,
        "Net Income": -4
    },
    "2020-06-30": {
        "Diluted EPS": -0.49,
        "Total Revenue": 13,
        "Gross Profit": 3,
        "Operating Income": -1,
        "EBIT": -1,
        "Net Income": -2
    },
    "2019-12-31": {
        "Diluted EPS": 0.0,
        "Total Revenue": NaN,
        "Gross Profit": NaN,
        "Operating Income": NaN,
        "EBIT": NaN,
        "Net Income": NaN
    },
    "2023-06-30": {
        "Tax Effect Of Unusual Items": 0.0,
        "Tax Rate For Calcs": 0.02546,
        "Normalized EBITDA": -2547000.0,
        "Net Income From Continuing Operation Net Minority Interest": -3866000.0,
        "Reconciled Depreciation": 680000.0,
        "Reconciled Cost Of Revenue": 16398000.0,
        "EBIT": -3227000.0,
        "Net Interest Income": -740000.0,
        "Interest Expense": 740000.0,
        "Normalized Income": -3866000.0,
        "Net Income From Continuing And Discontinued Operation": -3866000.0,
        "Total Expenses": 22952000.0,
        "Total Operating Income As Reported": -2506000.0,
        "Diluted Average Shares": 7887283.0,
        "Basic Average Shares": 7887283.0,
        "Diluted EPS": -0.49,
        "Basic EPS": -0.49,
        "Diluted NI Availto Com Stockholders": -3874000.0,
        "Net Income Common Stockholders": -3874000.0,
        "Preferred Stock Dividends": 8000.0,
        "Net Income": -3866000.0,
        "Minority Interests": 0.0,
        "Net Income Including Noncontrolling Interests": -3866000.0,
        "Net Income Continuous Operations": -3866000.0,
        "Tax Provision": -101000.0,
        "Pretax Income": -3967000.0,
        "Other Income Expense": -721000.0,
        "Other Non Operating Income Expenses": -721000.0,
        "Net Non Operating Interest Income Expense": -740000.0,
        "Interest Expense Non Operating": 740000.0,
        "Operating Income": -2506000.0,
        "Operating Expense": 6392000.0,
        "Depreciation Amortization Depletion Income Statement": 518000.0,
        "Depreciation And Amortization In Income Statement": 518000.0,
        "Amortization": 422000.0,
        "Amortization Of Intangibles Income Statement": 422000.0,
        "Depreciation Income Statement": 96000.0,
        "Research And Development": 559000.0,
        "Selling General And Administration": 5315000.0,
        "Gross Profit": 3886000.0,
        "Cost Of Revenue": 16560000.0,
        "Total Revenue": 20446000.0,
        "Operating Revenue": 20446000.0
    }
}