{
    "2023-06-30": {
        "Tax Effect Of Unusual Items": 0.0,
        "Tax Rate For Calcs": 0.234,
        "Total Unusual Items": NaN,
        "Total Unusual Items Excluding Goodwill": NaN,
        "Net Income From Continuing Operation Net Minority Interest": 155036000.0,
        "Reconciled Depreciation": 6060000.0,
        "Net Interest Income": 382171000.0,
        "Interest Expense": 162731000.0,
        "Interest Income": 544902000.0,
        "Normalized Income": 155036000.0,
        "Net Income From Continuing And Discontinued Operation": 155036000.0,
        "Diluted Average Shares": 291266000.0,
        "Basic Average Shares": 290559000.0,
        "Diluted EPS": 0.52,
        "Basic EPS": 0.52,
        "Diluted NI Availto Com Stockholders": 151003000.0,
        "Net Income Common Stockholders": 151003000.0,
        "Preferred Stock Dividends": 4033000.0,
        "Net Income": 155036000.0,
        "Net Income Including Noncontrolling Interests": 155036000.0,
        "Net Income Continuous Operations": 155036000.0,
        "Tax Provision": 47393000.0,
        "Pretax Income": 202429000.0,
        "Securities Amortization": 2762000.0,
        "Gain On Sale Of Security": 17000.0,
        "Depreciation Amortization Depletion Income Statement": 6060000.0,
        "Depreciation And Amortization In Income Statement": 6060000.0,
        "Amortization": 6060000.0,
        "Amortization Of Intangibles Income Statement": 6060000.0,
        "Selling General And Administration": 159499000.0,
        "Selling And Marketing Expense": 9833000.0,
        "General And Administrative Expense": 149666000.0,
        "Other Gand A": 4232000.0,
        "Insurance And Claims": 9624000.0,
        "Salaries And Wages": 135810000.0,
        "Total Revenue": 463800000.0,
        "Operating Revenue": 463800000.0
    },
    "2023-03-31": {
        "Tax Effect Of Unusual Items": 0.0,
        "Tax Rate For Calcs": 0.2203,
        "Total Unusual Items": 0.0,
        "Total Unusual Items Excluding Goodwill": 0.0,
        "Net Income From Continuing Operation Net Minority Interest": 146600000.0,
        "Reconciled Depreciation": 6186000.0,
        "Net Interest Income": 381488000.0,
        "Interest Expense": 114161000.0,
        "Interest Income": 495649000.0,
        "Normalized Income": 146600000.0,
        "Net Income From Continuing And Discontinued Operation": 146600000.0,
        "Diluted Average Shares": 292756000.0,
        "Basic Average Shares": 291088000.0,
        "Diluted EPS": 0.49,
        "Basic EPS": 0.49,
        "Diluted NI Availto Com Stockholders": 142566000.0,
        "Net Income Common Stockholders": 142566000.0,
        "Preferred Stock Dividends": 4034000.0,
        "Net Income": 146600000.0,
        "Net Income Including Noncontrolling Interests": 146600000.0,
        "Net Income Continuous Operations": 146600000.0,
        "Tax Provision": 41421000.0,
        "Pretax Income": 188021000.0,
        "Securities Amortization": 2761000.0,
        "Gain On Sale Of Security": -5216000.0,
        "Depreciation Amortization Depletion Income Statement": 6186000.0,
        "Depreciation And Amortization In Income Statement": 6186000.0,
        "Amortization": 6186000.0,
        "Amortization Of Intangibles Income Statement": 6186000.0,
        "Selling General And Administration": 157185000.0,
        "Selling And Marketing Expense": 9417000.0,
        "General And Administrative Expense": 147768000.0,
        "Other Gand A": 23663000.0,
        "Insurance And Claims": 10404000.0,
        "Salaries And Wages": 137364000.0,
        "Total Revenue": 452169000.0,
        "Operating Revenue": 452169000.0
    },
    "2022-12-31": {
        "Tax Effect Of Unusual Items": 21214265.379097,
        "Tax Rate For Calcs": 0.233965,
        "Total Unusual Items": 90673000.0,
        "Total Unusual Items Excluding Goodwill": 90673000.0,
        "Net Income From Continuing Operation Net Minority Interest": 200735000.0,
        "Reconciled Depreciation": 6787000.0,
        "Net Interest Income": 391090000.0,
        "Interest Expense": 66731000.0,
        "Interest Income": 457821000.0,
        "Normalized Income": 131276265.379097,
        "Net Income From Continuing And Discontinued Operation": 200735000.0,
        "Diluted Average Shares": 293383000.0,
        "Basic Average Shares": 291187000.0,
        "Diluted EPS": 0.67,
        "Basic EPS": 0.675921,
        "Diluted NI Availto Com Stockholders": 196701000.0,
        "Net Income Common Stockholders": 196701000.0,
        "Preferred Stock Dividends": 4034000.0,
        "Net Income": 200735000.0,
        "Net Income Including Noncontrolling Interests": 200735000.0,
        "Net Income Continuous Operations": 200735000.0,
        "Tax Provision": 61309000.0,
        "Pretax Income": 262044000.0,
        "Securities Amortization": 5258000.0,
        "Gain On Sale Of Security": -173000.0,
        "Depreciation Amortization Depletion Income Statement": 6787000.0,
        "Depreciation And Amortization In Income Statement": 6787000.0,
        "Amortization": 6787000.0,
        "Amortization Of Intangibles Income Statement": 6787000.0,
        "Selling General And Administration": 156776000.0,
        "Selling And Marketing Expense": 8508000.0,
        "General And Administrative Expense": 148268000.0,
        "Other Gand A": -60755000.0,
        "Insurance And Claims": 5809000.0,
        "Salaries And Wages": 142459000.0,
        "Total Revenue": 556127000.0,
        "Operating Revenue": 556127000.0
    },
    "2022-09-30": {
        "Tax Effect Of Unusual Items": 0.0,
        "Tax Rate For Calcs": 0.217197,
        "Total Unusual Items": NaN,
        "Total Unusual Items Excluding Goodwill": NaN,
        "Net Income From Continuing Operation Net Minority Interest": 140153000.0,
        "Reconciled Depreciation": 7089000.0,
        "Net Interest Income": 376589000.0,
        "Interest Expense": 29929000.0,
        "Interest Income": 406518000.0,
        "Normalized Income": 140153000.0,
        "Net Income From Continuing And Discontinued Operation": 140153000.0,
        "Diluted Average Shares": 292483000.0,
        "Basic Average Shares": 290961000.0,
        "Diluted EPS": 0.47,
        "Basic EPS": 0.47,
        "Diluted NI Availto Com Stockholders": 136119000.0,
        "Net Income Common Stockholders": 136119000.0,
        "Preferred Stock Dividends": 4034000.0,
        "Net Income": 140153000.0,
        "Net Income Including Noncontrolling Interests": 140153000.0,
        "Net Income Continuous Operations": 140153000.0,
        "Tax Provision": 38887000.0,
        "Pretax Income": 179040000.0,
        "Securities Amortization": 2662000.0,
        "Gain On Sale Of Security": -172000.0,
        "Depreciation Amortization Depletion Income Statement": 7089000.0,
        "Depreciation And Amortization In Income Statement": 7089000.0,
        "Amortization": 7089000.0,
        "Amortization Of Intangibles Income Statement": 7089000.0,
        "Selling General And Administration": 189474000.0,
        "Selling And Marketing Expense": 10361000.0,
        "General And Administrative Expense": 179113000.0,
        "Other Gand A": 25661000.0,
        "Insurance And Claims": 6249000.0,
        "Salaries And Wages": 147203000.0,
        "Total Revenue": 456974000.0,
        "Operating Revenue": 456974000.0
    },
    "2022-06-30": {
        "Tax Effect Of Unusual Items": 0.0,
        "Tax Rate For Calcs": 0.178379,
        "Total Unusual Items": NaN,
        "Total Unusual Items Excluding Goodwill": NaN,
        "Net Income From Continuing Operation Net Minority Interest": 114985000.0,
        "Reconciled Depreciation": 7170000.0,
        "Net Interest Income": 337472000.0,
        "Interest Expense": 16886000.0,
        "Interest Income": 354358000.0,
        "Normalized Income": 114985000.0,
        "Net Income From Continuing And Discontinued Operation": 114985000.0,
        "Diluted Average Shares": 291881000.0,
        "Basic Average Shares": 290862000.0,
        "Diluted EPS": 0.38,
        "Basic EPS": 0.38,
        "Diluted NI Availto Com Stockholders": 110952000.0,
        "Net Income Common Stockholders": 110952000.0,
        "Preferred Stock Dividends": 4033000.0,
        "Net Income": 114985000.0,
        "Net Income Including Noncontrolling Interests": 114985000.0,
        "Net Income Continuous Operations": 114985000.0,
        "Tax Provision": 24964000.0,
        "Pretax Income": 139949000.0,
        "Securities Amortization": 1525000.0,
        "Gain On Sale Of Security": -85000.0,
        "Depreciation Amortization Depletion Income Statement": 7170000.0,
        "Depreciation And Amortization In Income Statement": 7170000.0,
        "Amortization": 7170000.0,
        "Amortization Of Intangibles Income Statement": 7170000.0,
        "Selling General And Administration": 207396000.0,
        "Selling And Marketing Expense": 9119000.0,
        "General And Administrative Expense": 198277000.0,
        "Other Gand A": 31761000.0,
        "Insurance And Claims": 4699000.0,
        "Salaries And Wages": 161817000.0,
        "Total Revenue": 426589000.0,
        "Operating Revenue": 426589000.0
    },
    "2022-03-31": {
        "Diluted EPS": -0.13,
        "Total Revenue": 301,
        "Gross Profit": 288,
        "Operating Income": -36,
        "EBIT": NaN,
        "Net Income": -30
    },
    "2021-12-31": {
        "Diluted EPS": 0.34,
        "Total Revenue": 208,
        "Gross Profit": 198,
        "Operating Income": 68,
        "EBIT": NaN,
        "Net Income": 56
    },
    "2021-09-30": {
        "Diluted EPS": 0.43,
        "Total Revenue": 217,
        "Gross Profit": 206,
        "Operating Income": 89,
        "EBIT": NaN,
        "Net Income": 72
    },
    "2021-06-30": {
        "Diluted EPS": 0.38,
        "Total Revenue": 212,
        "Gross Profit": 201,
        "Operating Income": 77,
        "EBIT": NaN,
        "Net Income": 63
    },
    "2021-03-31": {
        "Diluted EPS": 0.52,
        "Total Revenue": 216,
        "Gross Profit": 205,
        "Operating Income": 104,
        "EBIT": NaN,
        "Net Income": 87
    },
    "2020-12-31": {
        "Diluted EPS": 0.44,
        "Total Revenue": 232,
        "Gross Profit": 220,
        "Operating Income": 78,
        "EBIT": NaN,
        "Net Income": 74
    },
    "2020-09-30": {
        "Diluted EPS": 0.47,
        "Total Revenue": 225,
        "Gross Profit": 210,
        "Operating Income": 90,
        "EBIT": NaN,
        "Net Income": 78
    },
    "2020-06-30": {
        "Diluted EPS": 0.32,
        "Total Revenue": 220,
        "Gross Profit": 204,
        "Operating Income": 61,
        "EBIT": NaN,
        "Net Income": 52
    },
    "2020-03-31": {
        "Diluted EPS": 0.13,
        "Total Revenue": 226,
        "Gross Profit": 201,
        "Operating Income": 26,
        "EBIT": NaN,
        "Net Income": 23
    },
    "2019-12-31": {
        "Diluted EPS": 0.29,
        "Total Revenue": 224,
        "Gross Profit": 197,
        "Operating Income": 61,
        "EBIT": NaN,
        "Net Income": 49
    },
    "2019-09-30": {
        "Diluted EPS": 0.41,
        "Total Revenue": 240,
        "Gross Profit": 207,
        "Operating Income": 83,
        "EBIT": NaN,
        "Net Income": 70
    },
    "2019-06-30": {
        "Diluted EPS": 0.36,
        "Total Revenue": 240,
        "Gross Profit": 206,
        "Operating Income": 77,
        "EBIT": NaN,
        "Net Income": 63
    },
    "2019-03-31": {
        "Diluted EPS": 0.32,
        "Total Revenue": 225,
        "Gross Profit": 193,
        "Operating Income": 69,
        "EBIT": NaN,
        "Net Income": 56
    },
    "2018-12-31": {
        "Diluted EPS": 0.28,
        "Total Revenue": 233,
        "Gross Profit": 204,
        "Operating Income": 50,
        "EBIT": NaN,
        "Net Income": 47
    },
    "2018-09-30": {
        "Diluted EPS": 0.34,
        "Total Revenue": 201,
        "Gross Profit": 177,
        "Operating Income": 57,
        "EBIT": NaN,
        "Net Income": 51
    },
    "2018-06-30": {
        "Diluted EPS": 0.29,
        "Total Revenue": 203,
        "Gross Profit": 181,
        "Operating Income": 48,
        "EBIT": NaN,
        "Net Income": 44
    },
    "2018-03-31": {
        "Diluted EPS": 0.31,
        "Total Revenue": 190,
        "Gross Profit": 170,
        "Operating Income": 53,
        "EBIT": NaN,
        "Net Income": 48
    },
    "2017-12-31": {
        "Diluted EPS": -0.15,
        "Total Revenue": 180,
        "Gross Profit": 163,
        "Operating Income": 19,
        "EBIT": NaN,
        "Net Income": -18
    },
    "2017-09-30": {
        "Diluted EPS": 0.29,
        "Total Revenue": 170,
        "Gross Profit": 155,
        "Operating Income": 51,
        "EBIT": NaN,
        "Net Income": 39
    },
    "2017-06-30": {
        "Diluted EPS": 0.28,
        "Total Revenue": 167,
        "Gross Profit": 154,
        "Operating Income": 49,
        "EBIT": NaN,
        "Net Income": 39
    },
    "2017-03-31": {
        "Diluted EPS": 0.27,
        "Total Revenue": 161,
        "Gross Profit": 149,
        "Operating Income": 46,
        "EBIT": NaN,
        "Net Income": 36
    },
    "2016-12-31": {
        "Diluted EPS": 0.25,
        "Total Revenue": 185,
        "Gross Profit": 173,
        "Operating Income": 48,
        "EBIT": NaN,
        "Net Income": 33
    },
    "2016-09-30": {
        "Diluted EPS": 0.25,
        "Total Revenue": 167,
        "Gross Profit": 155,
        "Operating Income": 46,
        "EBIT": NaN,
        "Net Income": 35
    },
    "2016-06-30": {
        "Diluted EPS": 0.31,
        "Total Revenue": 204,
        "Gross Profit": 193,
        "Operating Income": 70,
        "EBIT": NaN,
        "Net Income": 39
    },
    "2016-03-31": {
        "Diluted EPS": 0.24,
        "Total Revenue": 145,
        "Gross Profit": 135,
        "Operating Income": 37,
        "EBIT": NaN,
        "Net Income": 27
    },
    "2015-12-31": {
        "Diluted EPS": 0.27,
        "Total Revenue": 156,
        "Gross Profit": 147,
        "Operating Income": 44,
        "EBIT": NaN,
        "Net Income": 32
    },
    "2015-09-30": {
        "Diluted EPS": 0.33,
        "Total Revenue": 165,
        "Gross Profit": 157,
        "Operating Income": 54,
        "EBIT": NaN,
        "Net Income": 38
    },
    "2015-06-30": {
        "Diluted EPS": 0.22,
        "Total Revenue": 155,
        "Gross Profit": 147,
        "Operating Income": 35,
        "EBIT": NaN,
        "Net Income": 26
    },
    "2015-03-31": {
        "Diluted EPS": 0.18,
        "Total Revenue": 154,
        "Gross Profit": 146,
        "Operating Income": 30,
        "EBIT": NaN,
        "Net Income": 21
    },
    "2014-12-31": {
        "Diluted EPS": 0.25,
        "Total Revenue": 148,
        "Gross Profit": 141,
        "Operating Income": 40,
        "EBIT": NaN,
        "Net Income": 29
    },
    "2014-09-30": {
        "Diluted EPS": 0.26,
        "Total Revenue": 149,
        "Gross Profit": 143,
        "Operating Income": 40,
        "EBIT": NaN,
        "Net Income": 29
    },
    "2014-06-30": {
        "Diluted EPS": 0.18,
        "Total Revenue": 129,
        "Gross Profit": 124,
        "Operating Income": 26,
        "EBIT": NaN,
        "Net Income": 19
    },
    "2014-03-31": {
        "Diluted EPS": 0.26,
        "Total Revenue": 129,
        "Gross Profit": 124,
        "Operating Income": 36,
        "EBIT": NaN,
        "Net Income": 27
    },
    "2013-12-31": {
        "Diluted EPS": 0.25,
        "Total Revenue": 131,
        "Gross Profit": 126,
        "Operating Income": 35,
        "EBIT": NaN,
        "Net Income": 25
    },
    "2013-09-30": {
        "Diluted EPS": 0.23,
        "Total Revenue": 132,
        "Gross Profit": 126,
        "Operating Income": 31,
        "EBIT": NaN,
        "Net Income": 24
    },
    "2013-06-30": {
        "Diluted EPS": 0.28,
        "Total Revenue": 132,
        "Gross Profit": 125,
        "Operating Income": 42,
        "EBIT": NaN,
        "Net Income": 28
    },
    "2013-03-31": {
        "Diluted EPS": 0.24,
        "Total Revenue": 132,
        "Gross Profit": 125,
        "Operating Income": 34,
        "EBIT": NaN,
        "Net Income": 24
    },
    "2012-12-31": {
        "Diluted EPS": 0.23,
        "Total Revenue": 144,
        "Gross Profit": 136,
        "Operating Income": 34,
        "EBIT": NaN,
        "Net Income": 23
    },
    "2012-09-30": {
        "Diluted EPS": 0.2,
        "Total Revenue": 124,
        "Gross Profit": 115,
        "Operating Income": 26,
        "EBIT": NaN,
        "Net Income": 20
    },
    "2012-06-30": {
        "Diluted EPS": 0.29,
        "Total Revenue": 134,
        "Gross Profit": 125,
        "Operating Income": 38,
        "EBIT": NaN,
        "Net Income": 27
    },
    "2012-03-31": {
        "Diluted EPS": 0.23,
        "Total Revenue": 133,
        "Gross Profit": 123,
        "Operating Income": 30,
        "EBIT": NaN,
        "Net Income": 22
    },
    "2011-12-31": {
        "Diluted EPS": 0.23,
        "Total Revenue": 135,
        "Gross Profit": 126,
        "Operating Income": 31,
        "EBIT": NaN,
        "Net Income": 22
    },
    "2011-09-30": {
        "Diluted EPS": 0.18,
        "Total Revenue": 134,
        "Gross Profit": 120,
        "Operating Income": 25,
        "EBIT": NaN,
        "Net Income": 17
    },
    "2011-06-30": {
        "Diluted EPS": 0.18,
        "Total Revenue": 120,
        "Gross Profit": 106,
        "Operating Income": 23,
        "EBIT": NaN,
        "Net Income": 17
    },
    "2011-03-31": {
        "Diluted EPS": 0.17,
        "Total Revenue": 119,
        "Gross Profit": 104,
        "Operating Income": 21,
        "EBIT": NaN,
        "Net Income": 16
    },
    "2010-12-31": {
        "Diluted EPS": 0.07,
        "Total Revenue": 113,
        "Gross Profit": 96,
        "Operating Income": 8,
        "EBIT": NaN,
        "Net Income": 6
    },
    "2010-09-30": {
        "Diluted EPS": 0.13,
        "Total Revenue": 115,
        "Gross Profit": 96,
        "Operating Income": 14,
        "EBIT": NaN,
        "Net Income": 12
    },
    "2010-06-30": {
        "Diluted EPS": 0.12,
        "Total Revenue": 119,
        "Gross Profit": 98,
        "Operating Income": 12,
        "EBIT": NaN,
        "Net Income": 11
    },
    "2010-03-31": {
        "Diluted EPS": 0.12,
        "Total Revenue": 120,
        "Gross Profit": 98,
        "Operating Income": 12,
        "EBIT": NaN,
        "Net Income": 10
    },
    "2009-12-31": {
        "Diluted EPS": -0.15,
        "Total Revenue": 117,
        "Gross Profit": 92,
        "Operating Income": -21,
        "EBIT": NaN,
        "Net Income": -9
    },
    "2009-09-30": {
        "Diluted EPS": 0.06,
        "Total Revenue": 122,
        "Gross Profit": 95,
        "Operating Income": -1,
        "EBIT": NaN,
        "Net Income": 4
    },
    "2009-06-30": {
        "Diluted EPS": 0.15,
        "Total Revenue": 135,
        "Gross Profit": 106,
        "Operating Income": 8,
        "EBIT": NaN,
        "Net Income": 10
    },
    "2009-03-31": {
        "Diluted EPS": 0.08,
        "Total Revenue": 130,
        "Gross Profit": 101,
        "Operating Income": 7,
        "EBIT": NaN,
        "Net Income": 6
    }
}