{
    "2023-03-31": {
        "Tax Effect Of Unusual Items": -449839.376018,
        "Tax Rate For Calcs": 0.227536,
        "Normalized EBITDA": 56691000.0,
        "Total Unusual Items": -1977000.0,
        "Total Unusual Items Excluding Goodwill": -1977000.0,
        "Net Income From Continuing Operation Net Minority Interest": 22804000.0,
        "Reconciled Depreciation": 5637000.0,
        "Reconciled Cost Of Revenue": 377634000.0,
        "EBIT": 49077000.0,
        "Net Interest Income": -14076000.0,
        "Interest Expense": 14076000.0,
        "Normalized Income": 24331160.623982,
        "Net Income From Continuing And Discontinued Operation": 22804000.0,
        "Total Expenses": 473464000.0,
        "Total Operating Income As Reported": 48890000.0,
        "Diluted Average Shares": 14655000.0,
        "Basic Average Shares": 14340000.0,
        "Diluted EPS": 1.56,
        "Basic EPS": 1.59,
        "Diluted NI Availto Com Stockholders": 22804000.0,
        "Net Income Common Stockholders": 22804000.0,
        "Net Income": 22804000.0,
        "Minority Interests": -4233000.0,
        "Net Income Including Noncontrolling Interests": 27037000.0,
        "Net Income Continuous Operations": 27037000.0,
        "Tax Provision": 7964000.0,
        "Pretax Income": 35001000.0,
        "Other Income Expense": -1790000.0,
        "Other Non Operating Income Expenses": 187000.0,
        "Special Income Charges": -1977000.0,
        "Other Special Charges": NaN,
        "Restructuring And Mergern Acquisition": 1977000.0,
        "Net Non Operating Interest Income Expense": -14076000.0,
        "Interest Expense Non Operating": 14076000.0,
        "Operating Income": 50867000.0,
        "Operating Expense": 95830000.0,
        "Depreciation Amortization Depletion Income Statement": 5637000.0,
        "Depreciation And Amortization In Income Statement": 5637000.0,
        "Selling General And Administration": 90193000.0,
        "Gross Profit": 146697000.0,
        "Cost Of Revenue": 377634000.0,
        "Total Revenue": 524331000.0,
        "Operating Revenue": 524331000.0
    },
    "2022-12-31": {
        "Tax Effect Of Unusual Items": 18048.609236,
        "Tax Rate For Calcs": 0.228463,
        "Normalized EBITDA": 32789000.0,
        "Total Unusual Items": 79000.0,
        "Total Unusual Items Excluding Goodwill": 79000.0,
        "Net Income From Continuing Operation Net Minority Interest": 8900000.0,
        "Reconciled Depreciation": 5693000.0,
        "Reconciled Cost Of Revenue": 256671000.0,
        "EBIT": 27175000.0,
        "Net Interest Income": -12363000.0,
        "Interest Expense": 12363000.0,
        "Normalized Income": 8839048.609236,
        "Net Income From Continuing And Discontinued Operation": 8900000.0,
        "Total Expenses": 340202000.0,
        "Total Operating Income As Reported": 26536000.0,
        "Diluted Average Shares": 14587000.0,
        "Basic Average Shares": 14297000.0,
        "Diluted EPS": 0.61,
        "Basic EPS": 0.62,
        "Diluted NI Availto Com Stockholders": 8900000.0,
        "Net Income Common Stockholders": 8900000.0,
        "Net Income": 8900000.0,
        "Minority Interests": -2528000.0,
        "Net Income Including Noncontrolling Interests": 11428000.0,
        "Net Income Continuous Operations": 11428000.0,
        "Tax Provision": 3384000.0,
        "Pretax Income": 14812000.0,
        "Other Income Expense": 718000.0,
        "Other Non Operating Income Expenses": 639000.0,
        "Special Income Charges": 79000.0,
        "Other Special Charges": NaN,
        "Restructuring And Mergern Acquisition": -79000.0,
        "Net Non Operating Interest Income Expense": -12363000.0,
        "Interest Expense Non Operating": 12363000.0,
        "Operating Income": 26457000.0,
        "Operating Expense": 83531000.0,
        "Depreciation Amortization Depletion Income Statement": 5693000.0,
        "Depreciation And Amortization In Income Statement": 5693000.0,
        "Selling General And Administration": 77838000.0,
        "Gross Profit": 109988000.0,
        "Cost Of Revenue": 256671000.0,
        "Total Revenue": 366659000.0,
        "Operating Revenue": 366659000.0
    },
    "2022-09-30": {
        "Tax Effect Of Unusual Items": -531199.669626,
        "Tax Rate For Calcs": 0.232982,
        "Normalized EBITDA": 43249000.0,
        "Total Unusual Items": -2280000.0,
        "Total Unusual Items Excluding Goodwill": -2280000.0,
        "Net Income From Continuing Operation Net Minority Interest": 18651000.0,
        "Reconciled Depreciation": 5056000.0,
        "Reconciled Cost Of Revenue": 271314000.0,
        "EBIT": 35913000.0,
        "Net Interest Income": -6855000.0,
        "Interest Expense": 6855000.0,
        "Normalized Income": 20399800.330374,
        "Net Income From Continuing And Discontinued Operation": 18651000.0,
        "Total Expenses": 356028000.0,
        "Total Operating Income As Reported": 39571000.0,
        "Diluted Average Shares": 14733000.0,
        "Basic Average Shares": 14135000.0,
        "Diluted EPS": 1.28,
        "Basic EPS": 1.32,
        "Diluted NI Availto Com Stockholders": 18651000.0,
        "Net Income Common Stockholders": 18651000.0,
        "Net Income": 18651000.0,
        "Minority Interests": -3637000.0,
        "Net Income Including Noncontrolling Interests": 22288000.0,
        "Net Income Continuous Operations": 22288000.0,
        "Tax Provision": 6770000.0,
        "Pretax Income": 29058000.0,
        "Other Income Expense": -5582000.0,
        "Other Non Operating Income Expenses": -3302000.0,
        "Special Income Charges": -2280000.0,
        "Other Special Charges": 356000.0,
        "Restructuring And Mergern Acquisition": 1924000.0,
        "Net Non Operating Interest Income Expense": -6855000.0,
        "Interest Expense Non Operating": 6855000.0,
        "Operating Income": 41495000.0,
        "Operating Expense": 84714000.0,
        "Depreciation Amortization Depletion Income Statement": 5056000.0,
        "Depreciation And Amortization In Income Statement": 5056000.0,
        "Selling General And Administration": 79658000.0,
        "Gross Profit": 126209000.0,
        "Cost Of Revenue": 271314000.0,
        "Total Revenue": 397523000.0,
        "Operating Revenue": 397523000.0
    },
    "2022-06-30": {
        "Tax Effect Of Unusual Items": -1006830.0,
        "Tax Rate For Calcs": 0.226,
        "Normalized EBITDA": 96440000.0,
        "Total Unusual Items": -4455000.0,
        "Total Unusual Items Excluding Goodwill": -4455000.0,
        "Net Income From Continuing Operation Net Minority Interest": 55977000.0,
        "Reconciled Depreciation": 4275000.0,
        "Reconciled Cost Of Revenue": 384759000.0,
        "EBIT": 87710000.0,
        "Net Interest Income": -4442000.0,
        "Interest Expense": 4442000.0,
        "Normalized Income": 59425170.0,
        "Net Income From Continuing And Discontinued Operation": 55977000.0,
        "Total Expenses": 476901000.0,
        "Total Operating Income As Reported": 87544000.0,
        "Diluted Average Shares": 14512000.0,
        "Basic Average Shares": 14133000.0,
        "Diluted EPS": 3.86,
        "Basic EPS": 3.96,
        "Diluted NI Availto Com Stockholders": 55977000.0,
        "Net Income Common Stockholders": 55977000.0,
        "Net Income": 55977000.0,
        "Minority Interests": -8506000.0,
        "Net Income Including Noncontrolling Interests": 64483000.0,
        "Net Income Continuous Operations": 64483000.0,
        "Tax Provision": 18785000.0,
        "Pretax Income": 83268000.0,
        "Other Income Expense": -4289000.0,
        "Other Non Operating Income Expenses": 166000.0,
        "Special Income Charges": -4455000.0,
        "Other Special Charges": NaN,
        "Restructuring And Mergern Acquisition": 4455000.0,
        "Net Non Operating Interest Income Expense": -4442000.0,
        "Interest Expense Non Operating": 4442000.0,
        "Operating Income": 91999000.0,
        "Operating Expense": 91940000.0,
        "Depreciation Amortization Depletion Income Statement": 4073000.0,
        "Depreciation And Amortization In Income Statement": 4073000.0,
        "Selling General And Administration": 87867000.0,
        "Gross Profit": 183939000.0,
        "Cost Of Revenue": 384961000.0,
        "Total Revenue": 568900000.0,
        "Operating Revenue": 568900000.0
    },
    "2022-03-31": {
        "Diluted EPS": 2.54,
        "Total Revenue": 442,
        "Gross Profit": 143,
        "Operating Income": 59,
        "EBIT": 64,
        "Net Income": 36
    },
    "2021-12-31": {
        "Diluted EPS": 1.45,
        "Total Revenue": 336,
        "Gross Profit": 101,
        "Operating Income": 31,
        "EBIT": 33,
        "Net Income": 20
    },
    "2021-09-30": {
        "Diluted EPS": 1.38,
        "Total Revenue": 280,
        "Gross Profit": 89,
        "Operating Income": 29,
        "EBIT": 31,
        "Net Income": 16
    },
    "2021-06-30": {
        "Diluted EPS": 3.04,
        "Total Revenue": 404,
        "Gross Profit": 127,
        "Operating Income": 65,
        "EBIT": 66,
        "Net Income": 35
    },
    "2021-03-31": {
        "Diluted EPS": 1.83,
        "Total Revenue": 330,
        "Gross Profit": 89,
        "Operating Income": 39,
        "EBIT": 40,
        "Net Income": 20
    },
    "2020-12-31": {
        "Diluted EPS": 0.71,
        "Total Revenue": 214,
        "Gross Profit": 52,
        "Operating Income": 16,
        "EBIT": 17,
        "Net Income": 8
    },
    "2020-09-30": {
        "Diluted EPS": 0.23,
        "Total Revenue": 271,
        "Gross Profit": 64,
        "Operating Income": 16,
        "EBIT": 17,
        "Net Income": 3
    },
    "2020-06-30": {
        "Diluted EPS": 2.36,
        "Total Revenue": 408,
        "Gross Profit": 95,
        "Operating Income": 51,
        "EBIT": 52,
        "Net Income": 14
    },
    "2020-03-31": {
        "Diluted EPS": 0.18,
        "Total Revenue": 190,
        "Gross Profit": 45,
        "Operating Income": 8,
        "EBIT": 9,
        "Net Income": 1
    },
    "2019-12-31": {
        "Diluted EPS": 0.0,
        "Total Revenue": 154,
        "Gross Profit": 32,
        "Operating Income": 3,
        "EBIT": 3,
        "Net Income": -1
    },
    "2019-09-30": {
        "Diluted EPS": 0.0,
        "Total Revenue": 209,
        "Gross Profit": 46,
        "Operating Income": 12,
        "EBIT": 13,
        "Net Income": 7
    },
    "2019-06-30": {
        "Diluted EPS": 0.0,
        "Total Revenue": 275,
        "Gross Profit": 63,
        "Operating Income": 27,
        "EBIT": 28,
        "Net Income": 32
    },
    "2019-03-31": {
        "Diluted EPS": 0.0,
        "Total Revenue": 181,
        "Gross Profit": 40,
        "Operating Income": 13,
        "EBIT": 13,
        "Net Income": -3
    },
    "2018-12-31": {
        "Diluted EPS": 0.0,
        "Total Revenue": 103,
        "Gross Profit": 23,
        "Operating Income": 1,
        "EBIT": 2,
        "Net Income": 0
    },
    "2018-09-30": {
        "Diluted EPS": 0.0,
        "Total Revenue": NaN,
        "Gross Profit": NaN,
        "Operating Income": NaN,
        "EBIT": NaN,
        "Net Income": NaN
    },
    "2023-06-30": {
        "Tax Effect Of Unusual Items": -122326.250984,
        "Tax Rate For Calcs": 0.229505,
        "Normalized EBITDA": 66232000.0,
        "Total Unusual Items": -533000.0,
        "Total Unusual Items Excluding Goodwill": -533000.0,
        "Net Income From Continuing Operation Net Minority Interest": 28570000.0,
        "Reconciled Depreciation": 5980000.0,
        "Reconciled Cost Of Revenue": 434905000.0,
        "EBIT": 59719000.0,
        "Net Interest Income": -16513000.0,
        "Interest Expense": 16513000.0,
        "Normalized Income": 28980673.749016,
        "Net Income From Continuing And Discontinued Operation": 28570000.0,
        "Total Expenses": 533726000.0,
        "Total Operating Income As Reported": 60080000.0,
        "Diluted Average Shares": 14675000.0,
        "Basic Average Shares": 14314000.0,
        "Diluted EPS": 1.95,
        "Basic EPS": 2.0,
        "Diluted NI Availto Com Stockholders": 28570000.0,
        "Net Income Common Stockholders": 28570000.0,
        "Net Income": 28570000.0,
        "Minority Interests": -4720000.0,
        "Net Income Including Noncontrolling Interests": 33290000.0,
        "Net Income Continuous Operations": 33290000.0,
        "Tax Provision": 9916000.0,
        "Pretax Income": 43206000.0,
        "Other Income Expense": -894000.0,
        "Other Non Operating Income Expenses": -361000.0,
        "Special Income Charges": -533000.0,
        "Other Special Charges": NaN,
        "Restructuring And Mergern Acquisition": 533000.0,
        "Net Non Operating Interest Income Expense": -16513000.0,
        "Interest Expense Non Operating": 16513000.0,
        "Operating Income": 60613000.0,
        "Operating Expense": 98821000.0,
        "Depreciation Amortization Depletion Income Statement": 5980000.0,
        "Depreciation And Amortization In Income Statement": 5980000.0,
        "Selling General And Administration": 92841000.0,
        "Gross Profit": 159434000.0,
        "Cost Of Revenue": 434905000.0,
        "Total Revenue": 594339000.0,
        "Operating Revenue": 594339000.0
    }
}