{
    "2023-03-31": {
        "Tax Effect Of Unusual Items": 0.0,
        "Tax Rate For Calcs": 0.4,
        "Normalized EBITDA": -15948000.0,
        "Total Unusual Items": -265000.0,
        "Total Unusual Items Excluding Goodwill": -265000.0,
        "Net Income From Continuing Operation Net Minority Interest": -17590000.0,
        "Reconciled Depreciation": 1417000.0,
        "Reconciled Cost Of Revenue": 13206000.0,
        "EBIT": -17365000.0,
        "Net Interest Income": -29000.0,
        "Interest Expense": 29000.0,
        "Interest Income": 958000.0,
        "Normalized Income": -17590000.0,
        "Net Income From Continuing And Discontinued Operation": -17590000.0,
        "Total Expenses": 63000000.0,
        "Total Operating Income As Reported": -19937000.0,
        "Diluted Average Shares": 47304983.0,
        "Basic Average Shares": 47304983.0,
        "Diluted EPS": -0.37,
        "Basic EPS": -0.37,
        "Diluted NI Availto Com Stockholders": -17590000.0,
        "Net Income Common Stockholders": -17590000.0,
        "Net Income": -17590000.0,
        "Net Income Including Noncontrolling Interests": -17590000.0,
        "Net Income Continuous Operations": -17590000.0,
        "Tax Provision": 196000.0,
        "Pretax Income": -17394000.0,
        "Other Income Expense": 2572000.0,
        "Other Non Operating Income Expenses": 2572000.0,
        "Securities Amortization": -1826000.0,
        "Gain On Sale Of Security": -265000.0,
        "Net Non Operating Interest Income Expense": -29000.0,
        "Interest Expense Non Operating": 29000.0,
        "Interest Income Non Operating": 958000.0,
        "Operating Income": -19937000.0,
        "Operating Expense": 49794000.0,
        "Research And Development": 11099000.0,
        "Selling General And Administration": 38695000.0,
        "Selling And Marketing Expense": 24417000.0,
        "General And Administrative Expense": 14278000.0,
        "Other Gand A": 14278000.0,
        "Salaries And Wages": NaN,
        "Gross Profit": 29857000.0,
        "Cost Of Revenue": 13206000.0,
        "Total Revenue": 43063000.0,
        "Operating Revenue": 43063000.0
    },
    "2022-12-31": {
        "Tax Effect Of Unusual Items": 0.0,
        "Tax Rate For Calcs": 0.4,
        "Normalized EBITDA": -9836000.0,
        "Total Unusual Items": NaN,
        "Total Unusual Items Excluding Goodwill": NaN,
        "Net Income From Continuing Operation Net Minority Interest": -12130000.0,
        "Reconciled Depreciation": 1463000.0,
        "Reconciled Cost Of Revenue": 13238000.0,
        "EBIT": -11299000.0,
        "Net Interest Income": -36000.0,
        "Interest Expense": 36000.0,
        "Interest Income": NaN,
        "Normalized Income": -12130000.0,
        "Net Income From Continuing And Discontinued Operation": -12130000.0,
        "Total Expenses": 60197000.0,
        "Total Operating Income As Reported": -13630000.0,
        "Diluted Average Shares": 47871767.0,
        "Basic Average Shares": 47871767.0,
        "Diluted EPS": -0.25,
        "Basic EPS": -0.25,
        "Diluted NI Availto Com Stockholders": -12130000.0,
        "Net Income Common Stockholders": -12130000.0,
        "Net Income": -12130000.0,
        "Net Income Including Noncontrolling Interests": -12130000.0,
        "Net Income Continuous Operations": -12130000.0,
        "Tax Provision": 795000.0,
        "Pretax Income": -11335000.0,
        "Other Income Expense": 2331000.0,
        "Other Non Operating Income Expenses": 2331000.0,
        "Securities Amortization": NaN,
        "Gain On Sale Of Security": NaN,
        "Net Non Operating Interest Income Expense": -36000.0,
        "Interest Expense Non Operating": 36000.0,
        "Interest Income Non Operating": NaN,
        "Operating Income": -13630000.0,
        "Operating Expense": 46959000.0,
        "Research And Development": 11186000.0,
        "Selling General And Administration": 35773000.0,
        "Selling And Marketing Expense": 25003000.0,
        "General And Administrative Expense": 10770000.0,
        "Other Gand A": 10770000.0,
        "Salaries And Wages": NaN,
        "Gross Profit": 33329000.0,
        "Cost Of Revenue": 13238000.0,
        "Total Revenue": 46567000.0,
        "Operating Revenue": 46567000.0
    },
    "2022-09-30": {
        "Tax Effect Of Unusual Items": 0.0,
        "Tax Rate For Calcs": 0.4,
        "Normalized EBITDA": -12898000.0,
        "Total Unusual Items": -555000.0,
        "Total Unusual Items Excluding Goodwill": -555000.0,
        "Net Income From Continuing Operation Net Minority Interest": -14387000.0,
        "Reconciled Depreciation": 1407000.0,
        "Reconciled Cost Of Revenue": 13302000.0,
        "EBIT": -14305000.0,
        "Net Interest Income": -42000.0,
        "Interest Expense": 42000.0,
        "Interest Income": 477000.0,
        "Normalized Income": -14387000.0,
        "Net Income From Continuing And Discontinued Operation": -14387000.0,
        "Total Expenses": 62343000.0,
        "Total Operating Income As Reported": -14768000.0,
        "Diluted Average Shares": 47640200.0,
        "Basic Average Shares": 47640200.0,
        "Diluted EPS": -0.3,
        "Basic EPS": -0.3,
        "Diluted NI Availto Com Stockholders": -14387000.0,
        "Net Income Common Stockholders": -14387000.0,
        "Net Income": -14387000.0,
        "Net Income Including Noncontrolling Interests": -14387000.0,
        "Net Income Continuous Operations": -14387000.0,
        "Tax Provision": 40000.0,
        "Pretax Income": -14347000.0,
        "Other Income Expense": 463000.0,
        "Other Non Operating Income Expenses": 463000.0,
        "Securities Amortization": -447000.0,
        "Gain On Sale Of Security": -555000.0,
        "Net Non Operating Interest Income Expense": -42000.0,
        "Interest Expense Non Operating": 42000.0,
        "Interest Income Non Operating": 477000.0,
        "Operating Income": -14768000.0,
        "Operating Expense": 49041000.0,
        "Research And Development": 11324000.0,
        "Selling General And Administration": 37717000.0,
        "Selling And Marketing Expense": 26553000.0,
        "General And Administrative Expense": 11164000.0,
        "Other Gand A": 11164000.0,
        "Salaries And Wages": NaN,
        "Gross Profit": 34273000.0,
        "Cost Of Revenue": 13302000.0,
        "Total Revenue": 47575000.0,
        "Operating Revenue": 47575000.0
    },
    "2022-06-30": {
        "Tax Effect Of Unusual Items": 0.0,
        "Tax Rate For Calcs": 0.4,
        "Normalized EBITDA": -14783000.0,
        "Total Unusual Items": NaN,
        "Total Unusual Items Excluding Goodwill": NaN,
        "Net Income From Continuing Operation Net Minority Interest": -16212000.0,
        "Reconciled Depreciation": 1339000.0,
        "Reconciled Cost Of Revenue": 13301000.0,
        "EBIT": -16122000.0,
        "Net Interest Income": -49000.0,
        "Interest Expense": 49000.0,
        "Interest Income": NaN,
        "Normalized Income": -16212000.0,
        "Net Income From Continuing And Discontinued Operation": -16212000.0,
        "Total Expenses": 64257000.0,
        "Total Operating Income As Reported": -16019000.0,
        "Diluted Average Shares": 47187586.0,
        "Basic Average Shares": 47187586.0,
        "Diluted EPS": -0.34,
        "Basic EPS": -0.34,
        "Diluted NI Availto Com Stockholders": -16212000.0,
        "Net Income Common Stockholders": -16212000.0,
        "Net Income": -16212000.0,
        "Net Income Including Noncontrolling Interests": -16212000.0,
        "Net Income Continuous Operations": -16212000.0,
        "Tax Provision": 41000.0,
        "Pretax Income": -16171000.0,
        "Other Income Expense": -103000.0,
        "Other Non Operating Income Expenses": -103000.0,
        "Securities Amortization": NaN,
        "Gain On Sale Of Security": NaN,
        "Net Non Operating Interest Income Expense": -49000.0,
        "Interest Expense Non Operating": 49000.0,
        "Interest Income Non Operating": NaN,
        "Operating Income": -16019000.0,
        "Operating Expense": 50956000.0,
        "Research And Development": 10948000.0,
        "Selling General And Administration": 40008000.0,
        "Selling And Marketing Expense": 28850000.0,
        "General And Administrative Expense": 11158000.0,
        "Other Gand A": 11158000.0,
        "Salaries And Wages": NaN,
        "Gross Profit": 34937000.0,
        "Cost Of Revenue": 13301000.0,
        "Total Revenue": 48238000.0,
        "Operating Revenue": 48238000.0
    },
    "2022-03-31": {
        "Diluted EPS": -0.32,
        "Total Revenue": 48,
        "Gross Profit": 36,
        "Operating Income": -15,
        "EBIT": -10,
        "Net Income": -15
    },
    "2021-12-31": {
        "Diluted EPS": -0.22,
        "Total Revenue": 52,
        "Gross Profit": 39,
        "Operating Income": -10,
        "EBIT": -5,
        "Net Income": -10
    },
    "2021-09-30": {
        "Diluted EPS": -0.2,
        "Total Revenue": 49,
        "Gross Profit": 37,
        "Operating Income": -9,
        "EBIT": -4,
        "Net Income": -9
    },
    "2021-06-30": {
        "Diluted EPS": -0.05,
        "Total Revenue": 52,
        "Gross Profit": 40,
        "Operating Income": -2,
        "EBIT": 2,
        "Net Income": -3
    },
    "2021-03-31": {
        "Diluted EPS": -0.1,
        "Total Revenue": 50,
        "Gross Profit": 39,
        "Operating Income": -2,
        "EBIT": 3,
        "Net Income": -3
    },
    "2020-12-31": {
        "Diluted EPS": 0.17,
        "Total Revenue": 53,
        "Gross Profit": 43,
        "Operating Income": 10,
        "EBIT": 14,
        "Net Income": 10
    },
    "2020-09-30": {
        "Diluted EPS": 0.12,
        "Total Revenue": 43,
        "Gross Profit": 34,
        "Operating Income": 7,
        "EBIT": 11,
        "Net Income": 1
    },
    "2020-06-30": {
        "Diluted EPS": 0.14,
        "Total Revenue": 36,
        "Gross Profit": 28,
        "Operating Income": 7,
        "EBIT": 10,
        "Net Income": 1
    },
    "2020-03-31": {
        "Diluted EPS": -0.37,
        "Total Revenue": 25,
        "Gross Profit": 18,
        "Operating Income": -2,
        "EBIT": 1,
        "Net Income": -3
    },
    "2019-12-31": {
        "Diluted EPS": 0.0,
        "Total Revenue": NaN,
        "Gross Profit": NaN,
        "Operating Income": NaN,
        "EBIT": NaN,
        "Net Income": NaN
    },
    "2018-12-31": {
        "Diluted EPS": 0.0,
        "Total Revenue": NaN,
        "Gross Profit": NaN,
        "Operating Income": NaN,
        "EBIT": NaN,
        "Net Income": NaN
    },
    "2023-06-30": {
        "Tax Effect Of Unusual Items": 0.0,
        "Tax Rate For Calcs": 0.4,
        "Normalized EBITDA": -11209000.0,
        "Total Unusual Items": NaN,
        "Total Unusual Items Excluding Goodwill": NaN,
        "Net Income From Continuing Operation Net Minority Interest": -12847000.0,
        "Reconciled Depreciation": 1375000.0,
        "Reconciled Cost Of Revenue": 12200000.0,
        "EBIT": -12584000.0,
        "Net Interest Income": -33000.0,
        "Interest Expense": 33000.0,
        "Interest Income": NaN,
        "Normalized Income": -12847000.0,
        "Net Income From Continuing And Discontinued Operation": -12847000.0,
        "Total Expenses": 57863000.0,
        "Total Operating Income As Reported": -15777000.0,
        "Diluted Average Shares": 45866022.0,
        "Basic Average Shares": 45866022.0,
        "Diluted EPS": -0.28,
        "Basic EPS": -0.28,
        "Diluted NI Availto Com Stockholders": -12847000.0,
        "Net Income Common Stockholders": -12847000.0,
        "Net Income": -12847000.0,
        "Net Income Including Noncontrolling Interests": -12847000.0,
        "Net Income Continuous Operations": -12847000.0,
        "Tax Provision": 230000.0,
        "Pretax Income": -12617000.0,
        "Other Income Expense": 3193000.0,
        "Other Non Operating Income Expenses": 3193000.0,
        "Securities Amortization": NaN,
        "Gain On Sale Of Security": NaN,
        "Net Non Operating Interest Income Expense": -33000.0,
        "Interest Expense Non Operating": 33000.0,
        "Interest Income Non Operating": NaN,
        "Operating Income": -15777000.0,
        "Operating Expense": 45663000.0,
        "Research And Development": 10930000.0,
        "Selling General And Administration": 34733000.0,
        "Selling And Marketing Expense": 19073000.0,
        "General And Administrative Expense": 15660000.0,
        "Other Gand A": 7271000.0,
        "Salaries And Wages": 8389000.0,
        "Gross Profit": 29886000.0,
        "Cost Of Revenue": 12200000.0,
        "Total Revenue": 42086000.0,
        "Operating Revenue": 42086000.0
    }
}