{
    "2023-04-30": {
        "Tax Effect Of Unusual Items": 0.0,
        "Tax Rate For Calcs": NaN,
        "Normalized EBITDA": 1843000.0,
        "Net Income From Continuing Operation Net Minority Interest": -326000.0,
        "Reconciled Depreciation": 2451000.0,
        "Reconciled Cost Of Revenue": 20900000.0,
        "EBITDA": 1843000.0,
        "EBIT": -608000.0,
        "Net Interest Income": 415000.0,
        "Interest Income": 415000.0,
        "Normalized Income": -326000.0,
        "Net Income From Continuing And Discontinued Operation": -326000.0,
        "Total Expenses": 57460000.0,
        "Total Operating Income As Reported": -608000.0,
        "Diluted Average Shares": 25178008.0,
        "Basic Average Shares": 25178008.0,
        "Diluted EPS": -0.01,
        "Basic EPS": -0.01,
        "Diluted NI Availto Com Stockholders": -326000.0,
        "Net Income Common Stockholders": -326000.0,
        "Net Income": -326000.0,
        "Net Income Including Noncontrolling Interests": -326000.0,
        "Net Income Continuous Operations": -326000.0,
        "Tax Provision": 133000.0,
        "Pretax Income": -193000.0,
        "Net Non Operating Interest Income Expense": 415000.0,
        "Total Other Finance Cost": NaN,
        "Interest Income Non Operating": 415000.0,
        "Operating Income": -608000.0,
        "Operating Expense": 36560000.0,
        "Research And Development": 11953000.0,
        "Selling General And Administration": 24607000.0,
        "Selling And Marketing Expense": 17990000.0,
        "General And Administrative Expense": 6617000.0,
        "Other Gand A": 6617000.0,
        "Gross Profit": 35952000.0,
        "Cost Of Revenue": 20900000.0,
        "Total Revenue": 56852000.0,
        "Operating Revenue": 56852000.0
    },
    "2023-01-31": {
        "Tax Effect Of Unusual Items": NaN,
        "Tax Rate For Calcs": NaN,
        "Normalized EBITDA": NaN,
        "Net Income From Continuing Operation Net Minority Interest": NaN,
        "Reconciled Depreciation": NaN,
        "Reconciled Cost Of Revenue": NaN,
        "EBITDA": NaN,
        "EBIT": NaN,
        "Net Interest Income": NaN,
        "Interest Income": 188000.0,
        "Normalized Income": NaN,
        "Net Income From Continuing And Discontinued Operation": NaN,
        "Total Expenses": NaN,
        "Total Operating Income As Reported": NaN,
        "Diluted Average Shares": NaN,
        "Basic Average Shares": NaN,
        "Diluted EPS": NaN,
        "Basic EPS": NaN,
        "Diluted NI Availto Com Stockholders": NaN,
        "Net Income Common Stockholders": NaN,
        "Net Income": NaN,
        "Net Income Including Noncontrolling Interests": NaN,
        "Net Income Continuous Operations": NaN,
        "Tax Provision": NaN,
        "Pretax Income": NaN,
        "Net Non Operating Interest Income Expense": NaN,
        "Total Other Finance Cost": NaN,
        "Interest Income Non Operating": 188000.0,
        "Operating Income": NaN,
        "Operating Expense": NaN,
        "Research And Development": NaN,
        "Selling General And Administration": NaN,
        "Selling And Marketing Expense": NaN,
        "General And Administrative Expense": NaN,
        "Other Gand A": NaN,
        "Gross Profit": NaN,
        "Cost Of Revenue": NaN,
        "Total Revenue": NaN,
        "Operating Revenue": NaN
    },
    "2022-10-31": {
        "Tax Effect Of Unusual Items": 0.0,
        "Tax Rate For Calcs": 0.21,
        "Normalized EBITDA": -264000.0,
        "Net Income From Continuing Operation Net Minority Interest": -2810000.0,
        "Reconciled Depreciation": 2591000.0,
        "Reconciled Cost Of Revenue": 20759000.0,
        "EBITDA": -264000.0,
        "EBIT": -2855000.0,
        "Net Interest Income": 94000.0,
        "Interest Income": 94000.0,
        "Normalized Income": -2810000.0,
        "Net Income From Continuing And Discontinued Operation": -2810000.0,
        "Total Expenses": 59534000.0,
        "Total Operating Income As Reported": -2855000.0,
        "Diluted Average Shares": 24608685.0,
        "Basic Average Shares": 24608685.0,
        "Diluted EPS": -0.11,
        "Basic EPS": -0.11,
        "Diluted NI Availto Com Stockholders": -2810000.0,
        "Net Income Common Stockholders": -2810000.0,
        "Net Income": -2810000.0,
        "Net Income Including Noncontrolling Interests": -2810000.0,
        "Net Income Continuous Operations": -2810000.0,
        "Tax Provision": 49000.0,
        "Pretax Income": -2761000.0,
        "Net Non Operating Interest Income Expense": 94000.0,
        "Interest Income Non Operating": 94000.0,
        "Operating Income": -2855000.0,
        "Operating Expense": 38775000.0,
        "Research And Development": 12498000.0,
        "Selling General And Administration": 26277000.0,
        "Selling And Marketing Expense": 18019000.0,
        "General And Administrative Expense": 8258000.0,
        "Other Gand A": 8258000.0,
        "Gross Profit": 35920000.0,
        "Cost Of Revenue": 20759000.0,
        "Total Revenue": 56679000.0,
        "Operating Revenue": 56679000.0
    },
    "2022-07-31": {
        "Tax Effect Of Unusual Items": 0.0,
        "Tax Rate For Calcs": 0.4,
        "Normalized EBITDA": 347000.0,
        "Total Unusual Items": NaN,
        "Total Unusual Items Excluding Goodwill": NaN,
        "Net Income From Continuing Operation Net Minority Interest": 338000.0,
        "Reconciled Depreciation": 1993000.0,
        "Reconciled Cost Of Revenue": 18836000.0,
        "EBITDA": 347000.0,
        "EBIT": -1646000.0,
        "Net Interest Income": 17000.0,
        "Interest Income": 17000.0,
        "Normalized Income": 338000.0,
        "Net Income From Continuing And Discontinued Operation": 338000.0,
        "Total Expenses": 54299000.0,
        "Total Operating Income As Reported": -1646000.0,
        "Diluted Average Shares": 24873764.0,
        "Basic Average Shares": 24388275.0,
        "Diluted EPS": 0.01,
        "Basic EPS": 0.01,
        "Diluted NI Availto Com Stockholders": 338000.0,
        "Net Income Common Stockholders": 338000.0,
        "Net Income": 338000.0,
        "Net Income Including Noncontrolling Interests": 338000.0,
        "Net Income Continuous Operations": 338000.0,
        "Tax Provision": -1967000.0,
        "Pretax Income": -1629000.0,
        "Other Income Expense": NaN,
        "Special Income Charges": NaN,
        "Impairment Of Capital Assets": NaN,
        "Net Non Operating Interest Income Expense": 17000.0,
        "Interest Income Non Operating": 17000.0,
        "Operating Income": -1646000.0,
        "Operating Expense": 35463000.0,
        "Research And Development": 11119000.0,
        "Selling General And Administration": 24344000.0,
        "Selling And Marketing Expense": 17432000.0,
        "General And Administrative Expense": 6912000.0,
        "Other Gand A": 6912000.0,
        "Gross Profit": 33817000.0,
        "Cost Of Revenue": 18836000.0,
        "Total Revenue": 52653000.0,
        "Operating Revenue": 52653000.0
    },
    "2022-04-30": {
        "Diluted EPS": -0.03,
        "Total Revenue": 50,
        "Gross Profit": 32,
        "Operating Income": -1,
        "EBIT": 0,
        "Net Income": -1
    },
    "2022-01-31": {
        "Diluted EPS": 0.0,
        "Total Revenue": 50,
        "Gross Profit": 31,
        "Operating Income": 0,
        "EBIT": -1,
        "Net Income": 0
    },
    "2021-10-31": {
        "Diluted EPS": -0.01,
        "Total Revenue": 49,
        "Gross Profit": 30,
        "Operating Income": 0,
        "EBIT": 3,
        "Net Income": 0
    },
    "2021-07-31": {
        "Diluted EPS": -0.02,
        "Total Revenue": 47,
        "Gross Profit": 29,
        "Operating Income": 0,
        "EBIT": 0,
        "Net Income": 0
    },
    "2021-04-30": {
        "Diluted EPS": -0.04,
        "Total Revenue": 46,
        "Gross Profit": 28,
        "Operating Income": -1,
        "EBIT": 1,
        "Net Income": -1
    },
    "2021-01-31": {
        "Diluted EPS": -0.02,
        "Total Revenue": 44,
        "Gross Profit": 27,
        "Operating Income": -1,
        "EBIT": 1,
        "Net Income": -1
    },
    "2020-10-31": {
        "Diluted EPS": -0.02,
        "Total Revenue": 43,
        "Gross Profit": 27,
        "Operating Income": -1,
        "EBIT": 0,
        "Net Income": 0
    },
    "2020-07-31": {
        "Diluted EPS": -0.02,
        "Total Revenue": 41,
        "Gross Profit": 26,
        "Operating Income": -1,
        "EBIT": 1,
        "Net Income": 0
    },
    "2020-04-30": {
        "Diluted EPS": -0.05,
        "Total Revenue": 40,
        "Gross Profit": 25,
        "Operating Income": -1,
        "EBIT": 0,
        "Net Income": -1
    },
    "2020-01-31": {
        "Diluted EPS": -0.1,
        "Total Revenue": 41,
        "Gross Profit": 25,
        "Operating Income": -2,
        "EBIT": -2,
        "Net Income": -2
    },
    "2019-10-31": {
        "Diluted EPS": -0.32,
        "Total Revenue": 40,
        "Gross Profit": 22,
        "Operating Income": -7,
        "EBIT": -6,
        "Net Income": -7
    },
    "2019-07-31": {
        "Diluted EPS": -0.24,
        "Total Revenue": 37,
        "Gross Profit": 22,
        "Operating Income": -5,
        "EBIT": -4,
        "Net Income": -5
    },
    "2019-04-30": {
        "Diluted EPS": -0.23,
        "Total Revenue": 34,
        "Gross Profit": 20,
        "Operating Income": -5,
        "EBIT": -4,
        "Net Income": -5
    },
    "2019-01-31": {
        "Diluted EPS": -0.17,
        "Total Revenue": 35,
        "Gross Profit": 20,
        "Operating Income": -4,
        "EBIT": -3,
        "Net Income": -3
    },
    "2018-10-31": {
        "Diluted EPS": -0.18,
        "Total Revenue": 33,
        "Gross Profit": 20,
        "Operating Income": -4,
        "EBIT": -3,
        "Net Income": -3
    },
    "2018-07-31": {
        "Diluted EPS": -0.2,
        "Total Revenue": 32,
        "Gross Profit": 19,
        "Operating Income": -4,
        "EBIT": -3,
        "Net Income": -4
    },
    "2018-04-30": {
        "Diluted EPS": -0.19,
        "Total Revenue": 30,
        "Gross Profit": 18,
        "Operating Income": -4,
        "EBIT": -3,
        "Net Income": -4
    },
    "2018-01-31": {
        "Diluted EPS": -0.15,
        "Total Revenue": 30,
        "Gross Profit": 18,
        "Operating Income": -3,
        "EBIT": -3,
        "Net Income": -3
    },
    "2017-10-31": {
        "Diluted EPS": -0.17,
        "Total Revenue": 29,
        "Gross Profit": 17,
        "Operating Income": -3,
        "EBIT": -3,
        "Net Income": -3
    },
    "2017-07-31": {
        "Diluted EPS": -0.2,
        "Total Revenue": 28,
        "Gross Profit": 17,
        "Operating Income": -4,
        "EBIT": -3,
        "Net Income": -4
    },
    "2017-04-30": {
        "Diluted EPS": -0.19,
        "Total Revenue": 28,
        "Gross Profit": 16,
        "Operating Income": -3,
        "EBIT": -3,
        "Net Income": -3
    },
    "2017-01-31": {
        "Diluted EPS": -0.16,
        "Total Revenue": 28,
        "Gross Profit": 16,
        "Operating Income": -3,
        "EBIT": -2,
        "Net Income": -3
    },
    "2016-10-31": {
        "Diluted EPS": -0.16,
        "Total Revenue": 27,
        "Gross Profit": 15,
        "Operating Income": -3,
        "EBIT": -2,
        "Net Income": -3
    },
    "2016-07-31": {
        "Diluted EPS": -0.19,
        "Total Revenue": 25,
        "Gross Profit": 15,
        "Operating Income": -3,
        "EBIT": -3,
        "Net Income": -3
    },
    "2016-04-30": {
        "Diluted EPS": -0.23,
        "Total Revenue": 24,
        "Gross Profit": 14,
        "Operating Income": -4,
        "EBIT": -4,
        "Net Income": -4
    },
    "2016-01-31": {
        "Diluted EPS": 1.15,
        "Total Revenue": 24,
        "Gross Profit": 13,
        "Operating Income": -3,
        "EBIT": -3,
        "Net Income": -3
    },
    "2015-10-31": {
        "Diluted EPS": -0.21,
        "Total Revenue": 23,
        "Gross Profit": 12,
        "Operating Income": -4,
        "EBIT": -3,
        "Net Income": -4
    },
    "2015-07-31": {
        "Diluted EPS": -0.8,
        "Total Revenue": 21,
        "Gross Profit": 11,
        "Operating Income": -3,
        "EBIT": -3,
        "Net Income": -3
    },
    "2015-04-30": {
        "Diluted EPS": -1.52,
        "Total Revenue": 20,
        "Gross Profit": 10,
        "Operating Income": -3,
        "EBIT": -3,
        "Net Income": -4
    },
    "2015-01-31": {
        "Diluted EPS": 0.0,
        "Total Revenue": NaN,
        "Gross Profit": NaN,
        "Operating Income": NaN,
        "EBIT": NaN,
        "Net Income": NaN
    },
    "2014-10-31": {
        "Diluted EPS": -0.72,
        "Total Revenue": 18,
        "Gross Profit": 9,
        "Operating Income": -1,
        "EBIT": -1,
        "Net Income": -2
    },
    "2014-07-31": {
        "Diluted EPS": -0.48,
        "Total Revenue": 17,
        "Gross Profit": 9,
        "Operating Income": -2,
        "EBIT": -2,
        "Net Income": -1
    },
    "2014-01-31": {
        "Diluted EPS": 0.0,
        "Total Revenue": NaN,
        "Gross Profit": NaN,
        "Operating Income": NaN,
        "EBIT": NaN,
        "Net Income": NaN
    },
    "2013-01-31": {
        "Diluted EPS": 0.0,
        "Total Revenue": NaN,
        "Gross Profit": NaN,
        "Operating Income": NaN,
        "EBIT": NaN,
        "Net Income": NaN
    },
    "2023-07-31": {
        "Tax Effect Of Unusual Items": 0.0,
        "Tax Rate For Calcs": 0.21,
        "Normalized EBITDA": 2636000.0,
        "Net Income From Continuing Operation Net Minority Interest": 271000.0,
        "Reconciled Depreciation": 2630000.0,
        "Reconciled Cost Of Revenue": 21765000.0,
        "EBITDA": 2636000.0,
        "EBIT": 6000.0,
        "Net Interest Income": 532000.0,
        "Interest Income": 532000.0,
        "Normalized Income": 271000.0,
        "Net Income From Continuing And Discontinued Operation": 271000.0,
        "Total Expenses": 58347000.0,
        "Total Operating Income As Reported": 6000.0,
        "Diluted Average Shares": 25935018.0,
        "Basic Average Shares": 25575962.0,
        "Diluted EPS": 0.01,
        "Basic EPS": 0.01,
        "Diluted NI Availto Com Stockholders": 271000.0,
        "Net Income Common Stockholders": 271000.0,
        "Net Income": 271000.0,
        "Net Income Including Noncontrolling Interests": 271000.0,
        "Net Income Continuous Operations": 271000.0,
        "Tax Provision": 267000.0,
        "Pretax Income": 538000.0,
        "Net Non Operating Interest Income Expense": 532000.0,
        "Total Other Finance Cost": -532000.0,
        "Interest Income Non Operating": 532000.0,
        "Operating Income": 6000.0,
        "Operating Expense": 36582000.0,
        "Research And Development": 11768000.0,
        "Selling General And Administration": 24814000.0,
        "Selling And Marketing Expense": 18842000.0,
        "General And Administrative Expense": 5972000.0,
        "Other Gand A": 5972000.0,
        "Gross Profit": 36588000.0,
        "Cost Of Revenue": 21765000.0,
        "Total Revenue": 58353000.0,
        "Operating Revenue": 58353000.0
    },
    "2023-10-31": {
        "Tax Effect Of Unusual Items": 0.0,
        "Tax Rate For Calcs": 0.21,
        "Normalized EBITDA": 1574000.0,
        "Net Income From Continuing Operation Net Minority Interest": 2285000.0,
        "Reconciled Depreciation": 2592000.0,
        "Reconciled Cost Of Revenue": 22917000.0,
        "EBITDA": 1574000.0,
        "EBIT": -1018000.0,
        "Net Interest Income": 267000.0,
        "Interest Income": 267000.0,
        "Normalized Income": 2285000.0,
        "Net Income From Continuing And Discontinued Operation": 2285000.0,
        "Total Expenses": 60874000.0,
        "Total Operating Income As Reported": -1018000.0,
        "Diluted Average Shares": 25990264.0,
        "Basic Average Shares": 25469997.0,
        "Diluted EPS": 0.09,
        "Basic EPS": 0.09,
        "Diluted NI Availto Com Stockholders": 2285000.0,
        "Net Income Common Stockholders": 2285000.0,
        "Net Income": 2285000.0,
        "Net Income Including Noncontrolling Interests": 2285000.0,
        "Net Income Continuous Operations": 2285000.0,
        "Tax Provision": -3036000.0,
        "Pretax Income": -751000.0,
        "Net Non Operating Interest Income Expense": 267000.0,
        "Total Other Finance Cost": NaN,
        "Interest Income Non Operating": 267000.0,
        "Operating Income": -1018000.0,
        "Operating Expense": 37957000.0,
        "Research And Development": 12540000.0,
        "Selling General And Administration": 25417000.0,
        "Selling And Marketing Expense": 17912000.0,
        "General And Administrative Expense": 7505000.0,
        "Other Gand A": 7505000.0,
        "Gross Profit": 36939000.0,
        "Cost Of Revenue": 22917000.0,
        "Total Revenue": 59856000.0,
        "Operating Revenue": 59856000.0
    },
    "2024-04-30": {
        "Tax Effect Of Unusual Items": 0.0,
        "Tax Rate For Calcs": 0.21,
        "Normalized EBITDA": 565000.0,
        "Net Income From Continuing Operation Net Minority Interest": -2139000.0,
        "Reconciled Depreciation": 3302000.0,
        "Reconciled Cost Of Revenue": 24384000.0,
        "EBITDA": 565000.0,
        "EBIT": -2737000.0,
        "Net Interest Income": 923000.0,
        "Interest Income": 923000.0,
        "Normalized Income": -2139000.0,
        "Net Income From Continuing And Discontinued Operation": -2139000.0,
        "Total Expenses": 65236000.0,
        "Total Operating Income As Reported": -2737000.0,
        "Diluted Average Shares": 26224396.0,
        "Basic Average Shares": 26224396.0,
        "Diluted EPS": -0.08,
        "Basic EPS": -0.08,
        "Diluted NI Availto Com Stockholders": -2139000.0,
        "Net Income Common Stockholders": -2139000.0,
        "Net Income": -2139000.0,
        "Net Income Including Noncontrolling Interests": -2139000.0,
        "Net Income Continuous Operations": -2139000.0,
        "Tax Provision": 325000.0,
        "Pretax Income": -1814000.0,
        "Net Non Operating Interest Income Expense": 923000.0,
        "Total Other Finance Cost": NaN,
        "Interest Income Non Operating": 923000.0,
        "Operating Income": -2737000.0,
        "Operating Expense": 40852000.0,
        "Research And Development": 13793000.0,
        "Selling General And Administration": 27059000.0,
        "Selling And Marketing Expense": 19481000.0,
        "General And Administrative Expense": 7578000.0,
        "Other Gand A": 7578000.0,
        "Gross Profit": 38115000.0,
        "Cost Of Revenue": 24384000.0,
        "Total Revenue": 62499000.0,
        "Operating Revenue": 62499000.0
    },
    "2024-07-31": {
        "Tax Effect Of Unusual Items": 0.0,
        "Tax Rate For Calcs": 0.21,
        "Normalized EBITDA": 1647000.0,
        "Net Income From Continuing Operation Net Minority Interest": -2137000.0,
        "Reconciled Depreciation": 3243000.0,
        "Reconciled Cost Of Revenue": 25429000.0,
        "EBITDA": 1647000.0,
        "EBIT": -1596000.0,
        "Net Interest Income": -103000.0,
        "Interest Income": NaN,
        "Normalized Income": -2137000.0,
        "Net Income From Continuing And Discontinued Operation": -2137000.0,
        "Total Expenses": 65725000.0,
        "Total Operating Income As Reported": -1596000.0,
        "Diluted Average Shares": 26556754.0,
        "Basic Average Shares": 26556754.0,
        "Diluted EPS": -0.08,
        "Basic EPS": -0.08,
        "Diluted NI Availto Com Stockholders": -2137000.0,
        "Net Income Common Stockholders": -2137000.0,
        "Net Income": -2137000.0,
        "Net Income Including Noncontrolling Interests": -2137000.0,
        "Net Income Continuous Operations": -2137000.0,
        "Tax Provision": 438000.0,
        "Pretax Income": -1699000.0,
        "Net Non Operating Interest Income Expense": -103000.0,
        "Total Other Finance Cost": 103000.0,
        "Interest Income Non Operating": NaN,
        "Operating Income": -1596000.0,
        "Operating Expense": 40296000.0,
        "Research And Development": 13640000.0,
        "Selling General And Administration": 26656000.0,
        "Selling And Marketing Expense": 19256000.0,
        "General And Administrative Expense": 7400000.0,
        "Other Gand A": 7400000.0,
        "Gross Profit": 38700000.0,
        "Cost Of Revenue": 25429000.0,
        "Total Revenue": 64129000.0,
        "Operating Revenue": 64129000.0
    },
    "2024-01-31": {
        "Tax Effect Of Unusual Items": NaN,
        "Tax Rate For Calcs": 0.21,
        "Normalized EBITDA": NaN,
        "Net Income From Continuing Operation Net Minority Interest": NaN,
        "Reconciled Depreciation": NaN,
        "Reconciled Cost Of Revenue": NaN,
        "EBITDA": NaN,
        "EBIT": NaN,
        "Net Interest Income": NaN,
        "Interest Income": NaN,
        "Normalized Income": NaN,
        "Net Income From Continuing And Discontinued Operation": NaN,
        "Total Expenses": NaN,
        "Total Operating Income As Reported": NaN,
        "Diluted Average Shares": NaN,
        "Basic Average Shares": NaN,
        "Diluted EPS": NaN,
        "Basic EPS": NaN,
        "Diluted NI Availto Com Stockholders": NaN,
        "Net Income Common Stockholders": NaN,
        "Net Income": NaN,
        "Net Income Including Noncontrolling Interests": NaN,
        "Net Income Continuous Operations": NaN,
        "Tax Provision": NaN,
        "Pretax Income": NaN,
        "Net Non Operating Interest Income Expense": NaN,
        "Total Other Finance Cost": NaN,
        "Interest Income Non Operating": NaN,
        "Operating Income": NaN,
        "Operating Expense": NaN,
        "Research And Development": NaN,
        "Selling General And Administration": NaN,
        "Selling And Marketing Expense": NaN,
        "General And Administrative Expense": NaN,
        "Other Gand A": NaN,
        "Gross Profit": NaN,
        "Cost Of Revenue": NaN,
        "Total Revenue": NaN,
        "Operating Revenue": NaN
    }
}