{
    "2023-03-31": {
        "Tax Effect Of Unusual Items": NaN,
        "Tax Rate For Calcs": NaN,
        "Normalized EBITDA": NaN,
        "Total Unusual Items": NaN,
        "Total Unusual Items Excluding Goodwill": NaN,
        "Net Income From Continuing Operation Net Minority Interest": NaN,
        "Reconciled Depreciation": NaN,
        "Reconciled Cost Of Revenue": NaN,
        "EBITDA": NaN,
        "EBIT": NaN,
        "Net Interest Income": -11371000.0,
        "Interest Expense": 11371000.0,
        "Normalized Income": NaN,
        "Net Income From Continuing And Discontinued Operation": NaN,
        "Total Expenses": NaN,
        "Rent Expense Supplemental": NaN,
        "Total Operating Income As Reported": NaN,
        "Diluted Average Shares": NaN,
        "Basic Average Shares": NaN,
        "Diluted EPS": NaN,
        "Basic EPS": NaN,
        "Diluted NI Availto Com Stockholders": NaN,
        "Average Dilution Earnings": NaN,
        "Net Income Common Stockholders": NaN,
        "Net Income": NaN,
        "Minority Interests": NaN,
        "Net Income Including Noncontrolling Interests": NaN,
        "Net Income Continuous Operations": NaN,
        "Tax Provision": NaN,
        "Pretax Income": NaN,
        "Other Income Expense": NaN,
        "Other Non Operating Income Expenses": NaN,
        "Special Income Charges": -147000.0,
        "Gain On Sale Of Ppe": -147000.0,
        "Earnings From Equity Interest": NaN,
        "Gain On Sale Of Security": NaN,
        "Net Non Operating Interest Income Expense": -11371000.0,
        "Total Other Finance Cost": 764000.0,
        "Interest Expense Non Operating": 11371000.0,
        "Operating Income": NaN,
        "Operating Expense": NaN,
        "Other Operating Expenses": NaN,
        "Provision For Doubtful Accounts": NaN,
        "Depreciation Amortization Depletion Income Statement": NaN,
        "Depreciation And Amortization In Income Statement": NaN,
        "Selling General And Administration": NaN,
        "Selling And Marketing Expense": NaN,
        "General And Administrative Expense": NaN,
        "Other Gand A": NaN,
        "Rent And Landing Fees": NaN,
        "Salaries And Wages": 14521000.0,
        "Gross Profit": NaN,
        "Cost Of Revenue": NaN,
        "Total Revenue": NaN,
        "Operating Revenue": NaN
    },
    "2022-12-31": {
        "Tax Effect Of Unusual Items": NaN,
        "Tax Rate For Calcs": NaN,
        "Normalized EBITDA": NaN,
        "Total Unusual Items": NaN,
        "Total Unusual Items Excluding Goodwill": NaN,
        "Net Income From Continuing Operation Net Minority Interest": NaN,
        "Reconciled Depreciation": NaN,
        "Reconciled Cost Of Revenue": NaN,
        "EBITDA": NaN,
        "EBIT": NaN,
        "Net Interest Income": NaN,
        "Interest Expense": NaN,
        "Normalized Income": NaN,
        "Net Income From Continuing And Discontinued Operation": NaN,
        "Total Expenses": NaN,
        "Rent Expense Supplemental": NaN,
        "Total Operating Income As Reported": NaN,
        "Diluted Average Shares": NaN,
        "Basic Average Shares": NaN,
        "Diluted EPS": NaN,
        "Basic EPS": NaN,
        "Diluted NI Availto Com Stockholders": NaN,
        "Average Dilution Earnings": NaN,
        "Net Income Common Stockholders": NaN,
        "Net Income": NaN,
        "Minority Interests": NaN,
        "Net Income Including Noncontrolling Interests": NaN,
        "Net Income Continuous Operations": NaN,
        "Tax Provision": NaN,
        "Pretax Income": NaN,
        "Other Income Expense": NaN,
        "Other Non Operating Income Expenses": NaN,
        "Special Income Charges": -3571000.0,
        "Gain On Sale Of Ppe": NaN,
        "Gain On Sale Of Security": NaN,
        "Net Non Operating Interest Income Expense": NaN,
        "Total Other Finance Cost": 746000.0,
        "Interest Expense Non Operating": NaN,
        "Operating Income": NaN,
        "Operating Expense": NaN,
        "Other Operating Expenses": NaN,
        "Provision For Doubtful Accounts": NaN,
        "Depreciation Amortization Depletion Income Statement": NaN,
        "Depreciation And Amortization In Income Statement": NaN,
        "Selling General And Administration": NaN,
        "Selling And Marketing Expense": NaN,
        "General And Administrative Expense": NaN,
        "Other Gand A": NaN,
        "Rent And Landing Fees": NaN,
        "Salaries And Wages": 13229000.0,
        "Gross Profit": NaN,
        "Cost Of Revenue": NaN,
        "Total Revenue": NaN,
        "Operating Revenue": NaN
    },
    "2022-09-30": {
        "Tax Effect Of Unusual Items": NaN,
        "Tax Rate For Calcs": NaN,
        "Normalized EBITDA": NaN,
        "Total Unusual Items": NaN,
        "Total Unusual Items Excluding Goodwill": NaN,
        "Net Income From Continuing Operation Net Minority Interest": NaN,
        "Reconciled Depreciation": NaN,
        "Reconciled Cost Of Revenue": NaN,
        "EBITDA": NaN,
        "EBIT": NaN,
        "Net Interest Income": NaN,
        "Interest Expense": NaN,
        "Normalized Income": NaN,
        "Net Income From Continuing And Discontinued Operation": NaN,
        "Total Expenses": NaN,
        "Rent Expense Supplemental": NaN,
        "Total Operating Income As Reported": NaN,
        "Diluted Average Shares": 13972971.0,
        "Basic Average Shares": 13972971.0,
        "Diluted EPS": -0.04,
        "Basic EPS": -0.04,
        "Diluted NI Availto Com Stockholders": NaN,
        "Average Dilution Earnings": NaN,
        "Net Income Common Stockholders": NaN,
        "Net Income": NaN,
        "Minority Interests": NaN,
        "Net Income Including Noncontrolling Interests": NaN,
        "Net Income Continuous Operations": NaN,
        "Tax Provision": NaN,
        "Pretax Income": NaN,
        "Other Income Expense": NaN,
        "Other Non Operating Income Expenses": NaN,
        "Special Income Charges": 0.0,
        "Gain On Sale Of Ppe": NaN,
        "Gain On Sale Of Security": NaN,
        "Net Non Operating Interest Income Expense": NaN,
        "Total Other Finance Cost": 582000.0,
        "Interest Expense Non Operating": NaN,
        "Operating Income": NaN,
        "Operating Expense": NaN,
        "Other Operating Expenses": NaN,
        "Provision For Doubtful Accounts": NaN,
        "Depreciation Amortization Depletion Income Statement": NaN,
        "Depreciation And Amortization In Income Statement": NaN,
        "Selling General And Administration": NaN,
        "Selling And Marketing Expense": NaN,
        "General And Administrative Expense": NaN,
        "Other Gand A": NaN,
        "Rent And Landing Fees": NaN,
        "Salaries And Wages": 14600000.0,
        "Gross Profit": NaN,
        "Cost Of Revenue": NaN,
        "Total Revenue": NaN,
        "Operating Revenue": NaN
    },
    "2022-06-30": {
        "Tax Effect Of Unusual Items": -815997.0,
        "Tax Rate For Calcs": 0.021,
        "Normalized EBITDA": 59365000.0,
        "Total Unusual Items": -38857000.0,
        "Total Unusual Items Excluding Goodwill": -38857000.0,
        "Net Income From Continuing Operation Net Minority Interest": 3458000.0,
        "Reconciled Depreciation": 3366000.0,
        "Reconciled Cost Of Revenue": 18601000.0,
        "EBITDA": 20508000.0,
        "EBIT": 17142000.0,
        "Net Interest Income": -7878000.0,
        "Interest Expense": 7443000.0,
        "Normalized Income": 41499003.0,
        "Net Income From Continuing And Discontinued Operation": 3458000.0,
        "Total Expenses": 51441000.0,
        "Rent Expense Supplemental": 1071000.0,
        "Total Operating Income As Reported": 6402000.0,
        "Diluted Average Shares": 84283102.0,
        "Basic Average Shares": 13525101.0,
        "Diluted EPS": 0.1,
        "Basic EPS": 0.26,
        "Diluted NI Availto Com Stockholders": 8046000.0,
        "Average Dilution Earnings": 4588000.0,
        "Net Income Common Stockholders": 3458000.0,
        "Net Income": 3458000.0,
        "Minority Interests": -6039000.0,
        "Net Income Including Noncontrolling Interests": 9497000.0,
        "Net Income Continuous Operations": 9497000.0,
        "Tax Provision": 202000.0,
        "Pretax Income": 9699000.0,
        "Other Income Expense": -38857000.0,
        "Other Non Operating Income Expenses": NaN,
        "Special Income Charges": NaN,
        "Gain On Sale Of Ppe": NaN,
        "Gain On Sale Of Security": -38857000.0,
        "Net Non Operating Interest Income Expense": -7878000.0,
        "Total Other Finance Cost": 435000.0,
        "Interest Expense Non Operating": 7443000.0,
        "Operating Income": 56434000.0,
        "Operating Expense": 51441000.0,
        "Other Operating Expenses": 2439000.0,
        "Provision For Doubtful Accounts": 569000.0,
        "Depreciation Amortization Depletion Income Statement": 3366000.0,
        "Depreciation And Amortization In Income Statement": 3366000.0,
        "Selling General And Administration": 45067000.0,
        "Selling And Marketing Expense": 19079000.0,
        "General And Administrative Expense": 25988000.0,
        "Other Gand A": 9603000.0,
        "Rent And Landing Fees": 1071000.0,
        "Salaries And Wages": 15314000.0,
        "Gross Profit": 89274000.0,
        "Cost Of Revenue": 18601000.0,
        "Total Revenue": 107875000.0,
        "Operating Revenue": 107873000.0
    },
    "2022-03-31": {
        "Diluted EPS": 0.01,
        "Total Revenue": 51,
        "Gross Profit": 37,
        "Operating Income": -2,
        "EBIT": 9,
        "Net Income": 1
    },
    "2021-12-31": {
        "Diluted EPS": 0.19,
        "Total Revenue": 62,
        "Gross Profit": 44,
        "Operating Income": 3,
        "EBIT": 14,
        "Net Income": -31
    },
    "2021-09-30": {
        "Diluted EPS": 0.29,
        "Total Revenue": 73,
        "Gross Profit": 57,
        "Operating Income": 12,
        "EBIT": 21,
        "Net Income": 14
    },
    "2021-06-30": {
        "Diluted EPS": 0.0,
        "Total Revenue": 67,
        "Gross Profit": 56,
        "Operating Income": 18,
        "EBIT": 27,
        "Net Income": 18
    },
    "2021-03-31": {
        "Diluted EPS": 0.0,
        "Total Revenue": 62,
        "Gross Profit": 54,
        "Operating Income": 24,
        "EBIT": 32,
        "Net Income": 24
    },
    "2020-12-31": {
        "Diluted EPS": 0.0,
        "Total Revenue": NaN,
        "Gross Profit": NaN,
        "Operating Income": NaN,
        "EBIT": NaN,
        "Net Income": NaN
    },
    "2020-09-30": {
        "Diluted EPS": 0.0,
        "Total Revenue": 45,
        "Gross Profit": 43,
        "Operating Income": 19,
        "EBIT": 24,
        "Net Income": 19
    },
    "2019-12-31": {
        "Diluted EPS": 0.0,
        "Total Revenue": NaN,
        "Gross Profit": NaN,
        "Operating Income": NaN,
        "EBIT": NaN,
        "Net Income": NaN
    },
    "2023-06-30": {
        "Tax Effect Of Unusual Items": NaN,
        "Tax Rate For Calcs": NaN,
        "Normalized EBITDA": NaN,
        "Total Unusual Items": NaN,
        "Total Unusual Items Excluding Goodwill": NaN,
        "Net Income From Continuing Operation Net Minority Interest": NaN,
        "Reconciled Depreciation": NaN,
        "Reconciled Cost Of Revenue": NaN,
        "EBITDA": NaN,
        "EBIT": NaN,
        "Net Interest Income": -11231000.0,
        "Interest Expense": 10717000.0,
        "Normalized Income": NaN,
        "Net Income From Continuing And Discontinued Operation": NaN,
        "Total Expenses": NaN,
        "Rent Expense Supplemental": NaN,
        "Total Operating Income As Reported": NaN,
        "Diluted Average Shares": 15873753.0,
        "Basic Average Shares": 15632120.0,
        "Diluted EPS": 0.14,
        "Basic EPS": 0.14,
        "Diluted NI Availto Com Stockholders": NaN,
        "Average Dilution Earnings": NaN,
        "Net Income Common Stockholders": NaN,
        "Net Income": NaN,
        "Minority Interests": NaN,
        "Net Income Including Noncontrolling Interests": NaN,
        "Net Income Continuous Operations": NaN,
        "Tax Provision": NaN,
        "Pretax Income": NaN,
        "Other Income Expense": NaN,
        "Other Non Operating Income Expenses": NaN,
        "Special Income Charges": NaN,
        "Gain On Sale Of Ppe": NaN,
        "Earnings From Equity Interest": NaN,
        "Gain On Sale Of Security": NaN,
        "Net Non Operating Interest Income Expense": -11231000.0,
        "Total Other Finance Cost": 514000.0,
        "Interest Expense Non Operating": 10717000.0,
        "Operating Income": NaN,
        "Operating Expense": NaN,
        "Other Operating Expenses": NaN,
        "Provision For Doubtful Accounts": NaN,
        "Depreciation Amortization Depletion Income Statement": NaN,
        "Depreciation And Amortization In Income Statement": NaN,
        "Selling General And Administration": NaN,
        "Selling And Marketing Expense": NaN,
        "General And Administrative Expense": NaN,
        "Other Gand A": NaN,
        "Rent And Landing Fees": NaN,
        "Salaries And Wages": NaN,
        "Gross Profit": NaN,
        "Cost Of Revenue": NaN,
        "Total Revenue": NaN,
        "Operating Revenue": NaN
    },
    "2023-09-30": {
        "Tax Effect Of Unusual Items": -1595104.0,
        "Tax Rate For Calcs": 0.028,
        "Normalized EBITDA": 132970000.0,
        "Total Unusual Items": -56968000.0,
        "Total Unusual Items Excluding Goodwill": -56968000.0,
        "Net Income From Continuing Operation Net Minority Interest": 2169000.0,
        "Reconciled Depreciation": 3119000.0,
        "Reconciled Cost Of Revenue": 26838000.0,
        "EBITDA": 76002000.0,
        "EBIT": 72883000.0,
        "Net Interest Income": -12077000.0,
        "Interest Expense": 11483000.0,
        "Normalized Income": 57541896.0,
        "Net Income From Continuing And Discontinued Operation": 2169000.0,
        "Total Expenses": 60282000.0,
        "Rent Expense Supplemental": 1108000.0,
        "Total Operating Income As Reported": 15581000.0,
        "Diluted Average Shares": 17057778.0,
        "Basic Average Shares": 16772275.0,
        "Diluted EPS": 0.13,
        "Basic EPS": 0.13,
        "Diluted NI Availto Com Stockholders": 2196000.0,
        "Average Dilution Earnings": 27000.0,
        "Net Income Common Stockholders": 2169000.0,
        "Net Income": 2169000.0,
        "Minority Interests": -13363000.0,
        "Net Income Including Noncontrolling Interests": 15532000.0,
        "Net Income Continuous Operations": 15532000.0,
        "Tax Provision": 463000.0,
        "Pretax Income": 15995000.0,
        "Other Income Expense": -56888000.0,
        "Other Non Operating Income Expenses": 80000.0,
        "Special Income Charges": NaN,
        "Gain On Sale Of Ppe": NaN,
        "Earnings From Equity Interest": 0.0,
        "Gain On Sale Of Security": -56968000.0,
        "Net Non Operating Interest Income Expense": -12077000.0,
        "Total Other Finance Cost": 594000.0,
        "Interest Expense Non Operating": 11483000.0,
        "Operating Income": 72883000.0,
        "Operating Expense": 33444000.0,
        "Other Operating Expenses": 6130000.0,
        "Provision For Doubtful Accounts": 195000.0,
        "Depreciation Amortization Depletion Income Statement": 3119000.0,
        "Depreciation And Amortization In Income Statement": 3119000.0,
        "Selling General And Administration": 24000000.0,
        "Selling And Marketing Expense": 14075000.0,
        "General And Administrative Expense": 9925000.0,
        "Other Gand A": 8817000.0,
        "Rent And Landing Fees": 1108000.0,
        "Salaries And Wages": NaN,
        "Gross Profit": 106327000.0,
        "Cost Of Revenue": 26838000.0,
        "Total Revenue": 133165000.0,
        "Operating Revenue": 132090000.0
    },
    "2023-12-31": {
        "Tax Effect Of Unusual Items": -24891833.498513,
        "Tax Rate For Calcs": 0.341592,
        "Normalized EBITDA": 45998000.0,
        "Total Unusual Items": -72870000.0,
        "Total Unusual Items Excluding Goodwill": -72870000.0,
        "Net Income From Continuing Operation Net Minority Interest": -5567000.0,
        "Reconciled Depreciation": 2908000.0,
        "Reconciled Cost Of Revenue": 62023000.0,
        "EBITDA": -26872000.0,
        "EBIT": -29780000.0,
        "Net Interest Income": 34679000.0,
        "Interest Expense": -32807000.0,
        "Normalized Income": 42411166.501487,
        "Net Income From Continuing And Discontinued Operation": -5567000.0,
        "Total Expenses": 91937000.0,
        "Rent Expense Supplemental": 1109000.0,
        "Total Operating Income As Reported": 8710000.0,
        "Diluted Average Shares": NaN,
        "Basic Average Shares": NaN,
        "Diluted EPS": NaN,
        "Basic EPS": NaN,
        "Diluted NI Availto Com Stockholders": -5619000.0,
        "Average Dilution Earnings": -52000.0,
        "Net Income Common Stockholders": -5567000.0,
        "Net Income": -5567000.0,
        "Minority Interests": -7508000.0,
        "Net Income Including Noncontrolling Interests": 1941000.0,
        "Net Income Continuous Operations": 1941000.0,
        "Tax Provision": 1034000.0,
        "Pretax Income": 3027000.0,
        "Other Income Expense": -72639000.0,
        "Other Non Operating Income Expenses": 231000.0,
        "Special Income Charges": -100000.0,
        "Gain On Sale Of Ppe": NaN,
        "Earnings From Equity Interest": NaN,
        "Gain On Sale Of Security": -72770000.0,
        "Net Non Operating Interest Income Expense": 34679000.0,
        "Total Other Finance Cost": NaN,
        "Interest Expense Non Operating": -32807000.0,
        "Operating Income": 40987000.0,
        "Operating Expense": 29914000.0,
        "Other Operating Expenses": 5633000.0,
        "Provision For Doubtful Accounts": 217000.0,
        "Depreciation Amortization Depletion Income Statement": 2908000.0,
        "Depreciation And Amortization In Income Statement": 2908000.0,
        "Selling General And Administration": 21156000.0,
        "Selling And Marketing Expense": 12559000.0,
        "General And Administrative Expense": 8597000.0,
        "Other Gand A": 7488000.0,
        "Rent And Landing Fees": 1109000.0,
        "Salaries And Wages": NaN,
        "Gross Profit": 70901000.0,
        "Cost Of Revenue": 62023000.0,
        "Total Revenue": 132924000.0,
        "Operating Revenue": 131815000.0
    },
    "2024-03-31": {
        "Tax Effect Of Unusual Items": -2239378.0,
        "Tax Rate For Calcs": 0.038,
        "Normalized EBITDA": 131042000.0,
        "Total Unusual Items": -58931000.0,
        "Total Unusual Items Excluding Goodwill": -58931000.0,
        "Net Income From Continuing Operation Net Minority Interest": 5537000.0,
        "Reconciled Depreciation": 2725000.0,
        "Reconciled Cost Of Revenue": 27428000.0,
        "EBITDA": 72111000.0,
        "EBIT": 69386000.0,
        "Net Interest Income": -11430000.0,
        "Interest Expense": 11430000.0,
        "Normalized Income": 62228622.0,
        "Net Income From Continuing And Discontinued Operation": 5537000.0,
        "Total Expenses": 57957000.0,
        "Rent Expense Supplemental": 942000.0,
        "Total Operating Income As Reported": 5284000.0,
        "Diluted Average Shares": 86243498.0,
        "Basic Average Shares": 19205427.0,
        "Diluted EPS": 0.1,
        "Basic EPS": 0.29,
        "Diluted NI Availto Com Stockholders": 9050000.0,
        "Average Dilution Earnings": 3513000.0,
        "Net Income Common Stockholders": 5537000.0,
        "Net Income": 5537000.0,
        "Minority Interests": -4594000.0,
        "Net Income Including Noncontrolling Interests": 10131000.0,
        "Net Income Continuous Operations": 10131000.0,
        "Tax Provision": 404000.0,
        "Pretax Income": 10535000.0,
        "Other Income Expense": -58851000.0,
        "Other Non Operating Income Expenses": 80000.0,
        "Special Income Charges": 0.0,
        "Gain On Sale Of Ppe": 0.0,
        "Earnings From Equity Interest": NaN,
        "Gain On Sale Of Security": -58931000.0,
        "Net Non Operating Interest Income Expense": -11430000.0,
        "Total Other Finance Cost": NaN,
        "Interest Expense Non Operating": 11430000.0,
        "Operating Income": 69386000.0,
        "Operating Expense": 30529000.0,
        "Other Operating Expenses": 8062000.0,
        "Provision For Doubtful Accounts": 27000.0,
        "Depreciation Amortization Depletion Income Statement": 2725000.0,
        "Depreciation And Amortization In Income Statement": 2725000.0,
        "Selling General And Administration": 19715000.0,
        "Selling And Marketing Expense": 9512000.0,
        "General And Administrative Expense": 10203000.0,
        "Other Gand A": 9261000.0,
        "Rent And Landing Fees": 942000.0,
        "Salaries And Wages": NaN,
        "Gross Profit": 99915000.0,
        "Cost Of Revenue": 27428000.0,
        "Total Revenue": 127343000.0,
        "Operating Revenue": 126279000.0
    },
    "2024-06-30": {
        "Tax Effect Of Unusual Items": -1516815.0,
        "Tax Rate For Calcs": 0.037,
        "Normalized EBITDA": 112991000.0,
        "Total Unusual Items": -40995000.0,
        "Total Unusual Items Excluding Goodwill": -40995000.0,
        "Net Income From Continuing Operation Net Minority Interest": 3066000.0,
        "Reconciled Depreciation": 2490000.0,
        "Reconciled Cost Of Revenue": 27191000.0,
        "EBITDA": 71996000.0,
        "EBIT": 69506000.0,
        "Net Interest Income": NaN,
        "Interest Expense": NaN,
        "Normalized Income": 42544185.0,
        "Net Income From Continuing And Discontinued Operation": 3066000.0,
        "Total Expenses": 56798000.0,
        "Rent Expense Supplemental": 1042000.0,
        "Total Operating Income As Reported": 29487000.0,
        "Diluted Average Shares": 19675934.0,
        "Basic Average Shares": 19675934.0,
        "Diluted EPS": 0.16,
        "Basic EPS": 0.16,
        "Diluted NI Availto Com Stockholders": 3066000.0,
        "Average Dilution Earnings": 0.0,
        "Net Income Common Stockholders": 3066000.0,
        "Net Income": 3066000.0,
        "Minority Interests": -24610000.0,
        "Net Income Including Noncontrolling Interests": 27676000.0,
        "Net Income Continuous Operations": 27676000.0,
        "Tax Provision": 914000.0,
        "Pretax Income": 28590000.0,
        "Other Income Expense": -40916000.0,
        "Other Non Operating Income Expenses": 79000.0,
        "Special Income Charges": NaN,
        "Gain On Sale Of Ppe": NaN,
        "Earnings From Equity Interest": NaN,
        "Gain On Sale Of Security": -40995000.0,
        "Net Non Operating Interest Income Expense": NaN,
        "Total Other Finance Cost": NaN,
        "Interest Expense Non Operating": NaN,
        "Operating Income": 69506000.0,
        "Operating Expense": 29607000.0,
        "Other Operating Expenses": 4606000.0,
        "Provision For Doubtful Accounts": 4000.0,
        "Depreciation Amortization Depletion Income Statement": 2490000.0,
        "Depreciation And Amortization In Income Statement": 2490000.0,
        "Selling General And Administration": 22507000.0,
        "Selling And Marketing Expense": 12808000.0,
        "General And Administrative Expense": 9699000.0,
        "Other Gand A": 8657000.0,
        "Rent And Landing Fees": 1042000.0,
        "Salaries And Wages": NaN,
        "Gross Profit": 99113000.0,
        "Cost Of Revenue": 27191000.0,
        "Total Revenue": 126304000.0,
        "Operating Revenue": 125076000.0
    },
    "2024-09-30": {
        "Tax Effect Of Unusual Items": -3140290.0,
        "Tax Rate For Calcs": 0.067,
        "Normalized EBITDA": 129667000.0,
        "Total Unusual Items": -46870000.0,
        "Total Unusual Items Excluding Goodwill": -46870000.0,
        "Net Income From Continuing Operation Net Minority Interest": 4264000.0,
        "Reconciled Depreciation": 2280000.0,
        "Reconciled Cost Of Revenue": 25088000.0,
        "EBITDA": 82797000.0,
        "EBIT": 80517000.0,
        "Net Interest Income": NaN,
        "Interest Expense": NaN,
        "Normalized Income": 47993710.0,
        "Net Income From Continuing And Discontinued Operation": 4264000.0,
        "Total Expenses": 56076000.0,
        "Rent Expense Supplemental": 1005000.0,
        "Total Operating Income As Reported": 35092000.0,
        "Diluted Average Shares": 20248004.0,
        "Basic Average Shares": 20248004.0,
        "Diluted EPS": 0.21,
        "Basic EPS": 0.21,
        "Diluted NI Availto Com Stockholders": 4264000.0,
        "Average Dilution Earnings": 0.0,
        "Net Income Common Stockholders": 4264000.0,
        "Net Income": 4264000.0,
        "Minority Interests": -27793000.0,
        "Net Income Including Noncontrolling Interests": 32057000.0,
        "Net Income Continuous Operations": 32057000.0,
        "Tax Provision": 2297000.0,
        "Pretax Income": 34354000.0,
        "Other Income Expense": -46163000.0,
        "Other Non Operating Income Expenses": 80000.0,
        "Special Income Charges": NaN,
        "Gain On Sale Of Ppe": NaN,
        "Earnings From Equity Interest": 627000.0,
        "Gain On Sale Of Security": -46870000.0,
        "Net Non Operating Interest Income Expense": NaN,
        "Total Other Finance Cost": NaN,
        "Interest Expense Non Operating": NaN,
        "Operating Income": 80517000.0,
        "Operating Expense": 30988000.0,
        "Other Operating Expenses": 4827000.0,
        "Provision For Doubtful Accounts": 3000.0,
        "Depreciation Amortization Depletion Income Statement": 2280000.0,
        "Depreciation And Amortization In Income Statement": 2280000.0,
        "Selling General And Administration": 23878000.0,
        "Selling And Marketing Expense": 13570000.0,
        "General And Administrative Expense": 10308000.0,
        "Other Gand A": 9303000.0,
        "Rent And Landing Fees": 1005000.0,
        "Salaries And Wages": NaN,
        "Gross Profit": 111505000.0,
        "Cost Of Revenue": 25088000.0,
        "Total Revenue": 136593000.0,
        "Operating Revenue": 135535000.0
    }
}