{
    "2023-03-31": {
        "Tax Effect Of Unusual Items": -250950.0,
        "Tax Rate For Calcs": 0.21,
        "Normalized EBITDA": 14035000.0,
        "Total Unusual Items": -1195000.0,
        "Total Unusual Items Excluding Goodwill": -1195000.0,
        "Net Income From Continuing Operation Net Minority Interest": -18267000.0,
        "Reconciled Depreciation": 26446000.0,
        "Reconciled Cost Of Revenue": 133342000.0,
        "EBITDA": 12840000.0,
        "EBIT": -13606000.0,
        "Net Interest Income": -2361000.0,
        "Interest Expense": 3391000.0,
        "Interest Income": 1030000.0,
        "Normalized Income": -17322950.0,
        "Net Income From Continuing And Discontinued Operation": -18267000.0,
        "Total Expenses": 268035000.0,
        "Total Operating Income As Reported": -30594000.0,
        "Diluted Average Shares": 751506257.0,
        "Basic Average Shares": 751506257.0,
        "Diluted EPS": -0.02,
        "Basic EPS": -0.02,
        "Diluted NI Availto Com Stockholders": -18267000.0,
        "Net Income Common Stockholders": -18267000.0,
        "Net Income": -18267000.0,
        "Net Income Including Noncontrolling Interests": -18267000.0,
        "Net Income Continuous Operations": -18267000.0,
        "Earnings From Equity Interest Net Of Tax": -37000.0,
        "Tax Provision": 1233000.0,
        "Pretax Income": -16997000.0,
        "Other Income Expense": 15822000.0,
        "Other Non Operating Income Expenses": 17017000.0,
        "Special Income Charges": -136000.0,
        "Gain On Sale Of Ppe": NaN,
        "Restructuring And Mergern Acquisition": 136000.0,
        "Gain On Sale Of Security": -1059000.0,
        "Net Non Operating Interest Income Expense": -2361000.0,
        "Interest Expense Non Operating": 3391000.0,
        "Interest Income Non Operating": 1030000.0,
        "Operating Income": -30458000.0,
        "Operating Expense": 129721000.0,
        "Depreciation Amortization Depletion Income Statement": 21474000.0,
        "Depreciation And Amortization In Income Statement": 21474000.0,
        "Amortization": 21474000.0,
        "Amortization Of Intangibles Income Statement": 21474000.0,
        "Research And Development": 32605000.0,
        "Selling General And Administration": 75642000.0,
        "Gross Profit": 99263000.0,
        "Cost Of Revenue": 138314000.0,
        "Total Revenue": 237577000.0,
        "Operating Revenue": 237577000.0
    },
    "2022-12-31": {
        "Tax Effect Of Unusual Items": NaN,
        "Tax Rate For Calcs": NaN,
        "Normalized EBITDA": NaN,
        "Total Unusual Items": NaN,
        "Total Unusual Items Excluding Goodwill": NaN,
        "Net Income From Continuing Operation Net Minority Interest": NaN,
        "Reconciled Depreciation": NaN,
        "Reconciled Cost Of Revenue": NaN,
        "EBITDA": NaN,
        "EBIT": NaN,
        "Net Interest Income": NaN,
        "Interest Expense": NaN,
        "Interest Income": NaN,
        "Normalized Income": NaN,
        "Net Income From Continuing And Discontinued Operation": NaN,
        "Total Expenses": NaN,
        "Total Operating Income As Reported": NaN,
        "Diluted Average Shares": NaN,
        "Basic Average Shares": NaN,
        "Diluted EPS": NaN,
        "Basic EPS": NaN,
        "Diluted NI Availto Com Stockholders": NaN,
        "Net Income Common Stockholders": NaN,
        "Net Income": NaN,
        "Net Income Including Noncontrolling Interests": NaN,
        "Net Income Continuous Operations": NaN,
        "Earnings From Equity Interest Net Of Tax": NaN,
        "Tax Provision": NaN,
        "Pretax Income": NaN,
        "Other Income Expense": NaN,
        "Other Non Operating Income Expenses": NaN,
        "Special Income Charges": NaN,
        "Gain On Sale Of Ppe": 3194000.0,
        "Restructuring And Mergern Acquisition": NaN,
        "Gain On Sale Of Security": NaN,
        "Net Non Operating Interest Income Expense": NaN,
        "Interest Expense Non Operating": NaN,
        "Interest Income Non Operating": NaN,
        "Operating Income": NaN,
        "Operating Expense": NaN,
        "Depreciation Amortization Depletion Income Statement": NaN,
        "Depreciation And Amortization In Income Statement": NaN,
        "Amortization": NaN,
        "Amortization Of Intangibles Income Statement": NaN,
        "Research And Development": NaN,
        "Selling General And Administration": NaN,
        "Gross Profit": NaN,
        "Cost Of Revenue": NaN,
        "Total Revenue": NaN,
        "Operating Revenue": NaN
    },
    "2022-09-30": {
        "Tax Effect Of Unusual Items": NaN,
        "Tax Rate For Calcs": NaN,
        "Normalized EBITDA": NaN,
        "Total Unusual Items": NaN,
        "Total Unusual Items Excluding Goodwill": NaN,
        "Net Income From Continuing Operation Net Minority Interest": NaN,
        "Reconciled Depreciation": NaN,
        "Reconciled Cost Of Revenue": NaN,
        "EBITDA": NaN,
        "EBIT": NaN,
        "Net Interest Income": NaN,
        "Interest Expense": NaN,
        "Interest Income": NaN,
        "Normalized Income": NaN,
        "Net Income From Continuing And Discontinued Operation": NaN,
        "Total Expenses": NaN,
        "Total Operating Income As Reported": NaN,
        "Diluted Average Shares": NaN,
        "Basic Average Shares": NaN,
        "Diluted EPS": NaN,
        "Basic EPS": NaN,
        "Diluted NI Availto Com Stockholders": NaN,
        "Net Income Common Stockholders": NaN,
        "Net Income": NaN,
        "Net Income Including Noncontrolling Interests": NaN,
        "Net Income Continuous Operations": NaN,
        "Earnings From Equity Interest Net Of Tax": NaN,
        "Tax Provision": NaN,
        "Pretax Income": NaN,
        "Other Income Expense": NaN,
        "Other Non Operating Income Expenses": NaN,
        "Special Income Charges": NaN,
        "Gain On Sale Of Ppe": 0.0,
        "Restructuring And Mergern Acquisition": NaN,
        "Gain On Sale Of Security": NaN,
        "Net Non Operating Interest Income Expense": NaN,
        "Interest Expense Non Operating": NaN,
        "Interest Income Non Operating": NaN,
        "Operating Income": NaN,
        "Operating Expense": NaN,
        "Depreciation Amortization Depletion Income Statement": NaN,
        "Depreciation And Amortization In Income Statement": NaN,
        "Amortization": NaN,
        "Amortization Of Intangibles Income Statement": NaN,
        "Research And Development": NaN,
        "Selling General And Administration": NaN,
        "Gross Profit": NaN,
        "Cost Of Revenue": NaN,
        "Total Revenue": NaN,
        "Operating Revenue": NaN
    },
    "2022-06-30": {
        "Tax Effect Of Unusual Items": 6211200.0,
        "Tax Rate For Calcs": 0.4,
        "Normalized EBITDA": -70770000.0,
        "Total Unusual Items": 15528000.0,
        "Total Unusual Items Excluding Goodwill": 15528000.0,
        "Net Income From Continuing Operation Net Minority Interest": -101650000.0,
        "Reconciled Depreciation": 27995000.0,
        "Reconciled Cost Of Revenue": 189109000.0,
        "EBITDA": -55242000.0,
        "EBIT": -83237000.0,
        "Net Interest Income": -2914000.0,
        "Interest Expense": 3075000.0,
        "Interest Income": 161000.0,
        "Normalized Income": -110966800.0,
        "Net Income From Continuing And Discontinued Operation": -101650000.0,
        "Total Expenses": 335822000.0,
        "Total Operating Income As Reported": -10739000.0,
        "Diluted Average Shares": 712548661.0,
        "Basic Average Shares": 712548661.0,
        "Diluted EPS": -0.14,
        "Basic EPS": -0.14,
        "Diluted NI Availto Com Stockholders": -101650000.0,
        "Net Income Common Stockholders": -101650000.0,
        "Net Income": -101650000.0,
        "Net Income Including Noncontrolling Interests": -101650000.0,
        "Net Income Continuous Operations": -101650000.0,
        "Earnings From Equity Interest Net Of Tax": -268000.0,
        "Tax Provision": 15070000.0,
        "Pretax Income": -86312000.0,
        "Other Income Expense": -57469000.0,
        "Other Non Operating Income Expenses": -72997000.0,
        "Special Income Charges": 15190000.0,
        "Gain On Sale Of Ppe": 15365000.0,
        "Restructuring And Mergern Acquisition": 175000.0,
        "Gain On Sale Of Security": 338000.0,
        "Net Non Operating Interest Income Expense": -2914000.0,
        "Interest Expense Non Operating": 3075000.0,
        "Interest Income Non Operating": 161000.0,
        "Operating Income": -25929000.0,
        "Operating Expense": 141511000.0,
        "Depreciation Amortization Depletion Income Statement": 22793000.0,
        "Depreciation And Amortization In Income Statement": 22793000.0,
        "Amortization": 22793000.0,
        "Amortization Of Intangibles Income Statement": 22793000.0,
        "Research And Development": 17254000.0,
        "Selling General And Administration": 101464000.0,
        "Gross Profit": 115582000.0,
        "Cost Of Revenue": 194311000.0,
        "Total Revenue": 309893000.0,
        "Operating Revenue": 309893000.0
    },
    "2022-03-31": {
        "Diluted EPS": -0.08,
        "Total Revenue": 329,
        "Gross Profit": 85,
        "Operating Income": -72,
        "EBIT": -44,
        "Net Income": -55
    },
    "2021-12-31": {
        "Diluted EPS": -0.11,
        "Total Revenue": 401,
        "Gross Profit": 109,
        "Operating Income": -63,
        "EBIT": -44,
        "Net Income": -74
    },
    "2021-09-30": {
        "Diluted EPS": 0.04,
        "Total Revenue": 386,
        "Gross Profit": 142,
        "Operating Income": 38,
        "EBIT": 57,
        "Net Income": 29
    },
    "2021-06-30": {
        "Diluted EPS": -0.03,
        "Total Revenue": 442,
        "Gross Profit": 150,
        "Operating Income": 6,
        "EBIT": 26,
        "Net Income": -16
    },
    "2021-03-31": {
        "Diluted EPS": 0.05,
        "Total Revenue": 545,
        "Gross Profit": 182,
        "Operating Income": 38,
        "EBIT": 59,
        "Net Income": 31
    },
    "2020-12-31": {
        "Diluted EPS": 0.05,
        "Total Revenue": 495,
        "Gross Profit": 176,
        "Operating Income": 49,
        "EBIT": 70,
        "Net Income": 32
    },
    "2020-09-30": {
        "Diluted EPS": 0.04,
        "Total Revenue": 428,
        "Gross Profit": 155,
        "Operating Income": 22,
        "EBIT": 43,
        "Net Income": 24
    },
    "2020-06-30": {
        "Diluted EPS": 0.05,
        "Total Revenue": 301,
        "Gross Profit": 139,
        "Operating Income": 27,
        "EBIT": 50,
        "Net Income": 34
    },
    "2020-03-31": {
        "Diluted EPS": -0.09,
        "Total Revenue": 211,
        "Gross Profit": 71,
        "Operating Income": -41,
        "EBIT": -19,
        "Net Income": -59
    },
    "2019-12-31": {
        "Diluted EPS": -0.18,
        "Total Revenue": 224,
        "Gross Profit": 82,
        "Operating Income": -112,
        "EBIT": -89,
        "Net Income": -112
    },
    "2019-09-30": {
        "Diluted EPS": -0.11,
        "Total Revenue": 229,
        "Gross Profit": 87,
        "Operating Income": -39,
        "EBIT": -15,
        "Net Income": -62
    },
    "2019-06-30": {
        "Diluted EPS": -0.1,
        "Total Revenue": 226,
        "Gross Profit": 82,
        "Operating Income": -47,
        "EBIT": -24,
        "Net Income": -60
    },
    "2019-03-31": {
        "Diluted EPS": -0.14,
        "Total Revenue": 222,
        "Gross Profit": 78,
        "Operating Income": -75,
        "EBIT": -51,
        "Net Income": -81
    },
    "2018-12-31": {
        "Diluted EPS": -0.13,
        "Total Revenue": 222,
        "Gross Profit": 72,
        "Operating Income": -90,
        "EBIT": -66,
        "Net Income": -76
    },
    "2018-09-30": {
        "Diluted EPS": -0.05,
        "Total Revenue": 250,
        "Gross Profit": 99,
        "Operating Income": -33,
        "EBIT": -9,
        "Net Income": -28
    },
    "2018-06-30": {
        "Diluted EPS": -0.01,
        "Total Revenue": 264,
        "Gross Profit": 114,
        "Operating Income": -5,
        "EBIT": 20,
        "Net Income": -6
    },
    "2018-03-31": {
        "Diluted EPS": -0.08,
        "Total Revenue": 255,
        "Gross Profit": 101,
        "Operating Income": -43,
        "EBIT": -18,
        "Net Income": -43
    },
    "2017-12-31": {
        "Diluted EPS": -0.39,
        "Total Revenue": 161,
        "Gross Profit": 4,
        "Operating Income": -158,
        "EBIT": -132,
        "Net Income": -218
    },
    "2017-09-30": {
        "Diluted EPS": -0.06,
        "Total Revenue": 246,
        "Gross Profit": 95,
        "Operating Income": -48,
        "EBIT": -22,
        "Net Income": -36
    },
    "2017-06-30": {
        "Diluted EPS": -0.04,
        "Total Revenue": 293,
        "Gross Profit": 135,
        "Operating Income": -26,
        "EBIT": 0,
        "Net Income": -17
    },
    "2017-03-31": {
        "Diluted EPS": -0.06,
        "Total Revenue": 266,
        "Gross Profit": 112,
        "Operating Income": -45,
        "EBIT": -19,
        "Net Income": -35
    },
    "2016-12-31": {
        "Diluted EPS": -0.07,
        "Total Revenue": 171,
        "Gross Profit": 12,
        "Operating Income": -74,
        "EBIT": -50,
        "Net Income": -37
    },
    "2016-09-30": {
        "Diluted EPS": -0.03,
        "Total Revenue": 298,
        "Gross Profit": 147,
        "Operating Income": -24,
        "EBIT": 2,
        "Net Income": -15
    },
    "2016-06-30": {
        "Diluted EPS": 0.02,
        "Total Revenue": 357,
        "Gross Profit": 204,
        "Operating Income": 28,
        "EBIT": 53,
        "Net Income": 16
    },
    "2016-03-31": {
        "Diluted EPS": -0.02,
        "Total Revenue": 291,
        "Gross Profit": 144,
        "Operating Income": -28,
        "EBIT": -5,
        "Net Income": -12
    },
    "2015-12-31": {
        "Diluted EPS": 0.11,
        "Total Revenue": 276,
        "Gross Profit": 133,
        "Operating Income": -8,
        "EBIT": 14,
        "Net Income": 2
    },
    "2015-09-30": {
        "Diluted EPS": 0.18,
        "Total Revenue": 143,
        "Gross Profit": 76,
        "Operating Income": -8,
        "EBIT": 4,
        "Net Income": 128
    },
    "2015-06-30": {
        "Diluted EPS": -0.09,
        "Total Revenue": 42,
        "Gross Profit": 28,
        "Operating Income": -25,
        "EBIT": -21,
        "Net Income": -43
    },
    "2015-03-31": {
        "Diluted EPS": -0.26,
        "Total Revenue": 30,
        "Gross Profit": 20,
        "Operating Income": -57,
        "EBIT": -53,
        "Net Income": -117
    },
    "2014-12-31": {
        "Diluted EPS": -0.13,
        "Total Revenue": 26,
        "Gross Profit": 14,
        "Operating Income": -32,
        "EBIT": -29,
        "Net Income": -53
    },
    "2014-09-30": {
        "Diluted EPS": -0.11,
        "Total Revenue": 20,
        "Gross Profit": 9,
        "Operating Income": -48,
        "EBIT": -44,
        "Net Income": -49
    },
    "2014-06-30": {
        "Diluted EPS": -0.06,
        "Total Revenue": 24,
        "Gross Profit": 11,
        "Operating Income": -35,
        "EBIT": -29,
        "Net Income": -25
    },
    "2014-03-31": {
        "Diluted EPS": -0.11,
        "Total Revenue": 22,
        "Gross Profit": 10,
        "Operating Income": -30,
        "EBIT": -27,
        "Net Income": -45
    },
    "2013-12-31": {
        "Diluted EPS": -0.03,
        "Total Revenue": 21,
        "Gross Profit": 9,
        "Operating Income": -36,
        "EBIT": -31,
        "Net Income": -17
    },
    "2013-09-30": {
        "Diluted EPS": -0.17,
        "Total Revenue": 21,
        "Gross Profit": 9,
        "Operating Income": -19,
        "EBIT": -15,
        "Net Income": -60
    },
    "2013-06-30": {
        "Diluted EPS": -0.01,
        "Total Revenue": 24,
        "Gross Profit": 11,
        "Operating Income": -18,
        "EBIT": -14,
        "Net Income": -3
    },
    "2013-03-31": {
        "Diluted EPS": -0.11,
        "Total Revenue": 31,
        "Gross Profit": 20,
        "Operating Income": -7,
        "EBIT": -3,
        "Net Income": -35
    },
    "2012-12-31": {
        "Diluted EPS": -0.01,
        "Total Revenue": 16,
        "Gross Profit": 7,
        "Operating Income": -10,
        "EBIT": -7,
        "Net Income": -1
    },
    "2012-09-30": {
        "Diluted EPS": -0.03,
        "Total Revenue": 12,
        "Gross Profit": 4,
        "Operating Income": -9,
        "EBIT": -7,
        "Net Income": -10
    },
    "2012-06-30": {
        "Diluted EPS": -0.04,
        "Total Revenue": 10,
        "Gross Profit": 4,
        "Operating Income": -9,
        "EBIT": -7,
        "Net Income": -11
    },
    "2012-03-31": {
        "Diluted EPS": -0.03,
        "Total Revenue": 9,
        "Gross Profit": 4,
        "Operating Income": -9,
        "EBIT": -7,
        "Net Income": -9
    },
    "2011-12-31": {
        "Diluted EPS": 0.06,
        "Total Revenue": 6,
        "Gross Profit": 2,
        "Operating Income": -8,
        "EBIT": -8,
        "Net Income": 18
    },
    "2011-09-30": {
        "Diluted EPS": -0.03,
        "Total Revenue": 7,
        "Gross Profit": 3,
        "Operating Income": -6,
        "EBIT": -5,
        "Net Income": -9
    },
    "2011-06-30": {
        "Diluted EPS": -0.02,
        "Total Revenue": 8,
        "Gross Profit": 4,
        "Operating Income": -5,
        "EBIT": -4,
        "Net Income": -6
    },
    "2011-03-31": {
        "Diluted EPS": -0.02,
        "Total Revenue": 7,
        "Gross Profit": 3,
        "Operating Income": -4,
        "EBIT": -3,
        "Net Income": -6
    },
    "2010-12-31": {
        "Diluted EPS": 0.0,
        "Total Revenue": 7,
        "Gross Profit": 8,
        "Operating Income": 3,
        "EBIT": 3,
        "Net Income": -1
    },
    "2010-09-30": {
        "Diluted EPS": -0.03,
        "Total Revenue": 6,
        "Gross Profit": 2,
        "Operating Income": -4,
        "EBIT": -4,
        "Net Income": -8
    },
    "2010-06-30": {
        "Diluted EPS": -0.03,
        "Total Revenue": 7,
        "Gross Profit": 3,
        "Operating Income": -6,
        "EBIT": -5,
        "Net Income": -7
    },
    "2010-03-31": {
        "Diluted EPS": -0.02,
        "Total Revenue": 8,
        "Gross Profit": 2,
        "Operating Income": -4,
        "EBIT": -3,
        "Net Income": -5
    },
    "2009-12-31": {
        "Diluted EPS": -0.03,
        "Total Revenue": -2,
        "Gross Profit": 0,
        "Operating Income": -2,
        "EBIT": -3,
        "Net Income": -10
    },
    "2009-09-30": {
        "Diluted EPS": -0.04,
        "Total Revenue": 2,
        "Gross Profit": 0,
        "Operating Income": -6,
        "EBIT": -5,
        "Net Income": -10
    },
    "2009-06-30": {
        "Diluted EPS": -0.03,
        "Total Revenue": 2,
        "Gross Profit": 1,
        "Operating Income": -5,
        "EBIT": -5,
        "Net Income": -6
    },
    "2009-03-31": {
        "Diluted EPS": -0.05,
        "Total Revenue": 2,
        "Gross Profit": 1,
        "Operating Income": -9,
        "EBIT": -8,
        "Net Income": -9
    },
    "2023-06-30": {
        "Tax Effect Of Unusual Items": NaN,
        "Tax Rate For Calcs": NaN,
        "Normalized EBITDA": NaN,
        "Total Unusual Items": NaN,
        "Total Unusual Items Excluding Goodwill": NaN,
        "Net Income From Continuing Operation Net Minority Interest": NaN,
        "Reconciled Depreciation": NaN,
        "Reconciled Cost Of Revenue": NaN,
        "EBITDA": NaN,
        "EBIT": NaN,
        "Net Interest Income": NaN,
        "Interest Expense": NaN,
        "Interest Income": NaN,
        "Normalized Income": NaN,
        "Net Income From Continuing And Discontinued Operation": NaN,
        "Total Expenses": NaN,
        "Total Operating Income As Reported": NaN,
        "Diluted Average Shares": NaN,
        "Basic Average Shares": NaN,
        "Diluted EPS": NaN,
        "Basic EPS": NaN,
        "Diluted NI Availto Com Stockholders": NaN,
        "Net Income Common Stockholders": NaN,
        "Net Income": NaN,
        "Net Income Including Noncontrolling Interests": NaN,
        "Net Income Continuous Operations": NaN,
        "Earnings From Equity Interest Net Of Tax": NaN,
        "Tax Provision": NaN,
        "Pretax Income": NaN,
        "Other Income Expense": NaN,
        "Other Non Operating Income Expenses": NaN,
        "Special Income Charges": NaN,
        "Gain On Sale Of Ppe": 0.0,
        "Restructuring And Mergern Acquisition": NaN,
        "Gain On Sale Of Security": NaN,
        "Net Non Operating Interest Income Expense": NaN,
        "Interest Expense Non Operating": NaN,
        "Interest Income Non Operating": NaN,
        "Operating Income": NaN,
        "Operating Expense": NaN,
        "Depreciation Amortization Depletion Income Statement": NaN,
        "Depreciation And Amortization In Income Statement": NaN,
        "Amortization": NaN,
        "Amortization Of Intangibles Income Statement": NaN,
        "Research And Development": NaN,
        "Selling General And Administration": NaN,
        "Gross Profit": NaN,
        "Cost Of Revenue": NaN,
        "Total Revenue": NaN,
        "Operating Revenue": NaN
    },
    "2023-09-30": {
        "Tax Effect Of Unusual Items": 254730.0,
        "Tax Rate For Calcs": 0.21,
        "Normalized EBITDA": -49885000.0,
        "Total Unusual Items": 1213000.0,
        "Total Unusual Items Excluding Goodwill": 1213000.0,
        "Net Income From Continuing Operation Net Minority Interest": -84473000.0,
        "Reconciled Depreciation": 26322000.0,
        "Reconciled Cost Of Revenue": 126130000.0,
        "EBITDA": -48672000.0,
        "EBIT": -74994000.0,
        "Net Interest Income": -2414000.0,
        "Interest Expense": 3384000.0,
        "Interest Income": 970000.0,
        "Normalized Income": -85431270.0,
        "Net Income From Continuing And Discontinued Operation": -84473000.0,
        "Total Expenses": 244127000.0,
        "Total Operating Income As Reported": -64407000.0,
        "Diluted Average Shares": 751525007.0,
        "Basic Average Shares": 751525007.0,
        "Diluted EPS": -0.11,
        "Basic EPS": -0.11,
        "Diluted NI Availto Com Stockholders": -84473000.0,
        "Net Income Common Stockholders": -84473000.0,
        "Net Income": -84473000.0,
        "Net Income Including Noncontrolling Interests": -84473000.0,
        "Net Income Continuous Operations": -84473000.0,
        "Earnings From Equity Interest Net Of Tax": -20000.0,
        "Tax Provision": 6075000.0,
        "Pretax Income": -78378000.0,
        "Other Income Expense": -10432000.0,
        "Other Non Operating Income Expenses": -11645000.0,
        "Special Income Charges": 1125000.0,
        "Gain On Sale Of Ppe": 0.0,
        "Restructuring And Mergern Acquisition": -1125000.0,
        "Gain On Sale Of Security": 88000.0,
        "Net Non Operating Interest Income Expense": -2414000.0,
        "Interest Expense Non Operating": 3384000.0,
        "Interest Income Non Operating": 970000.0,
        "Operating Income": -65532000.0,
        "Operating Expense": 113209000.0,
        "Depreciation Amortization Depletion Income Statement": 21534000.0,
        "Depreciation And Amortization In Income Statement": 21534000.0,
        "Amortization": 21534000.0,
        "Amortization Of Intangibles Income Statement": 21534000.0,
        "Research And Development": 19435000.0,
        "Selling General And Administration": 72240000.0,
        "Gross Profit": 47677000.0,
        "Cost Of Revenue": 130918000.0,
        "Total Revenue": 178595000.0,
        "Operating Revenue": 178595000.0
    },
    "2023-12-31": {
        "Tax Effect Of Unusual Items": 5064.681215,
        "Tax Rate For Calcs": 0.083028,
        "Normalized EBITDA": -43120000.0,
        "Total Unusual Items": 61000.0,
        "Total Unusual Items Excluding Goodwill": 61000.0,
        "Net Income From Continuing Operation Net Minority Interest": -66483000.0,
        "Reconciled Depreciation": 25982000.0,
        "Reconciled Cost Of Revenue": 132704000.0,
        "EBITDA": -43059000.0,
        "EBIT": -69041000.0,
        "Net Interest Income": -2547000.0,
        "Interest Expense": 3453000.0,
        "Interest Income": 906000.0,
        "Normalized Income": -66538935.318785,
        "Net Income From Continuing And Discontinued Operation": -66483000.0,
        "Total Expenses": 250963000.0,
        "Total Operating Income As Reported": -69046000.0,
        "Diluted Average Shares": 751506257.0,
        "Basic Average Shares": 751506257.0,
        "Diluted EPS": -0.09,
        "Basic EPS": -0.09,
        "Diluted NI Availto Com Stockholders": -66483000.0,
        "Net Income Common Stockholders": -66483000.0,
        "Net Income": -66483000.0,
        "Net Income Including Noncontrolling Interests": -66483000.0,
        "Net Income Continuous Operations": -66483000.0,
        "Earnings From Equity Interest Net Of Tax": -8000.0,
        "Tax Provision": -6019000.0,
        "Pretax Income": -72494000.0,
        "Other Income Expense": -888000.0,
        "Other Non Operating Income Expenses": -949000.0,
        "Special Income Charges": 13000.0,
        "Gain On Sale Of Ppe": 0.0,
        "Restructuring And Mergern Acquisition": -13000.0,
        "Gain On Sale Of Security": 48000.0,
        "Net Non Operating Interest Income Expense": -2547000.0,
        "Interest Expense Non Operating": 3453000.0,
        "Interest Income Non Operating": 906000.0,
        "Operating Income": -69059000.0,
        "Operating Expense": 113766000.0,
        "Depreciation Amortization Depletion Income Statement": 21489000.0,
        "Depreciation And Amortization In Income Statement": 21489000.0,
        "Amortization": 21489000.0,
        "Amortization Of Intangibles Income Statement": 21489000.0,
        "Research And Development": 19394000.0,
        "Selling General And Administration": 72883000.0,
        "Gross Profit": 44707000.0,
        "Cost Of Revenue": 137197000.0,
        "Total Revenue": 181904000.0,
        "Operating Revenue": 181904000.0
    },
    "2024-03-31": {
        "Tax Effect Of Unusual Items": -424574.131734,
        "Tax Rate For Calcs": 0.016229,
        "Normalized EBITDA": -23516000.0,
        "Total Unusual Items": -26161000.0,
        "Total Unusual Items Excluding Goodwill": -26161000.0,
        "Net Income From Continuing Operation Net Minority Interest": -81836000.0,
        "Reconciled Depreciation": 25820000.0,
        "Reconciled Cost Of Revenue": 127234000.0,
        "EBITDA": -49677000.0,
        "EBIT": -75497000.0,
        "Net Interest Income": -6873000.0,
        "Interest Expense": 7686000.0,
        "Interest Income": 813000.0,
        "Normalized Income": -56099574.131734,
        "Net Income From Continuing And Discontinued Operation": -81836000.0,
        "Total Expenses": 245158000.0,
        "Total Operating Income As Reported": -71472000.0,
        "Diluted Average Shares": 706882189.0,
        "Basic Average Shares": 706882189.0,
        "Diluted EPS": -0.12,
        "Basic EPS": -0.12,
        "Diluted NI Availto Com Stockholders": -81836000.0,
        "Net Income Common Stockholders": -81836000.0,
        "Net Income": -81836000.0,
        "Net Income Including Noncontrolling Interests": -81836000.0,
        "Net Income Continuous Operations": -81836000.0,
        "Earnings From Equity Interest Net Of Tax": -3000.0,
        "Tax Provision": -1350000.0,
        "Pretax Income": -83183000.0,
        "Other Income Expense": -4838000.0,
        "Other Non Operating Income Expenses": 21323000.0,
        "Special Income Charges": 0.0,
        "Gain On Sale Of Ppe": NaN,
        "Restructuring And Mergern Acquisition": 0.0,
        "Gain On Sale Of Security": -26161000.0,
        "Net Non Operating Interest Income Expense": -6873000.0,
        "Interest Expense Non Operating": 7686000.0,
        "Interest Income Non Operating": 813000.0,
        "Operating Income": -71472000.0,
        "Operating Expense": 113541000.0,
        "Depreciation Amortization Depletion Income Statement": 21437000.0,
        "Depreciation And Amortization In Income Statement": 21437000.0,
        "Amortization": 21437000.0,
        "Amortization Of Intangibles Income Statement": 21437000.0,
        "Research And Development": 21937000.0,
        "Selling General And Administration": 70167000.0,
        "Gross Profit": 42069000.0,
        "Cost Of Revenue": 131617000.0,
        "Total Revenue": 173686000.0,
        "Operating Revenue": 173686000.0
    },
    "2024-06-30": {
        "Tax Effect Of Unusual Items": 26.455026,
        "Tax Rate For Calcs": 0.026455,
        "Normalized EBITDA": 21749000.0,
        "Total Unusual Items": 1000.0,
        "Total Unusual Items Excluding Goodwill": 1000.0,
        "Net Income From Continuing Operation Net Minority Interest": -10305000.0,
        "Reconciled Depreciation": 24154000.0,
        "Reconciled Cost Of Revenue": 126799000.0,
        "EBITDA": 21750000.0,
        "EBIT": -2404000.0,
        "Net Interest Income": -7789000.0,
        "Interest Expense": 8180000.0,
        "Interest Income": 391000.0,
        "Normalized Income": -10305973.544974,
        "Net Income From Continuing And Discontinued Operation": -10305000.0,
        "Total Expenses": 243856000.0,
        "Total Operating Income As Reported": -61670000.0,
        "Diluted Average Shares": 697211592.0,
        "Basic Average Shares": 697211592.0,
        "Diluted EPS": -0.01,
        "Basic EPS": -0.01,
        "Diluted NI Availto Com Stockholders": -10305000.0,
        "Net Income Common Stockholders": -10305000.0,
        "Net Income": -10305000.0,
        "Net Income Including Noncontrolling Interests": -10305000.0,
        "Net Income Continuous Operations": -10305000.0,
        "Earnings From Equity Interest Net Of Tax": -1000.0,
        "Tax Provision": -280000.0,
        "Pretax Income": -10584000.0,
        "Other Income Expense": 58875000.0,
        "Other Non Operating Income Expenses": 58874000.0,
        "Special Income Charges": 0.0,
        "Gain On Sale Of Ppe": NaN,
        "Restructuring And Mergern Acquisition": 0.0,
        "Gain On Sale Of Security": 1000.0,
        "Net Non Operating Interest Income Expense": -7789000.0,
        "Interest Expense Non Operating": 8180000.0,
        "Interest Income Non Operating": 391000.0,
        "Operating Income": -61670000.0,
        "Operating Expense": 113323000.0,
        "Depreciation Amortization Depletion Income Statement": 20420000.0,
        "Depreciation And Amortization In Income Statement": 20420000.0,
        "Amortization": 20420000.0,
        "Amortization Of Intangibles Income Statement": 20420000.0,
        "Research And Development": 24082000.0,
        "Selling General And Administration": 68821000.0,
        "Gross Profit": 51653000.0,
        "Cost Of Revenue": 130533000.0,
        "Total Revenue": 182186000.0,
        "Operating Revenue": 182186000.0
    },
    "2024-09-30": {
        "Tax Effect Of Unusual Items": 25513320.0,
        "Tax Rate For Calcs": 0.21,
        "Normalized EBITDA": -31550000.0,
        "Total Unusual Items": 121492000.0,
        "Total Unusual Items Excluding Goodwill": 121492000.0,
        "Net Income From Continuing Operation Net Minority Interest": 24890000.0,
        "Reconciled Depreciation": 24163000.0,
        "Reconciled Cost Of Revenue": 129773000.0,
        "EBITDA": 89942000.0,
        "EBIT": 65779000.0,
        "Net Interest Income": -14431000.0,
        "Interest Expense": 17359000.0,
        "Interest Income": 2928000.0,
        "Normalized Income": -71088680.0,
        "Net Income From Continuing And Discontinued Operation": 24890000.0,
        "Total Expenses": 280909000.0,
        "Total Operating Income As Reported": 14216000.0,
        "Diluted Average Shares": 998363636.0,
        "Basic Average Shares": 694622466.0,
        "Diluted EPS": 0.03,
        "Basic EPS": 0.04,
        "Diluted NI Availto Com Stockholders": 24890000.0,
        "Net Income Common Stockholders": 24890000.0,
        "Net Income": 24890000.0,
        "Net Income Including Noncontrolling Interests": 24890000.0,
        "Net Income Continuous Operations": 24890000.0,
        "Earnings From Equity Interest Net Of Tax": -3000.0,
        "Tax Provision": 23527000.0,
        "Pretax Income": 48420000.0,
        "Other Income Expense": 170128000.0,
        "Other Non Operating Income Expenses": 48636000.0,
        "Special Income Charges": 121493000.0,
        "Gain On Sale Of Ppe": 121493000.0,
        "Restructuring And Mergern Acquisition": 0.0,
        "Gain On Sale Of Security": -1000.0,
        "Net Non Operating Interest Income Expense": -14431000.0,
        "Interest Expense Non Operating": 17359000.0,
        "Interest Income Non Operating": 2928000.0,
        "Operating Income": -107277000.0,
        "Operating Expense": 147406000.0,
        "Depreciation Amortization Depletion Income Statement": 20433000.0,
        "Depreciation And Amortization In Income Statement": 20433000.0,
        "Amortization": 20433000.0,
        "Amortization Of Intangibles Income Statement": 20433000.0,
        "Research And Development": 28770000.0,
        "Selling General And Administration": 98203000.0,
        "Gross Profit": 40129000.0,
        "Cost Of Revenue": 133503000.0,
        "Total Revenue": 173632000.0,
        "Operating Revenue": 173632000.0
    }
}