{
    "2023-06-30": {
        "Tax Effect Of Unusual Items": 16899.0,
        "Tax Rate For Calcs": 0.129,
        "Total Unusual Items": 131000.0,
        "Total Unusual Items Excluding Goodwill": 131000.0,
        "Net Income From Continuing Operation Net Minority Interest": 1802000.0,
        "Reconciled Depreciation": 659000.0,
        "Net Interest Income": 12020000.0,
        "Interest Expense": 4248000.0,
        "Interest Income": 16268000.0,
        "Normalized Income": 1687899.0,
        "Net Income From Continuing And Discontinued Operation": 1802000.0,
        "Diluted Average Shares": 5023603.0,
        "Basic Average Shares": 5023305.0,
        "Diluted EPS": 0.36,
        "Basic EPS": 0.36,
        "Diluted NI Availto Com Stockholders": 1802000.0,
        "Net Income Common Stockholders": 1802000.0,
        "Net Income": 1802000.0,
        "Net Income Including Noncontrolling Interests": 1802000.0,
        "Net Income Continuous Operations": 1802000.0,
        "Tax Provision": 266000.0,
        "Pretax Income": 2068000.0,
        "Special Income Charges": 200000.0,
        "Other Special Charges": -200000.0,
        "Gain On Sale Of Security": -164000.0,
        "Selling General And Administration": 8332000.0,
        "General And Administrative Expense": 8332000.0,
        "Salaries And Wages": 8332000.0,
        "Total Revenue": 15376000.0,
        "Operating Revenue": 15376000.0,
        "Occupancy And Equipment": 1255000.0,
        "Professional Expense And Contract Services Expense": 756000.0,
        "Other Non Interest Expense": 2804000.0
    },
    "2023-03-31": {
        "Tax Effect Of Unusual Items": 0.0,
        "Tax Rate For Calcs": 0.165,
        "Total Unusual Items": 0.0,
        "Total Unusual Items Excluding Goodwill": 0.0,
        "Net Income From Continuing Operation Net Minority Interest": 3083000.0,
        "Reconciled Depreciation": 635000.0,
        "Net Interest Income": 12747000.0,
        "Interest Expense": 2340000.0,
        "Interest Income": 15087000.0,
        "Normalized Income": 3083000.0,
        "Net Income From Continuing And Discontinued Operation": 3083000.0,
        "Diluted Average Shares": 5000020.0,
        "Basic Average Shares": 4999887.0,
        "Diluted EPS": 0.62,
        "Basic EPS": 0.62,
        "Diluted NI Availto Com Stockholders": 3083000.0,
        "Net Income Common Stockholders": 3083000.0,
        "Net Income": 3083000.0,
        "Net Income Including Noncontrolling Interests": 3083000.0,
        "Net Income Continuous Operations": 3083000.0,
        "Tax Provision": 607000.0,
        "Pretax Income": 3690000.0,
        "Special Income Charges": NaN,
        "Other Special Charges": NaN,
        "Gain On Sale Of Security": 0.0,
        "Selling General And Administration": 7597000.0,
        "General And Administrative Expense": 7597000.0,
        "Salaries And Wages": 7597000.0,
        "Total Revenue": 16234000.0,
        "Operating Revenue": 16234000.0,
        "Occupancy And Equipment": 1195000.0,
        "Professional Expense And Contract Services Expense": 673000.0,
        "Other Non Interest Expense": 2703000.0
    },
    "2022-12-31": {
        "Tax Effect Of Unusual Items": 0.0,
        "Tax Rate For Calcs": 0.151252,
        "Total Unusual Items": NaN,
        "Total Unusual Items Excluding Goodwill": NaN,
        "Net Income From Continuing Operation Net Minority Interest": 2643000.0,
        "Reconciled Depreciation": 633000.0,
        "Net Interest Income": 12880000.0,
        "Interest Expense": 1211000.0,
        "Interest Income": 14091000.0,
        "Normalized Income": 2643000.0,
        "Net Income From Continuing And Discontinued Operation": 2643000.0,
        "Diluted Average Shares": 4998173.0,
        "Basic Average Shares": 4998173.0,
        "Diluted EPS": 0.53,
        "Basic EPS": 0.53,
        "Diluted NI Availto Com Stockholders": 2643000.0,
        "Net Income Common Stockholders": 2643000.0,
        "Net Income": 2643000.0,
        "Net Income Including Noncontrolling Interests": 2643000.0,
        "Net Income Continuous Operations": 2643000.0,
        "Tax Provision": 471000.0,
        "Pretax Income": 3114000.0,
        "Special Income Charges": NaN,
        "Other Special Charges": NaN,
        "Gain On Sale Of Security": -1870000.0,
        "Selling General And Administration": 7423000.0,
        "General And Administrative Expense": 7423000.0,
        "Salaries And Wages": 7423000.0,
        "Total Revenue": 14344000.0,
        "Operating Revenue": 14344000.0
    },
    "2022-09-30": {
        "Tax Effect Of Unusual Items": NaN,
        "Tax Rate For Calcs": NaN,
        "Total Unusual Items": NaN,
        "Total Unusual Items Excluding Goodwill": NaN,
        "Net Income From Continuing Operation Net Minority Interest": NaN,
        "Reconciled Depreciation": NaN,
        "Net Interest Income": NaN,
        "Interest Expense": NaN,
        "Interest Income": NaN,
        "Normalized Income": NaN,
        "Net Income From Continuing And Discontinued Operation": NaN,
        "Diluted Average Shares": NaN,
        "Basic Average Shares": NaN,
        "Diluted EPS": NaN,
        "Basic EPS": NaN,
        "Diluted NI Availto Com Stockholders": NaN,
        "Net Income Common Stockholders": NaN,
        "Net Income": NaN,
        "Net Income Including Noncontrolling Interests": NaN,
        "Net Income Continuous Operations": NaN,
        "Tax Provision": NaN,
        "Pretax Income": NaN,
        "Special Income Charges": 0.0,
        "Other Special Charges": NaN,
        "Gain On Sale Of Security": NaN,
        "Selling General And Administration": NaN,
        "General And Administrative Expense": NaN,
        "Salaries And Wages": NaN,
        "Total Revenue": NaN,
        "Operating Revenue": NaN
    },
    "2022-06-30": {
        "Tax Effect Of Unusual Items": 0.0,
        "Tax Rate For Calcs": 0.124479,
        "Total Unusual Items": NaN,
        "Total Unusual Items Excluding Goodwill": NaN,
        "Net Income From Continuing Operation Net Minority Interest": 1892000.0,
        "Reconciled Depreciation": 576000.0,
        "Net Interest Income": 10307000.0,
        "Interest Expense": 764000.0,
        "Interest Income": 11071000.0,
        "Normalized Income": 1892000.0,
        "Net Income From Continuing And Discontinued Operation": 1892000.0,
        "Diluted Average Shares": 5087038.0,
        "Basic Average Shares": 5086957.0,
        "Diluted EPS": 0.37,
        "Basic EPS": 0.37,
        "Diluted NI Availto Com Stockholders": 1892000.0,
        "Net Income Common Stockholders": 1892000.0,
        "Net Income": 1892000.0,
        "Net Income Including Noncontrolling Interests": 1892000.0,
        "Net Income Continuous Operations": 1892000.0,
        "Tax Provision": 269000.0,
        "Pretax Income": 2161000.0,
        "Special Income Charges": NaN,
        "Other Special Charges": NaN,
        "Gain On Sale Of Security": 0.0,
        "Selling General And Administration": 6886000.0,
        "General And Administrative Expense": 6886000.0,
        "Other Gand A": 1220000.0,
        "Salaries And Wages": 6886000.0,
        "Total Revenue": 13821000.0,
        "Operating Revenue": 13821000.0
    },
    "2022-03-31": {
        "Diluted EPS": 0.39,
        "Total Revenue": 14,
        "Gross Profit": 13,
        "Operating Income": 2,
        "EBIT": NaN,
        "Net Income": 2
    },
    "2021-12-31": {
        "Diluted EPS": 0.32,
        "Total Revenue": 14,
        "Gross Profit": 13,
        "Operating Income": 2,
        "EBIT": NaN,
        "Net Income": 2
    },
    "2021-09-30": {
        "Diluted EPS": 0.36,
        "Total Revenue": 14,
        "Gross Profit": 13,
        "Operating Income": 2,
        "EBIT": NaN,
        "Net Income": 2
    },
    "2021-06-30": {
        "Diluted EPS": 0.35,
        "Total Revenue": 13,
        "Gross Profit": 13,
        "Operating Income": 2,
        "EBIT": NaN,
        "Net Income": 2
    },
    "2021-03-31": {
        "Diluted EPS": 0.58,
        "Total Revenue": 15,
        "Gross Profit": 14,
        "Operating Income": 4,
        "EBIT": NaN,
        "Net Income": 3
    },
    "2020-12-31": {
        "Diluted EPS": 0.1,
        "Total Revenue": 14,
        "Gross Profit": 13,
        "Operating Income": 0,
        "EBIT": NaN,
        "Net Income": 1
    },
    "2020-09-30": {
        "Diluted EPS": 0.21,
        "Total Revenue": 13,
        "Gross Profit": 12,
        "Operating Income": 1,
        "EBIT": NaN,
        "Net Income": 1
    },
    "2020-06-30": {
        "Diluted EPS": 0.48,
        "Total Revenue": 14,
        "Gross Profit": 12,
        "Operating Income": 3,
        "EBIT": NaN,
        "Net Income": 2
    },
    "2020-03-31": {
        "Diluted EPS": 0.24,
        "Total Revenue": 13,
        "Gross Profit": 12,
        "Operating Income": 1,
        "EBIT": NaN,
        "Net Income": 1
    },
    "2019-12-31": {
        "Diluted EPS": 0.38,
        "Total Revenue": 13,
        "Gross Profit": 12,
        "Operating Income": 2,
        "EBIT": NaN,
        "Net Income": 2
    },
    "2019-09-30": {
        "Diluted EPS": 0.43,
        "Total Revenue": 14,
        "Gross Profit": 12,
        "Operating Income": 3,
        "EBIT": NaN,
        "Net Income": 2
    },
    "2019-06-30": {
        "Diluted EPS": 0.31,
        "Total Revenue": 14,
        "Gross Profit": 12,
        "Operating Income": 2,
        "EBIT": NaN,
        "Net Income": 2
    },
    "2019-03-31": {
        "Diluted EPS": 0.39,
        "Total Revenue": 13,
        "Gross Profit": 12,
        "Operating Income": 2,
        "EBIT": NaN,
        "Net Income": 2
    },
    "2018-12-31": {
        "Diluted EPS": 0.27,
        "Total Revenue": 13,
        "Gross Profit": 12,
        "Operating Income": 1,
        "EBIT": NaN,
        "Net Income": 1
    },
    "2018-09-30": {
        "Diluted EPS": 0.31,
        "Total Revenue": 13,
        "Gross Profit": 12,
        "Operating Income": 2,
        "EBIT": NaN,
        "Net Income": 2
    },
    "2018-06-30": {
        "Diluted EPS": 0.19,
        "Total Revenue": 13,
        "Gross Profit": 12,
        "Operating Income": 1,
        "EBIT": NaN,
        "Net Income": 1
    },
    "2018-03-31": {
        "Diluted EPS": 0.19,
        "Total Revenue": 12,
        "Gross Profit": 11,
        "Operating Income": 1,
        "EBIT": NaN,
        "Net Income": 1
    },
    "2017-12-31": {
        "Diluted EPS": -0.58,
        "Total Revenue": 11,
        "Gross Profit": 11,
        "Operating Income": -3,
        "EBIT": NaN,
        "Net Income": -3
    },
    "2017-09-30": {
        "Diluted EPS": 0.15,
        "Total Revenue": 12,
        "Gross Profit": 11,
        "Operating Income": 1,
        "EBIT": NaN,
        "Net Income": 1
    },
    "2017-06-30": {
        "Diluted EPS": 0.23,
        "Total Revenue": 12,
        "Gross Profit": 11,
        "Operating Income": 1,
        "EBIT": NaN,
        "Net Income": 1
    },
    "2017-03-31": {
        "Diluted EPS": 0.19,
        "Total Revenue": 11,
        "Gross Profit": 10,
        "Operating Income": 1,
        "EBIT": NaN,
        "Net Income": 1
    },
    "2016-12-31": {
        "Diluted EPS": 0.18,
        "Total Revenue": 11,
        "Gross Profit": 10,
        "Operating Income": 1,
        "EBIT": NaN,
        "Net Income": 1
    },
    "2016-09-30": {
        "Diluted EPS": 0.27,
        "Total Revenue": 11,
        "Gross Profit": 10,
        "Operating Income": 2,
        "EBIT": NaN,
        "Net Income": 1
    },
    "2016-06-30": {
        "Diluted EPS": 0.11,
        "Total Revenue": 11,
        "Gross Profit": 10,
        "Operating Income": 0,
        "EBIT": NaN,
        "Net Income": 1
    },
    "2016-03-31": {
        "Diluted EPS": 0.21,
        "Total Revenue": 11,
        "Gross Profit": 10,
        "Operating Income": 1,
        "EBIT": NaN,
        "Net Income": 1
    },
    "2015-12-31": {
        "Diluted EPS": 0.06,
        "Total Revenue": 11,
        "Gross Profit": 10,
        "Operating Income": 0,
        "EBIT": NaN,
        "Net Income": 0
    },
    "2015-09-30": {
        "Diluted EPS": 0.17,
        "Total Revenue": 11,
        "Gross Profit": 10,
        "Operating Income": 1,
        "EBIT": NaN,
        "Net Income": 1
    },
    "2015-06-30": {
        "Diluted EPS": 0.26,
        "Total Revenue": 11,
        "Gross Profit": 10,
        "Operating Income": 1,
        "EBIT": NaN,
        "Net Income": 1
    },
    "2015-03-31": {
        "Diluted EPS": 0.24,
        "Total Revenue": 11,
        "Gross Profit": 10,
        "Operating Income": 1,
        "EBIT": NaN,
        "Net Income": 1
    },
    "2014-12-31": {
        "Diluted EPS": 0.27,
        "Total Revenue": 11,
        "Gross Profit": 10,
        "Operating Income": 2,
        "EBIT": NaN,
        "Net Income": 1
    },
    "2014-09-30": {
        "Diluted EPS": 0.14,
        "Total Revenue": 11,
        "Gross Profit": 10,
        "Operating Income": 1,
        "EBIT": NaN,
        "Net Income": 1
    },
    "2014-06-30": {
        "Diluted EPS": 0.22,
        "Total Revenue": 11,
        "Gross Profit": 10,
        "Operating Income": 1,
        "EBIT": NaN,
        "Net Income": 1
    },
    "2014-03-31": {
        "Diluted EPS": 0.2,
        "Total Revenue": 11,
        "Gross Profit": 10,
        "Operating Income": 1,
        "EBIT": NaN,
        "Net Income": 1
    },
    "2013-12-31": {
        "Diluted EPS": 0.04,
        "Total Revenue": 11,
        "Gross Profit": 10,
        "Operating Income": 1,
        "EBIT": NaN,
        "Net Income": 0
    },
    "2013-09-30": {
        "Diluted EPS": 0.21,
        "Total Revenue": 10,
        "Gross Profit": 9,
        "Operating Income": 1,
        "EBIT": NaN,
        "Net Income": 1
    },
    "2013-06-30": {
        "Diluted EPS": 0.21,
        "Total Revenue": 11,
        "Gross Profit": 10,
        "Operating Income": 1,
        "EBIT": NaN,
        "Net Income": 1
    },
    "2013-03-31": {
        "Diluted EPS": 0.18,
        "Total Revenue": 11,
        "Gross Profit": 9,
        "Operating Income": 1,
        "EBIT": NaN,
        "Net Income": 1
    },
    "2012-12-31": {
        "Diluted EPS": 0.27,
        "Total Revenue": 12,
        "Gross Profit": 10,
        "Operating Income": 2,
        "EBIT": NaN,
        "Net Income": 1
    },
    "2012-09-30": {
        "Diluted EPS": 0.22,
        "Total Revenue": 12,
        "Gross Profit": 11,
        "Operating Income": 1,
        "EBIT": NaN,
        "Net Income": 1
    },
    "2012-06-30": {
        "Diluted EPS": 0.13,
        "Total Revenue": 12,
        "Gross Profit": 11,
        "Operating Income": 1,
        "EBIT": NaN,
        "Net Income": 1
    },
    "2012-03-31": {
        "Diluted EPS": 0.22,
        "Total Revenue": 12,
        "Gross Profit": 10,
        "Operating Income": 2,
        "EBIT": NaN,
        "Net Income": 1
    },
    "2011-12-31": {
        "Diluted EPS": 0.17,
        "Total Revenue": 12,
        "Gross Profit": 10,
        "Operating Income": 2,
        "EBIT": NaN,
        "Net Income": 1
    },
    "2011-09-30": {
        "Diluted EPS": 0.21,
        "Total Revenue": 12,
        "Gross Profit": 11,
        "Operating Income": 2,
        "EBIT": NaN,
        "Net Income": 1
    },
    "2011-06-30": {
        "Diluted EPS": 0.21,
        "Total Revenue": 12,
        "Gross Profit": 10,
        "Operating Income": 2,
        "EBIT": NaN,
        "Net Income": 1
    },
    "2011-03-31": {
        "Diluted EPS": 0.07,
        "Total Revenue": 12,
        "Gross Profit": 10,
        "Operating Income": 1,
        "EBIT": NaN,
        "Net Income": 0
    },
    "2010-12-31": {
        "Diluted EPS": 0.09,
        "Total Revenue": 13,
        "Gross Profit": 11,
        "Operating Income": 2,
        "EBIT": NaN,
        "Net Income": 0
    },
    "2010-09-30": {
        "Diluted EPS": 0.21,
        "Total Revenue": 14,
        "Gross Profit": 11,
        "Operating Income": 2,
        "EBIT": NaN,
        "Net Income": 1
    },
    "2010-06-30": {
        "Diluted EPS": 0.2,
        "Total Revenue": 13,
        "Gross Profit": 11,
        "Operating Income": 1,
        "EBIT": NaN,
        "Net Income": 1
    },
    "2010-03-31": {
        "Diluted EPS": -0.19,
        "Total Revenue": 14,
        "Gross Profit": 11,
        "Operating Income": -2,
        "EBIT": NaN,
        "Net Income": -1
    },
    "2009-12-31": {
        "Diluted EPS": 0.07,
        "Total Revenue": 14,
        "Gross Profit": 11,
        "Operating Income": 1,
        "EBIT": NaN,
        "Net Income": 0
    },
    "2009-09-30": {
        "Diluted EPS": 0.24,
        "Total Revenue": 13,
        "Gross Profit": 10,
        "Operating Income": 2,
        "EBIT": NaN,
        "Net Income": 1
    },
    "2009-06-30": {
        "Diluted EPS": -0.13,
        "Total Revenue": 13,
        "Gross Profit": 10,
        "Operating Income": -1,
        "EBIT": NaN,
        "Net Income": -1
    },
    "2009-03-31": {
        "Diluted EPS": 0.16,
        "Total Revenue": 13,
        "Gross Profit": 9,
        "Operating Income": 1,
        "EBIT": NaN,
        "Net Income": 1
    },
    "2023-09-30": {
        "Tax Effect Of Unusual Items": 0.0,
        "Tax Rate For Calcs": 0.105,
        "Total Unusual Items": 0.0,
        "Total Unusual Items Excluding Goodwill": 0.0,
        "Net Income From Continuing Operation Net Minority Interest": 1362000.0,
        "Reconciled Depreciation": 670000.0,
        "Net Interest Income": 11342000.0,
        "Interest Expense": 5763000.0,
        "Interest Income": 17105000.0,
        "Normalized Income": 1362000.0,
        "Net Income From Continuing And Discontinued Operation": 1362000.0,
        "Diluted Average Shares": 5037662.0,
        "Basic Average Shares": 5037558.0,
        "Diluted EPS": 0.27,
        "Basic EPS": 0.27,
        "Diluted NI Availto Com Stockholders": 1362000.0,
        "Net Income Common Stockholders": 1362000.0,
        "Net Income": 1362000.0,
        "Net Income Including Noncontrolling Interests": 1362000.0,
        "Net Income Continuous Operations": 1362000.0,
        "Tax Provision": 160000.0,
        "Pretax Income": 1522000.0,
        "Special Income Charges": 0.0,
        "Other Special Charges": NaN,
        "Gain On Sale Of Security": 30000.0,
        "Selling General And Administration": 8087000.0,
        "General And Administrative Expense": 8087000.0,
        "Salaries And Wages": 8087000.0,
        "Total Revenue": 14908000.0,
        "Operating Revenue": 14908000.0,
        "Occupancy And Equipment": 1241000.0,
        "Professional Expense And Contract Services Expense": 636000.0,
        "Other Non Interest Expense": 2917000.0
    },
    "2023-12-31": {
        "Tax Effect Of Unusual Items": 3374.439462,
        "Tax Rate For Calcs": 0.168722,
        "Total Unusual Items": 20000.0,
        "Total Unusual Items Excluding Goodwill": 20000.0,
        "Net Income From Continuing Operation Net Minority Interest": 1483000.0,
        "Reconciled Depreciation": 614000.0,
        "Net Interest Income": 11764000.0,
        "Interest Expense": 6076000.0,
        "Interest Income": 17840000.0,
        "Normalized Income": 1466374.439462,
        "Net Income From Continuing And Discontinued Operation": 1483000.0,
        "Diluted Average Shares": 5039064.0,
        "Basic Average Shares": 5039064.0,
        "Diluted EPS": 0.29,
        "Basic EPS": 0.29,
        "Diluted NI Availto Com Stockholders": 1483000.0,
        "Net Income Common Stockholders": 1483000.0,
        "Net Income": 1483000.0,
        "Net Income Including Noncontrolling Interests": 1483000.0,
        "Net Income Continuous Operations": 1483000.0,
        "Tax Provision": 301000.0,
        "Pretax Income": 1784000.0,
        "Special Income Charges": 20000.0,
        "Other Special Charges": -20000.0,
        "Gain On Sale Of Security": 0.0,
        "Selling General And Administration": 7415000.0,
        "General And Administrative Expense": 7415000.0,
        "Salaries And Wages": 7415000.0,
        "Total Revenue": 15334000.0,
        "Operating Revenue": 15334000.0,
        "Occupancy And Equipment": 1198000.0,
        "Professional Expense And Contract Services Expense": 599000.0,
        "Other Non Interest Expense": 2999000.0
    },
    "2024-03-31": {
        "Tax Effect Of Unusual Items": 2904.0,
        "Tax Rate For Calcs": 0.132,
        "Total Unusual Items": 22000.0,
        "Total Unusual Items Excluding Goodwill": 22000.0,
        "Net Income From Continuing Operation Net Minority Interest": 1717000.0,
        "Reconciled Depreciation": 625000.0,
        "Net Interest Income": 11446000.0,
        "Interest Expense": 5843000.0,
        "Interest Income": 17289000.0,
        "Normalized Income": 1697904.0,
        "Net Income From Continuing And Discontinued Operation": 1717000.0,
        "Diluted Average Shares": 5039876.0,
        "Basic Average Shares": 5039819.0,
        "Diluted EPS": 0.34,
        "Basic EPS": 0.34,
        "Diluted NI Availto Com Stockholders": 1717000.0,
        "Net Income Common Stockholders": 1717000.0,
        "Net Income": 1717000.0,
        "Net Income Including Noncontrolling Interests": 1717000.0,
        "Net Income Continuous Operations": 1717000.0,
        "Tax Provision": 262000.0,
        "Pretax Income": 1979000.0,
        "Special Income Charges": NaN,
        "Other Special Charges": NaN,
        "Gain On Sale Of Security": 0.0,
        "Selling General And Administration": 8042000.0,
        "General And Administrative Expense": 8042000.0,
        "Salaries And Wages": 8042000.0,
        "Total Revenue": 14762000.0,
        "Operating Revenue": 14762000.0,
        "Occupancy And Equipment": 1173000.0,
        "Professional Expense And Contract Services Expense": 585000.0,
        "Other Non Interest Expense": 2903000.0
    }
}