{
    "2023-03-31": {
        "Tax Effect Of Unusual Items": NaN,
        "Tax Rate For Calcs": NaN,
        "Normalized EBITDA": NaN,
        "Total Unusual Items": NaN,
        "Total Unusual Items Excluding Goodwill": NaN,
        "Net Income From Continuing Operation Net Minority Interest": NaN,
        "Reconciled Depreciation": NaN,
        "Reconciled Cost Of Revenue": NaN,
        "EBITDA": NaN,
        "EBIT": NaN,
        "Net Interest Income": NaN,
        "Interest Expense": NaN,
        "Interest Income": NaN,
        "Normalized Income": NaN,
        "Net Income From Continuing And Discontinued Operation": NaN,
        "Total Expenses": NaN,
        "Rent Expense Supplemental": NaN,
        "Total Operating Income As Reported": NaN,
        "Diluted Average Shares": NaN,
        "Basic Average Shares": NaN,
        "Diluted EPS": NaN,
        "Basic EPS": NaN,
        "Diluted NI Availto Com Stockholders": NaN,
        "Net Income Common Stockholders": NaN,
        "Net Income": NaN,
        "Net Income Including Noncontrolling Interests": NaN,
        "Net Income Continuous Operations": NaN,
        "Tax Provision": NaN,
        "Pretax Income": NaN,
        "Other Income Expense": NaN,
        "Special Income Charges": 0.0,
        "Other Special Charges": NaN,
        "Write Off": NaN,
        "Earnings From Equity Interest": 0.0,
        "Gain On Sale Of Security": NaN,
        "Net Non Operating Interest Income Expense": NaN,
        "Interest Expense Non Operating": NaN,
        "Interest Income Non Operating": NaN,
        "Operating Income": NaN,
        "Operating Expense": NaN,
        "Other Operating Expenses": NaN,
        "Provision For Doubtful Accounts": NaN,
        "Depreciation Amortization Depletion Income Statement": NaN,
        "Depreciation And Amortization In Income Statement": NaN,
        "Selling General And Administration": NaN,
        "Selling And Marketing Expense": NaN,
        "General And Administrative Expense": NaN,
        "Other Gand A": NaN,
        "Rent And Landing Fees": NaN,
        "Salaries And Wages": NaN,
        "Gross Profit": NaN,
        "Cost Of Revenue": NaN,
        "Total Revenue": NaN,
        "Operating Revenue": NaN
    },
    "2022-12-31": {
        "Tax Effect Of Unusual Items": NaN,
        "Tax Rate For Calcs": NaN,
        "Normalized EBITDA": NaN,
        "Total Unusual Items": NaN,
        "Total Unusual Items Excluding Goodwill": NaN,
        "Net Income From Continuing Operation Net Minority Interest": NaN,
        "Reconciled Depreciation": NaN,
        "Reconciled Cost Of Revenue": NaN,
        "EBITDA": NaN,
        "EBIT": NaN,
        "Net Interest Income": NaN,
        "Interest Expense": NaN,
        "Interest Income": NaN,
        "Normalized Income": NaN,
        "Net Income From Continuing And Discontinued Operation": NaN,
        "Total Expenses": NaN,
        "Rent Expense Supplemental": NaN,
        "Total Operating Income As Reported": NaN,
        "Diluted Average Shares": NaN,
        "Basic Average Shares": NaN,
        "Diluted EPS": NaN,
        "Basic EPS": NaN,
        "Diluted NI Availto Com Stockholders": NaN,
        "Net Income Common Stockholders": NaN,
        "Net Income": NaN,
        "Net Income Including Noncontrolling Interests": NaN,
        "Net Income Continuous Operations": NaN,
        "Tax Provision": NaN,
        "Pretax Income": NaN,
        "Other Income Expense": NaN,
        "Special Income Charges": -1986000.0,
        "Other Special Charges": NaN,
        "Write Off": NaN,
        "Earnings From Equity Interest": 0.0,
        "Gain On Sale Of Security": NaN,
        "Net Non Operating Interest Income Expense": NaN,
        "Interest Expense Non Operating": NaN,
        "Interest Income Non Operating": NaN,
        "Operating Income": NaN,
        "Operating Expense": NaN,
        "Other Operating Expenses": NaN,
        "Provision For Doubtful Accounts": NaN,
        "Depreciation Amortization Depletion Income Statement": NaN,
        "Depreciation And Amortization In Income Statement": NaN,
        "Selling General And Administration": NaN,
        "Selling And Marketing Expense": NaN,
        "General And Administrative Expense": NaN,
        "Other Gand A": NaN,
        "Rent And Landing Fees": NaN,
        "Salaries And Wages": NaN,
        "Gross Profit": NaN,
        "Cost Of Revenue": NaN,
        "Total Revenue": NaN,
        "Operating Revenue": NaN
    },
    "2022-09-30": {
        "Tax Effect Of Unusual Items": NaN,
        "Tax Rate For Calcs": NaN,
        "Normalized EBITDA": NaN,
        "Total Unusual Items": NaN,
        "Total Unusual Items Excluding Goodwill": NaN,
        "Net Income From Continuing Operation Net Minority Interest": NaN,
        "Reconciled Depreciation": NaN,
        "Reconciled Cost Of Revenue": NaN,
        "EBITDA": NaN,
        "EBIT": NaN,
        "Net Interest Income": NaN,
        "Interest Expense": NaN,
        "Interest Income": NaN,
        "Normalized Income": NaN,
        "Net Income From Continuing And Discontinued Operation": NaN,
        "Total Expenses": NaN,
        "Rent Expense Supplemental": NaN,
        "Total Operating Income As Reported": NaN,
        "Diluted Average Shares": NaN,
        "Basic Average Shares": NaN,
        "Diluted EPS": NaN,
        "Basic EPS": NaN,
        "Diluted NI Availto Com Stockholders": NaN,
        "Net Income Common Stockholders": NaN,
        "Net Income": NaN,
        "Net Income Including Noncontrolling Interests": NaN,
        "Net Income Continuous Operations": NaN,
        "Tax Provision": NaN,
        "Pretax Income": NaN,
        "Other Income Expense": NaN,
        "Special Income Charges": NaN,
        "Other Special Charges": NaN,
        "Write Off": 0.0,
        "Earnings From Equity Interest": NaN,
        "Gain On Sale Of Security": NaN,
        "Net Non Operating Interest Income Expense": NaN,
        "Interest Expense Non Operating": NaN,
        "Interest Income Non Operating": NaN,
        "Operating Income": NaN,
        "Operating Expense": NaN,
        "Other Operating Expenses": NaN,
        "Provision For Doubtful Accounts": NaN,
        "Depreciation Amortization Depletion Income Statement": NaN,
        "Depreciation And Amortization In Income Statement": NaN,
        "Selling General And Administration": NaN,
        "Selling And Marketing Expense": NaN,
        "General And Administrative Expense": NaN,
        "Other Gand A": NaN,
        "Rent And Landing Fees": NaN,
        "Salaries And Wages": NaN,
        "Gross Profit": NaN,
        "Cost Of Revenue": NaN,
        "Total Revenue": NaN,
        "Operating Revenue": NaN
    },
    "2022-06-30": {
        "Tax Effect Of Unusual Items": -310400.0,
        "Tax Rate For Calcs": 0.4,
        "Normalized EBITDA": 17444000.0,
        "Total Unusual Items": -776000.0,
        "Total Unusual Items Excluding Goodwill": -776000.0,
        "Net Income From Continuing Operation Net Minority Interest": -5836000.0,
        "Reconciled Depreciation": 3421000.0,
        "Reconciled Cost Of Revenue": 11842000.0,
        "EBITDA": 16668000.0,
        "EBIT": 13247000.0,
        "Net Interest Income": -13059000.0,
        "Interest Expense": 15341000.0,
        "Interest Income": 2282000.0,
        "Normalized Income": -5370400.0,
        "Net Income From Continuing And Discontinued Operation": -5836000.0,
        "Total Expenses": 66162000.0,
        "Rent Expense Supplemental": 1008000.0,
        "Total Operating Income As Reported": 11240000.0,
        "Diluted Average Shares": 114750000.0,
        "Basic Average Shares": 114750000.0,
        "Diluted EPS": -0.06,
        "Basic EPS": -0.06,
        "Diluted NI Availto Com Stockholders": -5836000.0,
        "Net Income Common Stockholders": -5836000.0,
        "Net Income": -5836000.0,
        "Net Income Including Noncontrolling Interests": -5836000.0,
        "Net Income Discontinuous Operations": NaN,
        "Net Income Continuous Operations": -5836000.0,
        "Tax Provision": 3742000.0,
        "Pretax Income": -2094000.0,
        "Other Income Expense": -706000.0,
        "Other Non Operating Income Expenses": 70000.0,
        "Special Income Charges": -500000.0,
        "Other Special Charges": 500000.0,
        "Write Off": 67000.0,
        "Earnings From Equity Interest": 0.0,
        "Gain On Sale Of Security": -276000.0,
        "Net Non Operating Interest Income Expense": -13059000.0,
        "Interest Expense Non Operating": 15341000.0,
        "Interest Income Non Operating": 2282000.0,
        "Operating Income": 11672000.0,
        "Operating Expense": 54320000.0,
        "Other Operating Expenses": 3980000.0,
        "Provision For Doubtful Accounts": 67000.0,
        "Depreciation Amortization Depletion Income Statement": 3421000.0,
        "Depreciation And Amortization In Income Statement": 3421000.0,
        "Selling General And Administration": 46852000.0,
        "Selling And Marketing Expense": 25285000.0,
        "General And Administrative Expense": 21567000.0,
        "Other Gand A": 1489000.0,
        "Rent And Landing Fees": 1008000.0,
        "Salaries And Wages": 19070000.0,
        "Gross Profit": 65992000.0,
        "Cost Of Revenue": 11842000.0,
        "Total Revenue": 77834000.0,
        "Operating Revenue": 77834000.0
    },
    "2022-03-31": {
        "Diluted EPS": -0.08,
        "Total Revenue": 72,
        "Gross Profit": 66,
        "Operating Income": 1,
        "EBIT": 5,
        "Net Income": -9
    },
    "2021-12-31": {
        "Diluted EPS": -0.97,
        "Total Revenue": 73,
        "Gross Profit": 70,
        "Operating Income": 4,
        "EBIT": 8,
        "Net Income": -112
    },
    "2021-09-30": {
        "Diluted EPS": 0.2,
        "Total Revenue": 67,
        "Gross Profit": 65,
        "Operating Income": -1,
        "EBIT": 4,
        "Net Income": 24
    },
    "2021-06-30": {
        "Diluted EPS": 0.38,
        "Total Revenue": 60,
        "Gross Profit": 59,
        "Operating Income": -8,
        "EBIT": -3,
        "Net Income": 44
    },
    "2021-03-31": {
        "Diluted EPS": 0.01,
        "Total Revenue": 52,
        "Gross Profit": 51,
        "Operating Income": -1,
        "EBIT": 4,
        "Net Income": 1
    },
    "2020-12-31": {
        "Diluted EPS": 1.35,
        "Total Revenue": 38,
        "Gross Profit": 36,
        "Operating Income": -55,
        "EBIT": -50,
        "Net Income": 159
    },
    "2020-09-30": {
        "Diluted EPS": 0.2,
        "Total Revenue": 67,
        "Gross Profit": 68,
        "Operating Income": 66,
        "EBIT": 72,
        "Net Income": 24
    },
    "2020-06-30": {
        "Diluted EPS": 0.13,
        "Total Revenue": 32,
        "Gross Profit": 32,
        "Operating Income": -6,
        "EBIT": -1,
        "Net Income": 17
    },
    "2020-03-31": {
        "Diluted EPS": -0.17,
        "Total Revenue": 40,
        "Gross Profit": 40,
        "Operating Income": -8,
        "EBIT": -3,
        "Net Income": -21
    },
    "2019-12-31": {
        "Diluted EPS": 0.19,
        "Total Revenue": 18,
        "Gross Profit": 44,
        "Operating Income": -4,
        "EBIT": 2,
        "Net Income": 22
    },
    "2019-09-30": {
        "Diluted EPS": 0.25,
        "Total Revenue": 48,
        "Gross Profit": 42,
        "Operating Income": 2,
        "EBIT": 7,
        "Net Income": 28
    },
    "2019-06-30": {
        "Diluted EPS": 0.03,
        "Total Revenue": 62,
        "Gross Profit": 49,
        "Operating Income": -3,
        "EBIT": 2,
        "Net Income": 3
    },
    "2019-03-31": {
        "Diluted EPS": 0.04,
        "Total Revenue": 50,
        "Gross Profit": 41,
        "Operating Income": 4,
        "EBIT": 8,
        "Net Income": 4
    },
    "2018-12-31": {
        "Diluted EPS": 0.11,
        "Total Revenue": 50,
        "Gross Profit": 36,
        "Operating Income": 13,
        "EBIT": 13,
        "Net Income": 11
    },
    "2018-09-30": {
        "Diluted EPS": 0.09,
        "Total Revenue": 43,
        "Gross Profit": 39,
        "Operating Income": 12,
        "EBIT": 12,
        "Net Income": 10
    },
    "2018-06-30": {
        "Diluted EPS": 0.08,
        "Total Revenue": 40,
        "Gross Profit": 38,
        "Operating Income": 10,
        "EBIT": 10,
        "Net Income": 7
    },
    "2018-03-31": {
        "Diluted EPS": 0.07,
        "Total Revenue": 39,
        "Gross Profit": 39,
        "Operating Income": 10,
        "EBIT": 10,
        "Net Income": 7
    },
    "2017-12-31": {
        "Diluted EPS": 0.0,
        "Total Revenue": NaN,
        "Gross Profit": NaN,
        "Operating Income": NaN,
        "EBIT": NaN,
        "Net Income": NaN
    },
    "2017-09-30": {
        "Diluted EPS": 0.08,
        "Total Revenue": 38,
        "Gross Profit": 38,
        "Operating Income": 11,
        "EBIT": 11,
        "Net Income": 8
    },
    "2017-06-30": {
        "Diluted EPS": -0.03,
        "Total Revenue": 26,
        "Gross Profit": 26,
        "Operating Income": -3,
        "EBIT": -3,
        "Net Income": -3
    },
    "2023-06-30": {
        "Tax Effect Of Unusual Items": NaN,
        "Tax Rate For Calcs": NaN,
        "Normalized EBITDA": NaN,
        "Total Unusual Items": NaN,
        "Total Unusual Items Excluding Goodwill": NaN,
        "Net Income From Continuing Operation Net Minority Interest": NaN,
        "Reconciled Depreciation": NaN,
        "Reconciled Cost Of Revenue": NaN,
        "EBITDA": NaN,
        "EBIT": NaN,
        "Net Interest Income": NaN,
        "Interest Expense": NaN,
        "Interest Income": NaN,
        "Normalized Income": NaN,
        "Net Income From Continuing And Discontinued Operation": NaN,
        "Total Expenses": NaN,
        "Rent Expense Supplemental": NaN,
        "Total Operating Income As Reported": NaN,
        "Diluted Average Shares": NaN,
        "Basic Average Shares": NaN,
        "Diluted EPS": NaN,
        "Basic EPS": NaN,
        "Diluted NI Availto Com Stockholders": NaN,
        "Net Income Common Stockholders": NaN,
        "Net Income": NaN,
        "Net Income Including Noncontrolling Interests": NaN,
        "Net Income Continuous Operations": NaN,
        "Tax Provision": NaN,
        "Pretax Income": NaN,
        "Other Income Expense": NaN,
        "Special Income Charges": 0.0,
        "Other Special Charges": NaN,
        "Write Off": NaN,
        "Earnings From Equity Interest": 0.0,
        "Gain On Sale Of Security": NaN,
        "Net Non Operating Interest Income Expense": NaN,
        "Interest Expense Non Operating": NaN,
        "Interest Income Non Operating": NaN,
        "Operating Income": NaN,
        "Operating Expense": NaN,
        "Other Operating Expenses": NaN,
        "Provision For Doubtful Accounts": NaN,
        "Depreciation Amortization Depletion Income Statement": NaN,
        "Depreciation And Amortization In Income Statement": NaN,
        "Selling General And Administration": NaN,
        "Selling And Marketing Expense": NaN,
        "General And Administrative Expense": NaN,
        "Other Gand A": NaN,
        "Rent And Landing Fees": NaN,
        "Salaries And Wages": NaN,
        "Gross Profit": NaN,
        "Cost Of Revenue": NaN,
        "Total Revenue": NaN,
        "Operating Revenue": NaN
    },
    "2023-09-30": {
        "Tax Effect Of Unusual Items": -17129.119268,
        "Tax Rate For Calcs": 0.012783,
        "Normalized EBITDA": 21691000.0,
        "Total Unusual Items": -1340000.0,
        "Total Unusual Items Excluding Goodwill": -1340000.0,
        "Net Income From Continuing Operation Net Minority Interest": 16836000.0,
        "Reconciled Depreciation": 3205000.0,
        "Reconciled Cost Of Revenue": 25249000.0,
        "EBITDA": 20351000.0,
        "EBIT": 17146000.0,
        "Net Interest Income": 1062000.0,
        "Interest Expense": 92000.0,
        "Interest Income": 1154000.0,
        "Normalized Income": 18158870.880732,
        "Net Income From Continuing And Discontinued Operation": 16836000.0,
        "Total Expenses": 85306000.0,
        "Rent Expense Supplemental": 810000.0,
        "Total Operating Income As Reported": 16078000.0,
        "Diluted Average Shares": 91214000.0,
        "Basic Average Shares": 89653000.0,
        "Diluted EPS": 0.18,
        "Basic EPS": 0.19,
        "Diluted NI Availto Com Stockholders": 16836000.0,
        "Net Income Common Stockholders": 16836000.0,
        "Net Income": 16836000.0,
        "Net Income Including Noncontrolling Interests": 16836000.0,
        "Net Income Continuous Operations": 16836000.0,
        "Tax Provision": 218000.0,
        "Pretax Income": 17054000.0,
        "Other Income Expense": -1340000.0,
        "Special Income Charges": -1254000.0,
        "Other Special Charges": 689000.0,
        "Write Off": 565000.0,
        "Earnings From Equity Interest": 0.0,
        "Gain On Sale Of Security": -86000.0,
        "Net Non Operating Interest Income Expense": 1062000.0,
        "Interest Expense Non Operating": 92000.0,
        "Interest Income Non Operating": 1154000.0,
        "Operating Income": 17333000.0,
        "Operating Expense": 60057000.0,
        "Other Operating Expenses": 4853000.0,
        "Provision For Doubtful Accounts": 192000.0,
        "Depreciation Amortization Depletion Income Statement": 3205000.0,
        "Depreciation And Amortization In Income Statement": 3205000.0,
        "Selling General And Administration": 51807000.0,
        "Selling And Marketing Expense": 28406000.0,
        "General And Administrative Expense": 23401000.0,
        "Other Gand A": 1881000.0,
        "Rent And Landing Fees": 810000.0,
        "Salaries And Wages": 20710000.0,
        "Gross Profit": 77390000.0,
        "Cost Of Revenue": 25249000.0,
        "Total Revenue": 102639000.0,
        "Operating Revenue": 102639000.0
    },
    "2023-12-31": {
        "Tax Effect Of Unusual Items": 1754579.13288,
        "Tax Rate For Calcs": 0.018829,
        "Normalized EBITDA": 19376000.0,
        "Total Unusual Items": 93185000.0,
        "Total Unusual Items Excluding Goodwill": 93185000.0,
        "Net Income From Continuing Operation Net Minority Interest": 107450000.0,
        "Reconciled Depreciation": 3225000.0,
        "Reconciled Cost Of Revenue": 28540000.0,
        "EBITDA": 112561000.0,
        "EBIT": 109336000.0,
        "Net Interest Income": -3427000.0,
        "Interest Expense": -176000.0,
        "Interest Income": -3332000.0,
        "Normalized Income": 16019579.13288,
        "Net Income From Continuing And Discontinued Operation": 107450000.0,
        "Total Expenses": 93250000.0,
        "Rent Expense Supplemental": 664000.0,
        "Total Operating Income As Reported": 20327000.0,
        "Diluted Average Shares": 89280000.0,
        "Basic Average Shares": 87710000.0,
        "Diluted EPS": 1.38,
        "Basic EPS": 1.4,
        "Diluted NI Availto Com Stockholders": 107450000.0,
        "Net Income Common Stockholders": 107450000.0,
        "Net Income": 107450000.0,
        "Net Income Including Noncontrolling Interests": 107450000.0,
        "Net Income Continuous Operations": 107450000.0,
        "Tax Provision": 2062000.0,
        "Pretax Income": 109512000.0,
        "Other Income Expense": 93185000.0,
        "Special Income Charges": 573000.0,
        "Other Special Charges": NaN,
        "Write Off": 116000.0,
        "Earnings From Equity Interest": 0.0,
        "Gain On Sale Of Security": 92612000.0,
        "Net Non Operating Interest Income Expense": -3427000.0,
        "Interest Expense Non Operating": -176000.0,
        "Interest Income Non Operating": -3332000.0,
        "Operating Income": 19753000.0,
        "Operating Expense": 64710000.0,
        "Other Operating Expenses": 5174000.0,
        "Provision For Doubtful Accounts": 1329000.0,
        "Depreciation Amortization Depletion Income Statement": 3225000.0,
        "Depreciation And Amortization In Income Statement": 3225000.0,
        "Selling General And Administration": 54982000.0,
        "Selling And Marketing Expense": 30148000.0,
        "General And Administrative Expense": 24834000.0,
        "Other Gand A": 3551000.0,
        "Rent And Landing Fees": 664000.0,
        "Salaries And Wages": 20619000.0,
        "Gross Profit": 84463000.0,
        "Cost Of Revenue": 28540000.0,
        "Total Revenue": 113003000.0,
        "Operating Revenue": 113003000.0
    },
    "2024-03-31": {
        "Tax Effect Of Unusual Items": -196639.767824,
        "Tax Rate For Calcs": 0.237775,
        "Normalized EBITDA": 23509000.0,
        "Total Unusual Items": -827000.0,
        "Total Unusual Items Excluding Goodwill": -827000.0,
        "Net Income From Continuing Operation Net Minority Interest": 14839000.0,
        "Reconciled Depreciation": 3072000.0,
        "Reconciled Cost Of Revenue": 24018000.0,
        "EBITDA": 22682000.0,
        "EBIT": 19610000.0,
        "Net Interest Income": 721000.0,
        "Interest Expense": 142000.0,
        "Interest Income": 863000.0,
        "Normalized Income": 15469360.232176,
        "Net Income From Continuing And Discontinued Operation": 14839000.0,
        "Total Expenses": 82297000.0,
        "Rent Expense Supplemental": 596000.0,
        "Total Operating Income As Reported": 19575000.0,
        "Diluted Average Shares": 89245000.0,
        "Basic Average Shares": 88455000.0,
        "Diluted EPS": 0.16,
        "Basic EPS": 0.16,
        "Diluted NI Availto Com Stockholders": 14839000.0,
        "Net Income Common Stockholders": 14839000.0,
        "Net Income": 14839000.0,
        "Net Income Including Noncontrolling Interests": 14839000.0,
        "Net Income Continuous Operations": 14839000.0,
        "Tax Provision": 4629000.0,
        "Pretax Income": 19468000.0,
        "Other Income Expense": -827000.0,
        "Special Income Charges": NaN,
        "Other Special Charges": NaN,
        "Write Off": NaN,
        "Earnings From Equity Interest": NaN,
        "Gain On Sale Of Security": -827000.0,
        "Net Non Operating Interest Income Expense": 721000.0,
        "Interest Expense Non Operating": 142000.0,
        "Interest Income Non Operating": 863000.0,
        "Operating Income": 19574000.0,
        "Operating Expense": 58279000.0,
        "Other Operating Expenses": 4684000.0,
        "Provision For Doubtful Accounts": -63000.0,
        "Depreciation Amortization Depletion Income Statement": 3072000.0,
        "Depreciation And Amortization In Income Statement": 3072000.0,
        "Selling General And Administration": 50586000.0,
        "Selling And Marketing Expense": 29466000.0,
        "General And Administrative Expense": 21120000.0,
        "Other Gand A": 1600000.0,
        "Rent And Landing Fees": 596000.0,
        "Salaries And Wages": 18924000.0,
        "Gross Profit": 77853000.0,
        "Cost Of Revenue": 24018000.0,
        "Total Revenue": 101871000.0,
        "Operating Revenue": 101871000.0
    },
    "2024-06-30": {
        "Tax Effect Of Unusual Items": -73791.124367,
        "Tax Rate For Calcs": 0.127666,
        "Normalized EBITDA": 26891000.0,
        "Total Unusual Items": -578000.0,
        "Total Unusual Items Excluding Goodwill": -578000.0,
        "Net Income From Continuing Operation Net Minority Interest": 19303000.0,
        "Reconciled Depreciation": 4012000.0,
        "Reconciled Cost Of Revenue": 27656000.0,
        "EBITDA": 26313000.0,
        "EBIT": 22301000.0,
        "Net Interest Income": 763000.0,
        "Interest Expense": 173000.0,
        "Interest Income": 936000.0,
        "Normalized Income": 19807208.875633,
        "Net Income From Continuing And Discontinued Operation": 19303000.0,
        "Total Expenses": 87793000.0,
        "Rent Expense Supplemental": 576000.0,
        "Total Operating Income As Reported": 21943000.0,
        "Diluted Average Shares": 89315000.0,
        "Basic Average Shares": 88458000.0,
        "Diluted EPS": 0.22,
        "Basic EPS": 0.22,
        "Diluted NI Availto Com Stockholders": 19303000.0,
        "Net Income Common Stockholders": 19303000.0,
        "Net Income": 19303000.0,
        "Net Income Including Noncontrolling Interests": 19303000.0,
        "Net Income Continuous Operations": 19303000.0,
        "Tax Provision": 2825000.0,
        "Pretax Income": 22128000.0,
        "Other Income Expense": -578000.0,
        "Special Income Charges": NaN,
        "Other Special Charges": NaN,
        "Write Off": NaN,
        "Earnings From Equity Interest": NaN,
        "Gain On Sale Of Security": -578000.0,
        "Net Non Operating Interest Income Expense": 763000.0,
        "Interest Expense Non Operating": 173000.0,
        "Interest Income Non Operating": 936000.0,
        "Operating Income": 21941000.0,
        "Operating Expense": 60137000.0,
        "Other Operating Expenses": 4298000.0,
        "Provision For Doubtful Accounts": -143000.0,
        "Depreciation Amortization Depletion Income Statement": 4012000.0,
        "Depreciation And Amortization In Income Statement": 4012000.0,
        "Selling General And Administration": 51970000.0,
        "Selling And Marketing Expense": 29026000.0,
        "General And Administrative Expense": 22944000.0,
        "Other Gand A": 2588000.0,
        "Rent And Landing Fees": 576000.0,
        "Salaries And Wages": 19780000.0,
        "Gross Profit": 82078000.0,
        "Cost Of Revenue": 27656000.0,
        "Total Revenue": 109734000.0,
        "Operating Revenue": 109734000.0
    },
    "2024-09-30": {
        "Tax Effect Of Unusual Items": -227774.335118,
        "Tax Rate For Calcs": 0.212674,
        "Normalized EBITDA": 28120000.0,
        "Total Unusual Items": -1071000.0,
        "Total Unusual Items Excluding Goodwill": -1071000.0,
        "Net Income From Continuing Operation Net Minority Interest": 17940000.0,
        "Reconciled Depreciation": 4146000.0,
        "Reconciled Cost Of Revenue": 33115000.0,
        "EBITDA": 27049000.0,
        "EBIT": 22903000.0,
        "Net Interest Income": 667000.0,
        "Interest Expense": 117000.0,
        "Interest Income": 784000.0,
        "Normalized Income": 18783225.664882,
        "Net Income From Continuing And Discontinued Operation": 17940000.0,
        "Total Expenses": 100020000.0,
        "Rent Expense Supplemental": 593000.0,
        "Total Operating Income As Reported": 23185000.0,
        "Diluted Average Shares": 89487000.0,
        "Basic Average Shares": 88472000.0,
        "Diluted EPS": 0.2,
        "Basic EPS": 0.2,
        "Diluted NI Availto Com Stockholders": 17940000.0,
        "Net Income Common Stockholders": 17940000.0,
        "Net Income": 17940000.0,
        "Net Income Including Noncontrolling Interests": 17940000.0,
        "Net Income Continuous Operations": 17940000.0,
        "Tax Provision": 4846000.0,
        "Pretax Income": 22786000.0,
        "Other Income Expense": -1071000.0,
        "Special Income Charges": -4000.0,
        "Other Special Charges": NaN,
        "Write Off": 4000.0,
        "Earnings From Equity Interest": NaN,
        "Gain On Sale Of Security": -1067000.0,
        "Net Non Operating Interest Income Expense": 667000.0,
        "Interest Expense Non Operating": 117000.0,
        "Interest Income Non Operating": 784000.0,
        "Operating Income": 23189000.0,
        "Operating Expense": 66905000.0,
        "Other Operating Expenses": 4911000.0,
        "Provision For Doubtful Accounts": -45000.0,
        "Depreciation Amortization Depletion Income Statement": 4146000.0,
        "Depreciation And Amortization In Income Statement": 4146000.0,
        "Selling General And Administration": 57893000.0,
        "Selling And Marketing Expense": 32516000.0,
        "General And Administrative Expense": 25377000.0,
        "Other Gand A": 1600000.0,
        "Rent And Landing Fees": 593000.0,
        "Salaries And Wages": 23184000.0,
        "Gross Profit": 90094000.0,
        "Cost Of Revenue": 33115000.0,
        "Total Revenue": 123209000.0,
        "Operating Revenue": 123209000.0
    }
}