{
    "2023-03-31": {
        "Tax Effect Of Unusual Items": 0.0,
        "Tax Rate For Calcs": 0.279,
        "Total Unusual Items": NaN,
        "Total Unusual Items Excluding Goodwill": NaN,
        "Net Income From Continuing Operation Net Minority Interest": -102090000.0,
        "Reconciled Depreciation": 13389000.0,
        "Net Interest Income": 203850000.0,
        "Interest Expense": 38997000.0,
        "Interest Income": 242847000.0,
        "Normalized Income": -102090000.0,
        "Net Income From Continuing And Discontinued Operation": -102090000.0,
        "Diluted Average Shares": 33979050.0,
        "Basic Average Shares": 33979050.0,
        "Diluted EPS": -3.0,
        "Basic EPS": -3.0,
        "Diluted NI Availto Com Stockholders": -102090000.0,
        "Net Income Common Stockholders": -102090000.0,
        "Net Income": -102090000.0,
        "Net Income Including Noncontrolling Interests": -102090000.0,
        "Net Income Continuous Operations": -102090000.0,
        "Tax Provision": -39443000.0,
        "Pretax Income": -141533000.0,
        "Special Income Charges": NaN,
        "Impairment Of Capital Assets": NaN,
        "Gain On Sale Of Security": -742000.0,
        "Selling General And Administration": 75662000.0,
        "Selling And Marketing Expense": 19182000.0,
        "General And Administrative Expense": 56480000.0,
        "Other Gand A": 19162000.0,
        "Salaries And Wages": 37318000.0,
        "Total Revenue": 4805000.0,
        "Operating Revenue": 4805000.0,
        "Professional Expense And Contract Services Expense": 13802000.0,
        "Other Non Interest Expense": 56874000.0
    },
    "2022-12-31": {
        "Tax Effect Of Unusual Items": NaN,
        "Tax Rate For Calcs": NaN,
        "Total Unusual Items": 0.0,
        "Total Unusual Items Excluding Goodwill": 0.0,
        "Net Income From Continuing Operation Net Minority Interest": NaN,
        "Reconciled Depreciation": NaN,
        "Net Interest Income": NaN,
        "Interest Expense": NaN,
        "Interest Income": NaN,
        "Normalized Income": NaN,
        "Net Income From Continuing And Discontinued Operation": NaN,
        "Diluted Average Shares": NaN,
        "Basic Average Shares": NaN,
        "Diluted EPS": NaN,
        "Basic EPS": NaN,
        "Diluted NI Availto Com Stockholders": NaN,
        "Net Income Common Stockholders": NaN,
        "Net Income": NaN,
        "Net Income Including Noncontrolling Interests": NaN,
        "Net Income Continuous Operations": NaN,
        "Tax Provision": NaN,
        "Pretax Income": NaN,
        "Special Income Charges": 0.0,
        "Impairment Of Capital Assets": 0.0,
        "Gain On Sale Of Security": NaN,
        "Selling General And Administration": NaN,
        "Selling And Marketing Expense": NaN,
        "General And Administrative Expense": NaN,
        "Other Gand A": NaN,
        "Salaries And Wages": NaN,
        "Total Revenue": NaN,
        "Operating Revenue": NaN,
        "Professional Expense And Contract Services Expense": NaN,
        "Other Non Interest Expense": NaN
    },
    "2022-09-30": {
        "Tax Effect Of Unusual Items": NaN,
        "Tax Rate For Calcs": NaN,
        "Total Unusual Items": -108472000.0,
        "Total Unusual Items Excluding Goodwill": -108472000.0,
        "Net Income From Continuing Operation Net Minority Interest": NaN,
        "Reconciled Depreciation": NaN,
        "Net Interest Income": NaN,
        "Interest Expense": NaN,
        "Interest Income": NaN,
        "Normalized Income": NaN,
        "Net Income From Continuing And Discontinued Operation": NaN,
        "Diluted Average Shares": NaN,
        "Basic Average Shares": NaN,
        "Diluted EPS": NaN,
        "Basic EPS": NaN,
        "Diluted NI Availto Com Stockholders": NaN,
        "Net Income Common Stockholders": NaN,
        "Net Income": NaN,
        "Net Income Including Noncontrolling Interests": NaN,
        "Net Income Continuous Operations": NaN,
        "Tax Provision": NaN,
        "Pretax Income": NaN,
        "Special Income Charges": -108472000.0,
        "Impairment Of Capital Assets": 108472000.0,
        "Gain On Sale Of Security": NaN,
        "Selling General And Administration": NaN,
        "Selling And Marketing Expense": NaN,
        "General And Administrative Expense": NaN,
        "Other Gand A": NaN,
        "Salaries And Wages": NaN,
        "Total Revenue": NaN,
        "Operating Revenue": NaN
    },
    "2022-06-30": {
        "Tax Effect Of Unusual Items": 0.0,
        "Tax Rate For Calcs": 0.277,
        "Total Unusual Items": NaN,
        "Total Unusual Items Excluding Goodwill": NaN,
        "Net Income From Continuing Operation Net Minority Interest": -9157000.0,
        "Reconciled Depreciation": 11643000.0,
        "Net Interest Income": 190551000.0,
        "Interest Expense": 17104000.0,
        "Interest Income": 207655000.0,
        "Normalized Income": -9157000.0,
        "Net Income From Continuing And Discontinued Operation": -9157000.0,
        "Diluted Average Shares": 32831499.0,
        "Basic Average Shares": 32831499.0,
        "Diluted EPS": -0.28,
        "Basic EPS": -0.28,
        "Diluted NI Availto Com Stockholders": -9157000.0,
        "Net Income Common Stockholders": -9157000.0,
        "Net Income": -9157000.0,
        "Net Income Including Noncontrolling Interests": -9157000.0,
        "Net Income Continuous Operations": -9157000.0,
        "Tax Provision": -3515000.0,
        "Pretax Income": -12672000.0,
        "Special Income Charges": NaN,
        "Impairment Of Capital Assets": NaN,
        "Gain On Sale Of Security": -63484000.0,
        "Selling General And Administration": 87933000.0,
        "Selling And Marketing Expense": 32368000.0,
        "General And Administrative Expense": 55565000.0,
        "Other Gand A": 16936000.0,
        "Salaries And Wages": 38629000.0,
        "Total Revenue": 145214000.0,
        "Operating Revenue": 145214000.0
    },
    "2022-03-31": {
        "Diluted EPS": 1.37,
        "Total Revenue": 215,
        "Gross Profit": 201,
        "Operating Income": 58,
        "EBIT": NaN,
        "Net Income": 46
    },
    "2021-12-31": {
        "Diluted EPS": 0.47,
        "Total Revenue": 194,
        "Gross Profit": 183,
        "Operating Income": 21,
        "EBIT": NaN,
        "Net Income": 14
    },
    "2021-09-30": {
        "Diluted EPS": 0.75,
        "Total Revenue": 159,
        "Gross Profit": 149,
        "Operating Income": 28,
        "EBIT": NaN,
        "Net Income": 23
    },
    "2021-06-30": {
        "Diluted EPS": 0.24,
        "Total Revenue": 138,
        "Gross Profit": 126,
        "Operating Income": 10,
        "EBIT": NaN,
        "Net Income": 7
    },
    "2021-03-31": {
        "Diluted EPS": 0.1,
        "Total Revenue": 135,
        "Gross Profit": 122,
        "Operating Income": 4,
        "EBIT": NaN,
        "Net Income": 3
    },
    "2020-12-31": {
        "Diluted EPS": 0.32,
        "Total Revenue": 141,
        "Gross Profit": 127,
        "Operating Income": 15,
        "EBIT": NaN,
        "Net Income": 9
    },
    "2020-09-30": {
        "Diluted EPS": -0.22,
        "Total Revenue": 137,
        "Gross Profit": 123,
        "Operating Income": -8,
        "EBIT": NaN,
        "Net Income": -6
    },
    "2020-06-30": {
        "Diluted EPS": -1.26,
        "Total Revenue": 143,
        "Gross Profit": 128,
        "Operating Income": -47,
        "EBIT": NaN,
        "Net Income": -34
    },
    "2020-03-31": {
        "Diluted EPS": -0.49,
        "Total Revenue": 163,
        "Gross Profit": 147,
        "Operating Income": -18,
        "EBIT": NaN,
        "Net Income": -13
    },
    "2019-12-31": {
        "Diluted EPS": 5.76,
        "Total Revenue": 165,
        "Gross Profit": 150,
        "Operating Income": 31,
        "EBIT": NaN,
        "Net Income": 28
    },
    "2019-09-30": {
        "Diluted EPS": -6.39,
        "Total Revenue": 154,
        "Gross Profit": 138,
        "Operating Income": 14,
        "EBIT": NaN,
        "Net Income": -27
    },
    "2019-06-30": {
        "Diluted EPS": 0.52,
        "Total Revenue": 143,
        "Gross Profit": 128,
        "Operating Income": 19,
        "EBIT": NaN,
        "Net Income": 2
    },
    "2019-03-31": {
        "Diluted EPS": 0.51,
        "Total Revenue": 138,
        "Gross Profit": 124,
        "Operating Income": 20,
        "EBIT": NaN,
        "Net Income": 2
    },
    "2018-12-31": {
        "Diluted EPS": 0.0,
        "Total Revenue": NaN,
        "Gross Profit": NaN,
        "Operating Income": NaN,
        "EBIT": NaN,
        "Net Income": NaN
    },
    "2018-09-30": {
        "Diluted EPS": 0.64,
        "Total Revenue": 128,
        "Gross Profit": 117,
        "Operating Income": 29,
        "EBIT": NaN,
        "Net Income": 3
    },
    "2017-12-31": {
        "Diluted EPS": 0.0,
        "Total Revenue": NaN,
        "Gross Profit": NaN,
        "Operating Income": NaN,
        "EBIT": NaN,
        "Net Income": NaN
    },
    "2023-06-30": {
        "Tax Effect Of Unusual Items": 0.0,
        "Tax Rate For Calcs": 0.147,
        "Total Unusual Items": NaN,
        "Total Unusual Items Excluding Goodwill": NaN,
        "Net Income From Continuing Operation Net Minority Interest": -14899000.0,
        "Reconciled Depreciation": 13769000.0,
        "Net Interest Income": 200781000.0,
        "Interest Expense": 41448000.0,
        "Interest Income": 242229000.0,
        "Normalized Income": -14899000.0,
        "Net Income From Continuing And Discontinued Operation": -14899000.0,
        "Diluted Average Shares": 36691291.0,
        "Basic Average Shares": 36691291.0,
        "Diluted EPS": -0.41,
        "Basic EPS": -0.41,
        "Diluted NI Availto Com Stockholders": -14899000.0,
        "Net Income Common Stockholders": -14899000.0,
        "Net Income": -14899000.0,
        "Net Income Including Noncontrolling Interests": -14899000.0,
        "Net Income Continuous Operations": -14899000.0,
        "Tax Provision": -2572000.0,
        "Pretax Income": -17471000.0,
        "Special Income Charges": NaN,
        "Impairment Of Capital Assets": NaN,
        "Gain On Sale Of Security": 4334000.0,
        "Selling General And Administration": 71080000.0,
        "Selling And Marketing Expense": 19195000.0,
        "General And Administrative Expense": 51885000.0,
        "Other Gand A": 21123000.0,
        "Salaries And Wages": 30762000.0,
        "Total Revenue": 118625000.0,
        "Operating Revenue": 118625000.0,
        "Professional Expense And Contract Services Expense": 9900000.0,
        "Other Non Interest Expense": 55116000.0
    },
    "2023-09-30": {
        "Tax Effect Of Unusual Items": 0.0,
        "Tax Rate For Calcs": 0.21,
        "Total Unusual Items": 0.0,
        "Total Unusual Items Excluding Goodwill": 0.0,
        "Net Income From Continuing Operation Net Minority Interest": -21138000.0,
        "Reconciled Depreciation": 13944000.0,
        "Net Interest Income": 201520000.0,
        "Interest Expense": 46965000.0,
        "Interest Income": 248485000.0,
        "Normalized Income": -21138000.0,
        "Net Income From Continuing And Discontinued Operation": -21138000.0,
        "Diluted Average Shares": 38283071.0,
        "Basic Average Shares": 38283071.0,
        "Diluted EPS": -0.55,
        "Basic EPS": -0.55,
        "Diluted NI Availto Com Stockholders": -21138000.0,
        "Net Income Common Stockholders": -21138000.0,
        "Net Income": -21138000.0,
        "Net Income Including Noncontrolling Interests": -21138000.0,
        "Net Income Continuous Operations": -21138000.0,
        "Tax Provision": -16232000.0,
        "Pretax Income": -37370000.0,
        "Special Income Charges": 0.0,
        "Impairment Of Capital Assets": 0.0,
        "Gain On Sale Of Security": 7000000.0,
        "Selling General And Administration": 59361000.0,
        "Selling And Marketing Expense": 18852000.0,
        "General And Administrative Expense": 40509000.0,
        "Other Gand A": 11862000.0,
        "Salaries And Wages": 28647000.0,
        "Total Revenue": 85136000.0,
        "Operating Revenue": 85136000.0,
        "Professional Expense And Contract Services Expense": 10482000.0,
        "Other Non Interest Expense": 52663000.0
    },
    "2023-12-31": {
        "Tax Effect Of Unusual Items": 0.0,
        "Tax Rate For Calcs": 0.26982,
        "Total Unusual Items": 0.0,
        "Total Unusual Items Excluding Goodwill": 0.0,
        "Net Income From Continuing Operation Net Minority Interest": -41824000.0,
        "Reconciled Depreciation": 13783000.0,
        "Net Interest Income": 211227000.0,
        "Interest Expense": 52004000.0,
        "Interest Income": 263231000.0,
        "Normalized Income": -41824000.0,
        "Net Income From Continuing And Discontinued Operation": -41824000.0,
        "Diluted Average Shares": 38485406.0,
        "Basic Average Shares": 38485406.0,
        "Diluted EPS": -1.09,
        "Basic EPS": -1.09,
        "Diluted NI Availto Com Stockholders": -41824000.0,
        "Net Income Common Stockholders": -41824000.0,
        "Net Income": -41824000.0,
        "Net Income Including Noncontrolling Interests": -41824000.0,
        "Net Income Continuous Operations": -41824000.0,
        "Tax Provision": -15455000.0,
        "Pretax Income": -57279000.0,
        "Special Income Charges": 0.0,
        "Impairment Of Capital Assets": 0.0,
        "Gain On Sale Of Security": -7293000.0,
        "Selling General And Administration": 63409000.0,
        "Selling And Marketing Expense": 18055000.0,
        "General And Administrative Expense": 45354000.0,
        "Other Gand A": 20238000.0,
        "Salaries And Wages": 25116000.0,
        "Total Revenue": 72100000.0,
        "Operating Revenue": 72100000.0,
        "Professional Expense And Contract Services Expense": 11217000.0,
        "Other Non Interest Expense": 54753000.0
    },
    "2024-03-31": {
        "Tax Effect Of Unusual Items": 0.0,
        "Tax Rate For Calcs": 0.132,
        "Total Unusual Items": NaN,
        "Total Unusual Items Excluding Goodwill": NaN,
        "Net Income From Continuing Operation Net Minority Interest": -26439000.0,
        "Reconciled Depreciation": 13198000.0,
        "Net Interest Income": 180792000.0,
        "Interest Expense": 54465000.0,
        "Interest Income": 235257000.0,
        "Normalized Income": -26439000.0,
        "Net Income From Continuing And Discontinued Operation": -26439000.0,
        "Diluted Average Shares": 38900876.0,
        "Basic Average Shares": 38900876.0,
        "Diluted EPS": -0.68,
        "Basic EPS": -0.68,
        "Diluted NI Availto Com Stockholders": -26439000.0,
        "Net Income Common Stockholders": -26439000.0,
        "Net Income": -26439000.0,
        "Net Income Including Noncontrolling Interests": -26439000.0,
        "Net Income Continuous Operations": -26439000.0,
        "Tax Provision": -4036000.0,
        "Pretax Income": -30475000.0,
        "Special Income Charges": NaN,
        "Impairment Of Capital Assets": NaN,
        "Gain On Sale Of Security": 120000.0,
        "Selling General And Administration": 52296000.0,
        "Selling And Marketing Expense": 16003000.0,
        "General And Administrative Expense": 36293000.0,
        "Other Gand A": 11777000.0,
        "Salaries And Wages": 24516000.0,
        "Total Revenue": 79167000.0,
        "Operating Revenue": 79167000.0,
        "Professional Expense And Contract Services Expense": 10241000.0,
        "Other Non Interest Expense": 47105000.0
    },
    "2024-06-30": {
        "Tax Effect Of Unusual Items": 0.0,
        "Tax Rate For Calcs": 0.369,
        "Total Unusual Items": NaN,
        "Total Unusual Items Excluding Goodwill": NaN,
        "Net Income From Continuing Operation Net Minority Interest": -31025000.0,
        "Reconciled Depreciation": 13006000.0,
        "Net Interest Income": 183027000.0,
        "Interest Expense": 54244000.0,
        "Interest Income": 237271000.0,
        "Normalized Income": -31025000.0,
        "Net Income From Continuing And Discontinued Operation": -31025000.0,
        "Diluted Average Shares": 39816996.0,
        "Basic Average Shares": 39816996.0,
        "Diluted EPS": -0.78,
        "Basic EPS": -0.78,
        "Diluted NI Availto Com Stockholders": -31025000.0,
        "Net Income Common Stockholders": -31025000.0,
        "Net Income": -31025000.0,
        "Net Income Including Noncontrolling Interests": -31025000.0,
        "Net Income Continuous Operations": -31025000.0,
        "Tax Provision": -18124000.0,
        "Pretax Income": -49149000.0,
        "Special Income Charges": NaN,
        "Impairment Of Capital Assets": NaN,
        "Gain On Sale Of Security": 4753000.0,
        "Selling General And Administration": 60182000.0,
        "Selling And Marketing Expense": 16258000.0,
        "General And Administrative Expense": 43924000.0,
        "Other Gand A": 22016000.0,
        "Salaries And Wages": 21908000.0,
        "Total Revenue": 60033000.0,
        "Operating Revenue": 60033000.0,
        "Professional Expense And Contract Services Expense": 8375000.0,
        "Other Non Interest Expense": 40625000.0
    },
    "2024-09-30": {
        "Tax Effect Of Unusual Items": 0.0,
        "Tax Rate For Calcs": 0.241,
        "Total Unusual Items": NaN,
        "Total Unusual Items Excluding Goodwill": NaN,
        "Net Income From Continuing Operation Net Minority Interest": -29956000.0,
        "Reconciled Depreciation": 13473000.0,
        "Net Interest Income": 180002000.0,
        "Interest Expense": 55749000.0,
        "Interest Income": 235751000.0,
        "Normalized Income": -29956000.0,
        "Net Income From Continuing And Discontinued Operation": -29956000.0,
        "Diluted Average Shares": 39964322.0,
        "Basic Average Shares": 39964322.0,
        "Diluted EPS": -0.75,
        "Basic EPS": -0.75,
        "Diluted NI Availto Com Stockholders": -29956000.0,
        "Net Income Common Stockholders": -29956000.0,
        "Net Income": -29956000.0,
        "Net Income Including Noncontrolling Interests": -29956000.0,
        "Net Income Continuous Operations": -29956000.0,
        "Tax Provision": -9508000.0,
        "Pretax Income": -39464000.0,
        "Special Income Charges": NaN,
        "Impairment Of Capital Assets": NaN,
        "Gain On Sale Of Security": 4261000.0,
        "Selling General And Administration": 51432000.0,
        "Selling And Marketing Expense": 17403000.0,
        "General And Administrative Expense": 34029000.0,
        "Other Gand A": 12991000.0,
        "Salaries And Wages": 21038000.0,
        "Total Revenue": 62617000.0,
        "Operating Revenue": 62617000.0,
        "Professional Expense And Contract Services Expense": 10088000.0,
        "Other Non Interest Expense": 40561000.0
    }
}