{
    "2023-03-31": {
        "Tax Effect Of Unusual Items": 0.0,
        "Tax Rate For Calcs": 0.358332,
        "Normalized EBITDA": -54000.0,
        "Total Unusual Items": NaN,
        "Total Unusual Items Excluding Goodwill": NaN,
        "Net Income From Continuing Operation Net Minority Interest": -2969000.0,
        "Reconciled Depreciation": 3924000.0,
        "Reconciled Cost Of Revenue": 26607000.0,
        "EBITDA": -54000.0,
        "EBIT": -3978000.0,
        "Net Interest Income": -649000.0,
        "Interest Expense": 649000.0,
        "Normalized Income": -2969000.0,
        "Net Income From Continuing And Discontinued Operation": -2969000.0,
        "Total Expenses": 111643000.0,
        "Total Operating Income As Reported": -4001000.0,
        "Diluted Average Shares": 131083841.0,
        "Basic Average Shares": 131083841.0,
        "Diluted EPS": -0.02,
        "Basic EPS": -0.02,
        "Diluted NI Availto Com Stockholders": -2969000.0,
        "Net Income Common Stockholders": -2969000.0,
        "Net Income": -2969000.0,
        "Net Income Including Noncontrolling Interests": -2969000.0,
        "Net Income Continuous Operations": -2969000.0,
        "Tax Provision": -1658000.0,
        "Pretax Income": -4627000.0,
        "Other Income Expense": 23000.0,
        "Other Non Operating Income Expenses": 23000.0,
        "Special Income Charges": NaN,
        "Net Non Operating Interest Income Expense": -649000.0,
        "Interest Expense Non Operating": 649000.0,
        "Operating Income": -4001000.0,
        "Operating Expense": 85036000.0,
        "Research And Development": 11202000.0,
        "Selling General And Administration": 73834000.0,
        "General And Administrative Expense": NaN,
        "Other Gand A": NaN,
        "Salaries And Wages": NaN,
        "Gross Profit": 81035000.0,
        "Cost Of Revenue": 26607000.0,
        "Total Revenue": 107642000.0,
        "Operating Revenue": 107642000.0
    },
    "2022-12-31": {
        "Tax Effect Of Unusual Items": NaN,
        "Tax Rate For Calcs": NaN,
        "Normalized EBITDA": NaN,
        "Total Unusual Items": 0.0,
        "Total Unusual Items Excluding Goodwill": 0.0,
        "Net Income From Continuing Operation Net Minority Interest": NaN,
        "Reconciled Depreciation": NaN,
        "Reconciled Cost Of Revenue": NaN,
        "EBITDA": NaN,
        "EBIT": NaN,
        "Net Interest Income": NaN,
        "Interest Expense": NaN,
        "Normalized Income": NaN,
        "Net Income From Continuing And Discontinued Operation": NaN,
        "Total Expenses": NaN,
        "Total Operating Income As Reported": NaN,
        "Diluted Average Shares": NaN,
        "Basic Average Shares": NaN,
        "Diluted EPS": NaN,
        "Basic EPS": NaN,
        "Diluted NI Availto Com Stockholders": NaN,
        "Net Income Common Stockholders": NaN,
        "Net Income": NaN,
        "Net Income Including Noncontrolling Interests": NaN,
        "Net Income Continuous Operations": NaN,
        "Tax Provision": NaN,
        "Pretax Income": NaN,
        "Other Income Expense": NaN,
        "Other Non Operating Income Expenses": NaN,
        "Special Income Charges": 0.0,
        "Write Off": NaN,
        "Impairment Of Capital Assets": NaN,
        "Net Non Operating Interest Income Expense": NaN,
        "Interest Expense Non Operating": NaN,
        "Operating Income": NaN,
        "Operating Expense": NaN,
        "Research And Development": NaN,
        "Selling General And Administration": NaN,
        "General And Administrative Expense": NaN,
        "Other Gand A": NaN,
        "Salaries And Wages": NaN,
        "Gross Profit": NaN,
        "Cost Of Revenue": NaN,
        "Total Revenue": NaN,
        "Operating Revenue": NaN
    },
    "2022-09-30": {
        "Tax Effect Of Unusual Items": NaN,
        "Tax Rate For Calcs": NaN,
        "Normalized EBITDA": NaN,
        "Total Unusual Items": 0.0,
        "Total Unusual Items Excluding Goodwill": 0.0,
        "Net Income From Continuing Operation Net Minority Interest": NaN,
        "Reconciled Depreciation": NaN,
        "Reconciled Cost Of Revenue": NaN,
        "EBITDA": NaN,
        "EBIT": NaN,
        "Net Interest Income": NaN,
        "Interest Expense": NaN,
        "Normalized Income": NaN,
        "Net Income From Continuing And Discontinued Operation": NaN,
        "Total Expenses": NaN,
        "Total Operating Income As Reported": NaN,
        "Diluted Average Shares": NaN,
        "Basic Average Shares": NaN,
        "Diluted EPS": NaN,
        "Basic EPS": NaN,
        "Diluted NI Availto Com Stockholders": NaN,
        "Net Income Common Stockholders": NaN,
        "Net Income": NaN,
        "Net Income Including Noncontrolling Interests": NaN,
        "Net Income Continuous Operations": NaN,
        "Tax Provision": NaN,
        "Pretax Income": NaN,
        "Other Income Expense": NaN,
        "Other Non Operating Income Expenses": NaN,
        "Special Income Charges": 0.0,
        "Net Non Operating Interest Income Expense": NaN,
        "Interest Expense Non Operating": NaN,
        "Operating Income": NaN,
        "Operating Expense": NaN,
        "Research And Development": NaN,
        "Selling General And Administration": NaN,
        "General And Administrative Expense": NaN,
        "Other Gand A": NaN,
        "Salaries And Wages": NaN,
        "Gross Profit": NaN,
        "Cost Of Revenue": NaN,
        "Total Revenue": NaN,
        "Operating Revenue": NaN
    },
    "2022-06-30": {
        "Tax Effect Of Unusual Items": 0.0,
        "Tax Rate For Calcs": 0.218169,
        "Normalized EBITDA": 16465000.0,
        "Total Unusual Items": NaN,
        "Total Unusual Items Excluding Goodwill": NaN,
        "Net Income From Continuing Operation Net Minority Interest": 8744000.0,
        "Reconciled Depreciation": 4551000.0,
        "Reconciled Cost Of Revenue": 26652000.0,
        "EBITDA": 16465000.0,
        "EBIT": 11914000.0,
        "Net Interest Income": -730000.0,
        "Interest Expense": 730000.0,
        "Interest Income": NaN,
        "Normalized Income": 8744000.0,
        "Net Income From Continuing And Discontinued Operation": 8744000.0,
        "Total Expenses": 109466000.0,
        "Total Operating Income As Reported": 11935000.0,
        "Diluted Average Shares": 132600579.0,
        "Basic Average Shares": 129635682.0,
        "Diluted EPS": 0.07,
        "Basic EPS": 0.07,
        "Diluted NI Availto Com Stockholders": 8744000.0,
        "Net Income Common Stockholders": 8744000.0,
        "Net Income": 8744000.0,
        "Net Income Including Noncontrolling Interests": 8744000.0,
        "Net Income Continuous Operations": 8744000.0,
        "Tax Provision": 2440000.0,
        "Pretax Income": 11184000.0,
        "Other Income Expense": -21000.0,
        "Other Non Operating Income Expenses": -21000.0,
        "Special Income Charges": NaN,
        "Net Non Operating Interest Income Expense": -730000.0,
        "Interest Expense Non Operating": 730000.0,
        "Interest Income Non Operating": NaN,
        "Operating Income": 11935000.0,
        "Operating Expense": 82814000.0,
        "Research And Development": 10205000.0,
        "Selling General And Administration": 72609000.0,
        "General And Administrative Expense": NaN,
        "Other Gand A": NaN,
        "Salaries And Wages": NaN,
        "Gross Profit": 94749000.0,
        "Cost Of Revenue": 26652000.0,
        "Total Revenue": 121401000.0,
        "Operating Revenue": 121401000.0
    },
    "2022-03-31": {
        "Diluted EPS": -0.01,
        "Total Revenue": 97,
        "Gross Profit": 72,
        "Operating Income": 0,
        "EBIT": 4,
        "Net Income": -1
    },
    "2021-12-31": {
        "Diluted EPS": 0.39,
        "Total Revenue": 128,
        "Gross Profit": 95,
        "Operating Income": 20,
        "EBIT": 25,
        "Net Income": 51
    },
    "2021-09-30": {
        "Diluted EPS": 0.09,
        "Total Revenue": 114,
        "Gross Profit": 88,
        "Operating Income": 16,
        "EBIT": 21,
        "Net Income": 13
    },
    "2021-06-30": {
        "Diluted EPS": 0.15,
        "Total Revenue": 123,
        "Gross Profit": 93,
        "Operating Income": 24,
        "EBIT": 27,
        "Net Income": 21
    },
    "2021-03-31": {
        "Diluted EPS": 0.07,
        "Total Revenue": 103,
        "Gross Profit": 77,
        "Operating Income": 13,
        "EBIT": 16,
        "Net Income": 10
    },
    "2020-12-31": {
        "Diluted EPS": 0.17,
        "Total Revenue": 107,
        "Gross Profit": 81,
        "Operating Income": 21,
        "EBIT": 24,
        "Net Income": 18
    },
    "2020-09-30": {
        "Diluted EPS": 0.19,
        "Total Revenue": 101,
        "Gross Profit": 78,
        "Operating Income": 23,
        "EBIT": 25,
        "Net Income": 21
    },
    "2020-06-30": {
        "Diluted EPS": -0.05,
        "Total Revenue": 69,
        "Gross Profit": 49,
        "Operating Income": -2,
        "EBIT": -1,
        "Net Income": -5
    },
    "2020-03-31": {
        "Diluted EPS": -0.16,
        "Total Revenue": 62,
        "Gross Profit": 43,
        "Operating Income": -15,
        "EBIT": -13,
        "Net Income": -16
    },
    "2019-12-31": {
        "Diluted EPS": -0.02,
        "Total Revenue": 75,
        "Gross Profit": 54,
        "Operating Income": -2,
        "EBIT": 1,
        "Net Income": -3
    },
    "2019-09-30": {
        "Diluted EPS": -0.12,
        "Total Revenue": 64,
        "Gross Profit": 45,
        "Operating Income": -8,
        "EBIT": -6,
        "Net Income": -11
    },
    "2019-06-30": {
        "Diluted EPS": -0.11,
        "Total Revenue": 65,
        "Gross Profit": 46,
        "Operating Income": -7,
        "EBIT": -5,
        "Net Income": -10
    },
    "2019-03-31": {
        "Diluted EPS": -0.17,
        "Total Revenue": 57,
        "Gross Profit": 40,
        "Operating Income": -12,
        "EBIT": -10,
        "Net Income": -16
    },
    "2018-12-31": {
        "Diluted EPS": 0.0,
        "Total Revenue": NaN,
        "Gross Profit": NaN,
        "Operating Income": NaN,
        "EBIT": NaN,
        "Net Income": NaN
    },
    "2018-09-30": {
        "Diluted EPS": -0.19,
        "Total Revenue": 51,
        "Gross Profit": 31,
        "Operating Income": -10,
        "EBIT": -8,
        "Net Income": -13
    },
    "2018-06-30": {
        "Diluted EPS": -0.3,
        "Total Revenue": 44,
        "Gross Profit": 26,
        "Operating Income": -17,
        "EBIT": -17,
        "Net Income": -20
    },
    "2017-12-31": {
        "Diluted EPS": 0.0,
        "Total Revenue": NaN,
        "Gross Profit": NaN,
        "Operating Income": NaN,
        "EBIT": NaN,
        "Net Income": NaN
    },
    "2016-12-31": {
        "Diluted EPS": 0.0,
        "Total Revenue": NaN,
        "Gross Profit": NaN,
        "Operating Income": NaN,
        "EBIT": NaN,
        "Net Income": NaN
    },
    "2023-06-30": {
        "Tax Effect Of Unusual Items": NaN,
        "Tax Rate For Calcs": NaN,
        "Normalized EBITDA": NaN,
        "Total Unusual Items": 0.0,
        "Total Unusual Items Excluding Goodwill": 0.0,
        "Net Income From Continuing Operation Net Minority Interest": NaN,
        "Reconciled Depreciation": NaN,
        "Reconciled Cost Of Revenue": NaN,
        "EBITDA": NaN,
        "EBIT": NaN,
        "Net Interest Income": NaN,
        "Interest Expense": NaN,
        "Normalized Income": NaN,
        "Net Income From Continuing And Discontinued Operation": NaN,
        "Total Expenses": NaN,
        "Total Operating Income As Reported": NaN,
        "Diluted Average Shares": NaN,
        "Basic Average Shares": NaN,
        "Diluted EPS": NaN,
        "Basic EPS": NaN,
        "Diluted NI Availto Com Stockholders": NaN,
        "Net Income Common Stockholders": NaN,
        "Net Income": NaN,
        "Net Income Including Noncontrolling Interests": NaN,
        "Net Income Continuous Operations": NaN,
        "Tax Provision": NaN,
        "Pretax Income": NaN,
        "Other Income Expense": NaN,
        "Other Non Operating Income Expenses": NaN,
        "Special Income Charges": 0.0,
        "Write Off": 0.0,
        "Impairment Of Capital Assets": 0.0,
        "Net Non Operating Interest Income Expense": NaN,
        "Interest Expense Non Operating": NaN,
        "Operating Income": NaN,
        "Operating Expense": NaN,
        "Research And Development": NaN,
        "Selling General And Administration": NaN,
        "General And Administrative Expense": 70317000.0,
        "Other Gand A": 68018000.0,
        "Salaries And Wages": 2299000.0,
        "Gross Profit": NaN,
        "Cost Of Revenue": NaN,
        "Total Revenue": NaN,
        "Operating Revenue": NaN
    },
    "2023-09-30": {
        "Tax Effect Of Unusual Items": 0.0,
        "Tax Rate For Calcs": 0.21,
        "Normalized EBITDA": 11854000.0,
        "Total Unusual Items": 0.0,
        "Total Unusual Items Excluding Goodwill": 0.0,
        "Net Income From Continuing Operation Net Minority Interest": 3167000.0,
        "Reconciled Depreciation": 3773000.0,
        "Reconciled Cost Of Revenue": 25789000.0,
        "EBITDA": 11854000.0,
        "EBIT": 8081000.0,
        "Net Interest Income": -444000.0,
        "Interest Expense": 444000.0,
        "Normalized Income": 3167000.0,
        "Net Income From Continuing And Discontinued Operation": 3167000.0,
        "Total Expenses": 100481000.0,
        "Total Operating Income As Reported": 8050000.0,
        "Diluted Average Shares": 133417721.0,
        "Basic Average Shares": 131312483.0,
        "Diluted EPS": 0.02,
        "Basic EPS": 0.02,
        "Diluted NI Availto Com Stockholders": 3167000.0,
        "Net Income Common Stockholders": 3167000.0,
        "Net Income": 3167000.0,
        "Net Income Including Noncontrolling Interests": 3167000.0,
        "Net Income Continuous Operations": 3167000.0,
        "Tax Provision": 4470000.0,
        "Pretax Income": 7637000.0,
        "Other Income Expense": 31000.0,
        "Other Non Operating Income Expenses": 31000.0,
        "Special Income Charges": 0.0,
        "Write Off": 0.0,
        "Impairment Of Capital Assets": 0.0,
        "Net Non Operating Interest Income Expense": -444000.0,
        "Interest Expense Non Operating": 444000.0,
        "Operating Income": 8050000.0,
        "Operating Expense": 74692000.0,
        "Research And Development": 10470000.0,
        "Selling General And Administration": 64222000.0,
        "General And Administrative Expense": NaN,
        "Other Gand A": NaN,
        "Salaries And Wages": NaN,
        "Gross Profit": 82742000.0,
        "Cost Of Revenue": 25789000.0,
        "Total Revenue": 108531000.0,
        "Operating Revenue": 108531000.0
    },
    "2023-12-31": {
        "Tax Effect Of Unusual Items": 0.0,
        "Tax Rate For Calcs": 0.21,
        "Normalized EBITDA": 11000000.0,
        "Total Unusual Items": NaN,
        "Total Unusual Items Excluding Goodwill": NaN,
        "Net Income From Continuing Operation Net Minority Interest": -568000.0,
        "Reconciled Depreciation": 12294000.0,
        "Reconciled Cost Of Revenue": 27769000.0,
        "EBITDA": 11000000.0,
        "EBIT": -1294000.0,
        "Net Interest Income": -502000.0,
        "Interest Expense": 502000.0,
        "Normalized Income": -568000.0,
        "Net Income From Continuing And Discontinued Operation": -568000.0,
        "Total Expenses": 100920000.0,
        "Total Operating Income As Reported": -1269000.0,
        "Diluted Average Shares": 131857509.0,
        "Basic Average Shares": 130916950.0,
        "Diluted EPS": -0.004339,
        "Basic EPS": -0.004339,
        "Diluted NI Availto Com Stockholders": -568000.0,
        "Net Income Common Stockholders": -568000.0,
        "Net Income": -568000.0,
        "Net Income Including Noncontrolling Interests": -568000.0,
        "Net Income Continuous Operations": -568000.0,
        "Tax Provision": -1228000.0,
        "Pretax Income": -1796000.0,
        "Other Income Expense": -25000.0,
        "Other Non Operating Income Expenses": -25000.0,
        "Special Income Charges": NaN,
        "Write Off": NaN,
        "Impairment Of Capital Assets": NaN,
        "Net Non Operating Interest Income Expense": -502000.0,
        "Interest Expense Non Operating": 502000.0,
        "Operating Income": -1269000.0,
        "Operating Expense": 73151000.0,
        "Research And Development": 11770000.0,
        "Selling General And Administration": 61381000.0,
        "General And Administrative Expense": NaN,
        "Other Gand A": NaN,
        "Salaries And Wages": NaN,
        "Gross Profit": 71882000.0,
        "Cost Of Revenue": 27769000.0,
        "Total Revenue": 99651000.0,
        "Operating Revenue": 99651000.0
    },
    "2024-03-31": {
        "Tax Effect Of Unusual Items": 0.0,
        "Tax Rate For Calcs": 0.21,
        "Normalized EBITDA": 144000.0,
        "Total Unusual Items": NaN,
        "Total Unusual Items Excluding Goodwill": NaN,
        "Net Income From Continuing Operation Net Minority Interest": -2100000.0,
        "Reconciled Depreciation": 3973000.0,
        "Reconciled Cost Of Revenue": 28696000.0,
        "EBITDA": 144000.0,
        "EBIT": -3829000.0,
        "Net Interest Income": -514000.0,
        "Interest Expense": 514000.0,
        "Normalized Income": -2100000.0,
        "Net Income From Continuing And Discontinued Operation": -2100000.0,
        "Total Expenses": 113828000.0,
        "Total Operating Income As Reported": -3852000.0,
        "Diluted Average Shares": 131861772.0,
        "Basic Average Shares": 131861772.0,
        "Diluted EPS": -0.02,
        "Basic EPS": -0.02,
        "Diluted NI Availto Com Stockholders": -2100000.0,
        "Net Income Common Stockholders": -2100000.0,
        "Net Income": -2100000.0,
        "Net Income Including Noncontrolling Interests": -2100000.0,
        "Net Income Continuous Operations": -2100000.0,
        "Tax Provision": -2243000.0,
        "Pretax Income": -4343000.0,
        "Other Income Expense": 23000.0,
        "Other Non Operating Income Expenses": 23000.0,
        "Special Income Charges": NaN,
        "Write Off": NaN,
        "Impairment Of Capital Assets": NaN,
        "Net Non Operating Interest Income Expense": -514000.0,
        "Interest Expense Non Operating": 514000.0,
        "Operating Income": -3852000.0,
        "Operating Expense": 85132000.0,
        "Research And Development": 12810000.0,
        "Selling General And Administration": 72322000.0,
        "General And Administrative Expense": NaN,
        "Other Gand A": NaN,
        "Salaries And Wages": NaN,
        "Gross Profit": 81280000.0,
        "Cost Of Revenue": 28696000.0,
        "Total Revenue": 109976000.0,
        "Operating Revenue": 109976000.0
    },
    "2024-06-30": {
        "Tax Effect Of Unusual Items": -4788210.0,
        "Tax Rate For Calcs": 0.21,
        "Normalized EBITDA": 13081000.0,
        "Total Unusual Items": -22801000.0,
        "Total Unusual Items Excluding Goodwill": -22801000.0,
        "Net Income From Continuing Operation Net Minority Interest": -17043000.0,
        "Reconciled Depreciation": 4200000.0,
        "Reconciled Cost Of Revenue": 29198000.0,
        "EBITDA": -9720000.0,
        "EBIT": -13920000.0,
        "Net Interest Income": -620000.0,
        "Interest Expense": 620000.0,
        "Normalized Income": 969790.0,
        "Net Income From Continuing And Discontinued Operation": -17043000.0,
        "Total Expenses": 121325000.0,
        "Total Operating Income As Reported": -13892000.0,
        "Diluted Average Shares": 132573153.0,
        "Basic Average Shares": 132573153.0,
        "Diluted EPS": -0.13,
        "Basic EPS": -0.13,
        "Diluted NI Availto Com Stockholders": -17043000.0,
        "Net Income Common Stockholders": -17043000.0,
        "Net Income": -17043000.0,
        "Net Income Including Noncontrolling Interests": -17043000.0,
        "Net Income Continuous Operations": -17043000.0,
        "Tax Provision": 2503000.0,
        "Pretax Income": -14540000.0,
        "Other Income Expense": -22829000.0,
        "Other Non Operating Income Expenses": -28000.0,
        "Special Income Charges": -22801000.0,
        "Write Off": 3959000.0,
        "Impairment Of Capital Assets": 18842000.0,
        "Net Non Operating Interest Income Expense": -620000.0,
        "Interest Expense Non Operating": 620000.0,
        "Operating Income": 8909000.0,
        "Operating Expense": 92127000.0,
        "Research And Development": 15587000.0,
        "Selling General And Administration": 76540000.0,
        "General And Administrative Expense": NaN,
        "Other Gand A": NaN,
        "Salaries And Wages": NaN,
        "Gross Profit": 101036000.0,
        "Cost Of Revenue": 29198000.0,
        "Total Revenue": 130234000.0,
        "Operating Revenue": 130234000.0
    },
    "2024-09-30": {
        "Tax Effect Of Unusual Items": 0.0,
        "Tax Rate For Calcs": 0.21,
        "Normalized EBITDA": 10698000.0,
        "Total Unusual Items": 0.0,
        "Total Unusual Items Excluding Goodwill": 0.0,
        "Net Income From Continuing Operation Net Minority Interest": 12331000.0,
        "Reconciled Depreciation": 4404000.0,
        "Reconciled Cost Of Revenue": 26796000.0,
        "EBITDA": 10698000.0,
        "EBIT": 6294000.0,
        "Net Interest Income": -471000.0,
        "Interest Expense": 471000.0,
        "Normalized Income": 12331000.0,
        "Net Income From Continuing And Discontinued Operation": 12331000.0,
        "Total Expenses": 108935000.0,
        "Total Operating Income As Reported": 6242000.0,
        "Diluted Average Shares": 133926755.0,
        "Basic Average Shares": 132575301.0,
        "Diluted EPS": 0.09,
        "Basic EPS": 0.09,
        "Diluted NI Availto Com Stockholders": 12331000.0,
        "Net Income Common Stockholders": 12331000.0,
        "Net Income": 12331000.0,
        "Net Income Including Noncontrolling Interests": 12331000.0,
        "Net Income Continuous Operations": 12331000.0,
        "Tax Provision": -6508000.0,
        "Pretax Income": 5823000.0,
        "Other Income Expense": 52000.0,
        "Other Non Operating Income Expenses": 52000.0,
        "Special Income Charges": 0.0,
        "Write Off": 0.0,
        "Impairment Of Capital Assets": 0.0,
        "Net Non Operating Interest Income Expense": -471000.0,
        "Interest Expense Non Operating": 471000.0,
        "Operating Income": 6242000.0,
        "Operating Expense": 82139000.0,
        "Research And Development": 10344000.0,
        "Selling General And Administration": 71795000.0,
        "General And Administrative Expense": NaN,
        "Other Gand A": NaN,
        "Salaries And Wages": NaN,
        "Gross Profit": 88381000.0,
        "Cost Of Revenue": 26796000.0,
        "Total Revenue": 115177000.0,
        "Operating Revenue": 115177000.0
    }
}