{
    "2023-06-30": {
        "Tax Effect Of Unusual Items": 921294.0,
        "Tax Rate For Calcs": 0.141,
        "Normalized EBITDA": 2392000.0,
        "Total Unusual Items": 6534000.0,
        "Total Unusual Items Excluding Goodwill": 6534000.0,
        "Net Income From Continuing Operation Net Minority Interest": -255000.0,
        "Reconciled Depreciation": 6596000.0,
        "Reconciled Cost Of Revenue": 162314000.0,
        "EBITDA": 8926000.0,
        "EBIT": 2330000.0,
        "Net Interest Income": -2586000.0,
        "Interest Expense": 2627000.0,
        "Interest Income": 41000.0,
        "Normalized Income": -5867706.0,
        "Net Income From Continuing And Discontinued Operation": -255000.0,
        "Total Expenses": 187029000.0,
        "Total Operating Income As Reported": 2039000.0,
        "Diluted Average Shares": 32290392.0,
        "Basic Average Shares": 32290392.0,
        "Diluted EPS": -0.01,
        "Basic EPS": -0.01,
        "Diluted NI Availto Com Stockholders": -255000.0,
        "Net Income Common Stockholders": -255000.0,
        "Net Income": -255000.0,
        "Net Income Including Noncontrolling Interests": -255000.0,
        "Net Income Continuous Operations": -255000.0,
        "Tax Provision": -42000.0,
        "Pretax Income": -297000.0,
        "Other Income Expense": 6784000.0,
        "Other Non Operating Income Expenses": 250000.0,
        "Special Income Charges": 6534000.0,
        "Gain On Sale Of Ppe": 6534000.0,
        "Net Non Operating Interest Income Expense": -2586000.0,
        "Interest Expense Non Operating": 2627000.0,
        "Interest Income Non Operating": 41000.0,
        "Operating Income": -4495000.0,
        "Operating Expense": 18281000.0,
        "Depreciation Amortization Depletion Income Statement": 162000.0,
        "Depreciation And Amortization In Income Statement": 162000.0,
        "Amortization": 162000.0,
        "Amortization Of Intangibles Income Statement": 162000.0,
        "Selling General And Administration": 18119000.0,
        "Gross Profit": 13786000.0,
        "Cost Of Revenue": 168748000.0,
        "Total Revenue": 182534000.0,
        "Operating Revenue": 182534000.0
    },
    "2023-03-31": {
        "Tax Effect Of Unusual Items": 146160.0,
        "Tax Rate For Calcs": 0.21,
        "Normalized EBITDA": -4361000.0,
        "Total Unusual Items": 696000.0,
        "Total Unusual Items Excluding Goodwill": 696000.0,
        "Net Income From Continuing Operation Net Minority Interest": -12595000.0,
        "Reconciled Depreciation": 6657000.0,
        "Reconciled Cost Of Revenue": 146839000.0,
        "EBITDA": -3665000.0,
        "EBIT": -10322000.0,
        "Net Interest Income": -1605000.0,
        "Interest Expense": 1633000.0,
        "Interest Income": 28000.0,
        "Normalized Income": -13144840.0,
        "Net Income From Continuing And Discontinued Operation": -12595000.0,
        "Total Expenses": 170513000.0,
        "Total Operating Income As Reported": -10643000.0,
        "Diluted Average Shares": 32180274.0,
        "Basic Average Shares": 32180274.0,
        "Diluted EPS": -0.39,
        "Basic EPS": -0.39,
        "Diluted NI Availto Com Stockholders": -12595000.0,
        "Net Income Common Stockholders": -12595000.0,
        "Net Income": -12595000.0,
        "Net Income Including Noncontrolling Interests": -12595000.0,
        "Net Income Continuous Operations": -12595000.0,
        "Tax Provision": 640000.0,
        "Pretax Income": -11955000.0,
        "Other Income Expense": 989000.0,
        "Other Non Operating Income Expenses": 293000.0,
        "Special Income Charges": 696000.0,
        "Gain On Sale Of Ppe": 696000.0,
        "Net Non Operating Interest Income Expense": -1605000.0,
        "Interest Expense Non Operating": 1633000.0,
        "Interest Income Non Operating": 28000.0,
        "Operating Income": -11339000.0,
        "Operating Expense": 17179000.0,
        "Depreciation Amortization Depletion Income Statement": 162000.0,
        "Depreciation And Amortization In Income Statement": 162000.0,
        "Amortization": 162000.0,
        "Amortization Of Intangibles Income Statement": 162000.0,
        "Selling General And Administration": 17017000.0,
        "Gross Profit": 5840000.0,
        "Cost Of Revenue": 153334000.0,
        "Total Revenue": 159174000.0,
        "Operating Revenue": 159174000.0
    },
    "2022-12-31": {
        "Tax Effect Of Unusual Items": 85890.0,
        "Tax Rate For Calcs": 0.21,
        "Normalized EBITDA": 3050000.0,
        "Total Unusual Items": 409000.0,
        "Total Unusual Items Excluding Goodwill": 409000.0,
        "Net Income From Continuing Operation Net Minority Interest": -4949000.0,
        "Reconciled Depreciation": 6832000.0,
        "Reconciled Cost Of Revenue": 179510000.0,
        "EBITDA": 3459000.0,
        "EBIT": -3373000.0,
        "Net Interest Income": -1510000.0,
        "Interest Expense": 1543000.0,
        "Interest Income": 33000.0,
        "Normalized Income": -5272110.0,
        "Net Income From Continuing And Discontinued Operation": -4949000.0,
        "Total Expenses": 200062000.0,
        "Total Operating Income As Reported": -3458000.0,
        "Diluted Average Shares": 32060822.0,
        "Basic Average Shares": 32060822.0,
        "Diluted EPS": -0.15,
        "Basic EPS": -0.15,
        "Diluted NI Availto Com Stockholders": -4949000.0,
        "Net Income Common Stockholders": -4949000.0,
        "Net Income": -4949000.0,
        "Net Income Including Noncontrolling Interests": -4949000.0,
        "Net Income Continuous Operations": -4949000.0,
        "Tax Provision": 33000.0,
        "Pretax Income": -4916000.0,
        "Other Income Expense": 461000.0,
        "Other Non Operating Income Expenses": 52000.0,
        "Special Income Charges": 409000.0,
        "Gain On Sale Of Ppe": 409000.0,
        "Net Non Operating Interest Income Expense": -1510000.0,
        "Interest Expense Non Operating": 1543000.0,
        "Interest Income Non Operating": 33000.0,
        "Operating Income": -3867000.0,
        "Operating Expense": 14030000.0,
        "Depreciation Amortization Depletion Income Statement": 310000.0,
        "Depreciation And Amortization In Income Statement": 310000.0,
        "Amortization": 310000.0,
        "Amortization Of Intangibles Income Statement": 310000.0,
        "Selling General And Administration": 13720000.0,
        "Gross Profit": 10163000.0,
        "Cost Of Revenue": 186032000.0,
        "Total Revenue": 196195000.0,
        "Operating Revenue": 196195000.0
    },
    "2022-09-30": {
        "Tax Effect Of Unusual Items": 0.0,
        "Tax Rate For Calcs": 0.0,
        "Normalized EBITDA": -1864000.0,
        "Total Unusual Items": 3388000.0,
        "Total Unusual Items Excluding Goodwill": 3388000.0,
        "Net Income From Continuing Operation Net Minority Interest": 247000.0,
        "Reconciled Depreciation": 309000.0,
        "Reconciled Cost Of Revenue": 169189000.0,
        "EBITDA": 1524000.0,
        "EBIT": 1215000.0,
        "Net Interest Income": -1179000.0,
        "Interest Expense": 1215000.0,
        "Interest Income": 36000.0,
        "Normalized Income": -3141000.0,
        "Net Income From Continuing And Discontinued Operation": 247000.0,
        "Total Expenses": 184878000.0,
        "Total Operating Income As Reported": 1131000.0,
        "Diluted Average Shares": 31613519.0,
        "Basic Average Shares": 31613519.0,
        "Diluted EPS": 0.01,
        "Basic EPS": 0.01,
        "Diluted NI Availto Com Stockholders": 247000.0,
        "Net Income Common Stockholders": 247000.0,
        "Net Income": 247000.0,
        "Net Income Including Noncontrolling Interests": 247000.0,
        "Net Income Continuous Operations": 247000.0,
        "Tax Provision": -247000.0,
        "Pretax Income": 0.0,
        "Other Income Expense": 3436000.0,
        "Other Non Operating Income Expenses": 48000.0,
        "Special Income Charges": 3388000.0,
        "Gain On Sale Of Ppe": 3388000.0,
        "Net Non Operating Interest Income Expense": -1179000.0,
        "Interest Expense Non Operating": 1215000.0,
        "Interest Income Non Operating": 36000.0,
        "Operating Income": -2257000.0,
        "Operating Expense": 15689000.0,
        "Depreciation Amortization Depletion Income Statement": 309000.0,
        "Depreciation And Amortization In Income Statement": 309000.0,
        "Amortization": 309000.0,
        "Amortization Of Intangibles Income Statement": 309000.0,
        "Selling General And Administration": 15380000.0,
        "Gross Profit": 13432000.0,
        "Cost Of Revenue": 169189000.0,
        "Total Revenue": 182621000.0,
        "Operating Revenue": 182621000.0
    },
    "2022-06-30": {
        "Tax Effect Of Unusual Items": 66248.0,
        "Tax Rate For Calcs": 0.182,
        "Normalized EBITDA": 4240000.0,
        "Total Unusual Items": 364000.0,
        "Total Unusual Items Excluding Goodwill": 364000.0,
        "Net Income From Continuing Operation Net Minority Interest": -3054000.0,
        "Reconciled Depreciation": 7381000.0,
        "Reconciled Cost Of Revenue": 173173000.0,
        "EBITDA": 4604000.0,
        "EBIT": -2777000.0,
        "Net Interest Income": -942000.0,
        "Interest Expense": 958000.0,
        "Interest Income": 16000.0,
        "Normalized Income": -3351752.0,
        "Net Income From Continuing And Discontinued Operation": -3054000.0,
        "Total Expenses": 197787000.0,
        "Total Operating Income As Reported": -2848000.0,
        "Diluted Average Shares": 30949298.0,
        "Basic Average Shares": 30949298.0,
        "Diluted EPS": -0.1,
        "Basic EPS": -0.1,
        "Diluted NI Availto Com Stockholders": -3054000.0,
        "Net Income Common Stockholders": -3054000.0,
        "Net Income": -3054000.0,
        "Net Income Including Noncontrolling Interests": -3054000.0,
        "Net Income Continuous Operations": -3054000.0,
        "Tax Provision": -681000.0,
        "Pretax Income": -3735000.0,
        "Other Income Expense": 419000.0,
        "Other Non Operating Income Expenses": 55000.0,
        "Special Income Charges": 364000.0,
        "Gain On Sale Of Ppe": 364000.0,
        "Net Non Operating Interest Income Expense": -942000.0,
        "Interest Expense Non Operating": 958000.0,
        "Interest Income Non Operating": 16000.0,
        "Operating Income": -3212000.0,
        "Operating Expense": 17543000.0,
        "Depreciation Amortization Depletion Income Statement": 310000.0,
        "Depreciation And Amortization In Income Statement": 310000.0,
        "Amortization": 310000.0,
        "Amortization Of Intangibles Income Statement": 310000.0,
        "Selling General And Administration": 17233000.0,
        "Gross Profit": 14331000.0,
        "Cost Of Revenue": 180244000.0,
        "Total Revenue": 194575000.0,
        "Operating Revenue": 194575000.0
    },
    "2022-03-31": {
        "Diluted EPS": -0.16,
        "Total Revenue": 175,
        "Gross Profit": 13,
        "Operating Income": -3,
        "EBIT": 5,
        "Net Income": -5
    },
    "2021-12-31": {
        "Diluted EPS": -0.28,
        "Total Revenue": 162,
        "Gross Profit": 7,
        "Operating Income": -8,
        "EBIT": -1,
        "Net Income": -9
    },
    "2021-09-30": {
        "Diluted EPS": -0.33,
        "Total Revenue": 140,
        "Gross Profit": 7,
        "Operating Income": -9,
        "EBIT": -1,
        "Net Income": -10
    },
    "2021-06-30": {
        "Diluted EPS": 0.11,
        "Total Revenue": 146,
        "Gross Profit": 12,
        "Operating Income": 6,
        "EBIT": 14,
        "Net Income": 4
    },
    "2021-03-31": {
        "Diluted EPS": 0.03,
        "Total Revenue": 153,
        "Gross Profit": 15,
        "Operating Income": 2,
        "EBIT": 10,
        "Net Income": 1
    },
    "2020-12-31": {
        "Diluted EPS": 0.12,
        "Total Revenue": 170,
        "Gross Profit": 22,
        "Operating Income": 5,
        "EBIT": 13,
        "Net Income": 4
    },
    "2020-09-30": {
        "Diluted EPS": 0.39,
        "Total Revenue": 189,
        "Gross Profit": 23,
        "Operating Income": 13,
        "EBIT": 21,
        "Net Income": 12
    },
    "2020-06-30": {
        "Diluted EPS": 0.07,
        "Total Revenue": 184,
        "Gross Profit": 21,
        "Operating Income": 4,
        "EBIT": 13,
        "Net Income": 2
    },
    "2020-03-31": {
        "Diluted EPS": 0.09,
        "Total Revenue": 167,
        "Gross Profit": 20,
        "Operating Income": 4,
        "EBIT": 13,
        "Net Income": 3
    },
    "2019-12-31": {
        "Diluted EPS": 0.01,
        "Total Revenue": 200,
        "Gross Profit": 19,
        "Operating Income": 3,
        "EBIT": 11,
        "Net Income": 0
    },
    "2019-09-30": {
        "Diluted EPS": 0.14,
        "Total Revenue": 200,
        "Gross Profit": 21,
        "Operating Income": 6,
        "EBIT": 15,
        "Net Income": 4
    },
    "2019-06-30": {
        "Diluted EPS": -0.06,
        "Total Revenue": 166,
        "Gross Profit": 15,
        "Operating Income": 0,
        "EBIT": 8,
        "Net Income": -2
    },
    "2019-03-31": {
        "Diluted EPS": -0.27,
        "Total Revenue": 143,
        "Gross Profit": 9,
        "Operating Income": -6,
        "EBIT": 2,
        "Net Income": -8
    },
    "2018-12-31": {
        "Diluted EPS": -3.31,
        "Total Revenue": 99,
        "Gross Profit": -23,
        "Operating Income": -105,
        "EBIT": -25,
        "Net Income": -94
    },
    "2018-09-30": {
        "Diluted EPS": -0.22,
        "Total Revenue": 125,
        "Gross Profit": 5,
        "Operating Income": -7,
        "EBIT": 0,
        "Net Income": -6
    },
    "2018-06-30": {
        "Diluted EPS": 0.08,
        "Total Revenue": 160,
        "Gross Profit": 19,
        "Operating Income": 5,
        "EBIT": 12,
        "Net Income": 2
    },
    "2018-03-31": {
        "Diluted EPS": 0.14,
        "Total Revenue": 137,
        "Gross Profit": 16,
        "Operating Income": 7,
        "EBIT": 14,
        "Net Income": 4
    },
    "2017-12-31": {
        "Diluted EPS": 0.34,
        "Total Revenue": 162,
        "Gross Profit": 23,
        "Operating Income": 11,
        "EBIT": 18,
        "Net Income": 10
    },
    "2017-09-30": {
        "Diluted EPS": -0.18,
        "Total Revenue": 140,
        "Gross Profit": 11,
        "Operating Income": -5,
        "EBIT": 2,
        "Net Income": -5
    },
    "2017-06-30": {
        "Diluted EPS": -0.08,
        "Total Revenue": 137,
        "Gross Profit": 15,
        "Operating Income": -2,
        "EBIT": 5,
        "Net Income": -2
    },
    "2017-03-31": {
        "Diluted EPS": -0.07,
        "Total Revenue": 139,
        "Gross Profit": 13,
        "Operating Income": -1,
        "EBIT": 6,
        "Net Income": -2
    },
    "2016-12-31": {
        "Diluted EPS": -0.23,
        "Total Revenue": 144,
        "Gross Profit": 12,
        "Operating Income": -5,
        "EBIT": 3,
        "Net Income": -6
    },
    "2016-09-30": {
        "Diluted EPS": 0.17,
        "Total Revenue": 164,
        "Gross Profit": 24,
        "Operating Income": 10,
        "EBIT": 18,
        "Net Income": 5
    },
    "2016-06-30": {
        "Diluted EPS": -0.03,
        "Total Revenue": 140,
        "Gross Profit": 17,
        "Operating Income": 0,
        "EBIT": 9,
        "Net Income": -1
    },
    "2016-03-31": {
        "Diluted EPS": -0.04,
        "Total Revenue": 130,
        "Gross Profit": 15,
        "Operating Income": 0,
        "EBIT": 8,
        "Net Income": -1
    },
    "2015-12-31": {
        "Diluted EPS": 0.06,
        "Total Revenue": 162,
        "Gross Profit": 17,
        "Operating Income": 3,
        "EBIT": 13,
        "Net Income": 1
    },
    "2015-09-30": {
        "Diluted EPS": -0.27,
        "Total Revenue": 137,
        "Gross Profit": 8,
        "Operating Income": -8,
        "EBIT": 0,
        "Net Income": -7
    },
    "2015-06-30": {
        "Diluted EPS": -0.07,
        "Total Revenue": 86,
        "Gross Profit": 6,
        "Operating Income": -3,
        "EBIT": 2,
        "Net Income": -2
    },
    "2015-03-31": {
        "Diluted EPS": -0.01,
        "Total Revenue": 81,
        "Gross Profit": 8,
        "Operating Income": 0,
        "EBIT": 5,
        "Net Income": 0
    },
    "2014-12-31": {
        "Diluted EPS": 0.19,
        "Total Revenue": 107,
        "Gross Profit": 18,
        "Operating Income": 8,
        "EBIT": 14,
        "Net Income": 5
    },
    "2014-09-30": {
        "Diluted EPS": 0.11,
        "Total Revenue": 107,
        "Gross Profit": 13,
        "Operating Income": 5,
        "EBIT": 11,
        "Net Income": 3
    },
    "2014-06-30": {
        "Diluted EPS": -0.04,
        "Total Revenue": 90,
        "Gross Profit": 6,
        "Operating Income": -2,
        "EBIT": 3,
        "Net Income": -1
    },
    "2014-03-31": {
        "Diluted EPS": -0.01,
        "Total Revenue": 81,
        "Gross Profit": 8,
        "Operating Income": 0,
        "EBIT": 5,
        "Net Income": 0
    },
    "2013-12-31": {
        "Diluted EPS": 0.07,
        "Total Revenue": 106,
        "Gross Profit": 13,
        "Operating Income": 4,
        "EBIT": 9,
        "Net Income": 2
    },
    "2013-09-30": {
        "Diluted EPS": -0.03,
        "Total Revenue": 89,
        "Gross Profit": 6,
        "Operating Income": -2,
        "EBIT": 3,
        "Net Income": -1
    },
    "2013-06-30": {
        "Diluted EPS": 0.01,
        "Total Revenue": 84,
        "Gross Profit": 8,
        "Operating Income": 0,
        "EBIT": 5,
        "Net Income": 0
    },
    "2013-03-31": {
        "Diluted EPS": -0.04,
        "Total Revenue": 75,
        "Gross Profit": 6,
        "Operating Income": -2,
        "EBIT": 4,
        "Net Income": -1
    },
    "2012-12-31": {
        "Diluted EPS": 0.05,
        "Total Revenue": 99,
        "Gross Profit": 13,
        "Operating Income": 6,
        "EBIT": 11,
        "Net Income": 1
    },
    "2012-09-30": {
        "Diluted EPS": -0.06,
        "Total Revenue": 75,
        "Gross Profit": 5,
        "Operating Income": -2,
        "EBIT": 3,
        "Net Income": -2
    },
    "2012-06-30": {
        "Diluted EPS": -0.2,
        "Total Revenue": 67,
        "Gross Profit": 0,
        "Operating Income": -8,
        "EBIT": -2,
        "Net Income": -5
    },
    "2012-03-31": {
        "Diluted EPS": -0.23,
        "Total Revenue": 51,
        "Gross Profit": -3,
        "Operating Income": -10,
        "EBIT": -5,
        "Net Income": -6
    },
    "2011-12-31": {
        "Diluted EPS": -0.2,
        "Total Revenue": 55,
        "Gross Profit": 0,
        "Operating Income": -7,
        "EBIT": -2,
        "Net Income": -5
    },
    "2011-09-30": {
        "Diluted EPS": -0.23,
        "Total Revenue": 55,
        "Gross Profit": -2,
        "Operating Income": -9,
        "EBIT": -3,
        "Net Income": -6
    },
    "2011-06-30": {
        "Diluted EPS": -0.12,
        "Total Revenue": 71,
        "Gross Profit": 2,
        "Operating Income": -5,
        "EBIT": 0,
        "Net Income": -3
    },
    "2011-03-31": {
        "Diluted EPS": 0.06,
        "Total Revenue": 79,
        "Gross Profit": 10,
        "Operating Income": 2,
        "EBIT": 8,
        "Net Income": 2
    },
    "2010-12-31": {
        "Diluted EPS": 0.11,
        "Total Revenue": 90,
        "Gross Profit": 11,
        "Operating Income": 4,
        "EBIT": 9,
        "Net Income": 3
    },
    "2010-09-30": {
        "Diluted EPS": 0.26,
        "Total Revenue": 100,
        "Gross Profit": 18,
        "Operating Income": 11,
        "EBIT": 16,
        "Net Income": 7
    },
    "2010-06-30": {
        "Diluted EPS": 0.26,
        "Total Revenue": 87,
        "Gross Profit": 20,
        "Operating Income": 11,
        "EBIT": 16,
        "Net Income": 7
    },
    "2010-03-31": {
        "Diluted EPS": 0.18,
        "Total Revenue": 76,
        "Gross Profit": 16,
        "Operating Income": 5,
        "EBIT": 10,
        "Net Income": 5
    },
    "2009-12-31": {
        "Diluted EPS": 0.14,
        "Total Revenue": 71,
        "Gross Profit": 14,
        "Operating Income": 6,
        "EBIT": 10,
        "Net Income": 4
    },
    "2009-09-30": {
        "Diluted EPS": 0.22,
        "Total Revenue": 81,
        "Gross Profit": 16,
        "Operating Income": 8,
        "EBIT": 13,
        "Net Income": 5
    },
    "2009-06-30": {
        "Diluted EPS": 0.28,
        "Total Revenue": 71,
        "Gross Profit": 19,
        "Operating Income": 10,
        "EBIT": 15,
        "Net Income": 6
    },
    "2009-03-31": {
        "Diluted EPS": 0.2,
        "Total Revenue": 70,
        "Gross Profit": 14,
        "Operating Income": 7,
        "EBIT": 12,
        "Net Income": 4
    },
    "2023-09-30": {
        "Tax Effect Of Unusual Items": 107545.0,
        "Tax Rate For Calcs": 0.157,
        "Normalized EBITDA": 10031000.0,
        "Total Unusual Items": 685000.0,
        "Total Unusual Items Excluding Goodwill": 685000.0,
        "Net Income From Continuing Operation Net Minority Interest": -660000.0,
        "Reconciled Depreciation": 8085000.0,
        "Reconciled Cost Of Revenue": 141380000.0,
        "EBITDA": 10716000.0,
        "EBIT": 2631000.0,
        "Net Interest Income": -3393000.0,
        "Interest Expense": 3414000.0,
        "Interest Income": 21000.0,
        "Normalized Income": -1237455.0,
        "Net Income From Continuing And Discontinued Operation": -660000.0,
        "Total Expenses": 166600000.0,
        "Total Operating Income As Reported": 2561000.0,
        "Diluted Average Shares": 32384446.0,
        "Basic Average Shares": 32384446.0,
        "Diluted EPS": -0.02,
        "Basic EPS": -0.02,
        "Diluted NI Availto Com Stockholders": -660000.0,
        "Net Income Common Stockholders": -660000.0,
        "Net Income": -660000.0,
        "Net Income Including Noncontrolling Interests": -660000.0,
        "Net Income Continuous Operations": -660000.0,
        "Tax Provision": -123000.0,
        "Pretax Income": -783000.0,
        "Other Income Expense": 734000.0,
        "Other Non Operating Income Expenses": 49000.0,
        "Special Income Charges": 685000.0,
        "Gain On Sale Of Ppe": 685000.0,
        "Net Non Operating Interest Income Expense": -3393000.0,
        "Interest Expense Non Operating": 3414000.0,
        "Interest Income Non Operating": 21000.0,
        "Operating Income": 1876000.0,
        "Operating Expense": 17194000.0,
        "Depreciation Amortization Depletion Income Statement": 59000.0,
        "Depreciation And Amortization In Income Statement": 59000.0,
        "Amortization": 59000.0,
        "Amortization Of Intangibles Income Statement": 59000.0,
        "Selling General And Administration": 17135000.0,
        "Gross Profit": 19070000.0,
        "Cost Of Revenue": 149406000.0,
        "Total Revenue": 168476000.0,
        "Operating Revenue": 168476000.0
    },
    "2023-12-31": {
        "Tax Effect Of Unusual Items": -204157.427938,
        "Tax Rate For Calcs": 0.032151,
        "Normalized EBITDA": 15128000.0,
        "Total Unusual Items": -6350000.0,
        "Total Unusual Items Excluding Goodwill": -6350000.0,
        "Net Income From Continuing Operation Net Minority Interest": -4365000.0,
        "Reconciled Depreciation": 9303000.0,
        "Reconciled Cost Of Revenue": 169368000.0,
        "EBITDA": 8778000.0,
        "EBIT": -525000.0,
        "Net Interest Income": -3972000.0,
        "Interest Expense": 3985000.0,
        "Interest Income": 13000.0,
        "Normalized Income": 1780842.572062,
        "Net Income From Continuing And Discontinued Operation": -4365000.0,
        "Total Expenses": 195831000.0,
        "Total Operating Income As Reported": -587000.0,
        "Diluted Average Shares": NaN,
        "Basic Average Shares": NaN,
        "Diluted EPS": NaN,
        "Basic EPS": NaN,
        "Diluted NI Availto Com Stockholders": -4365000.0,
        "Net Income Common Stockholders": -4365000.0,
        "Net Income": -4365000.0,
        "Net Income Including Noncontrolling Interests": -4365000.0,
        "Net Income Continuous Operations": -4365000.0,
        "Tax Provision": -145000.0,
        "Pretax Income": -4510000.0,
        "Other Income Expense": -6301000.0,
        "Other Non Operating Income Expenses": 49000.0,
        "Special Income Charges": -6350000.0,
        "Gain On Sale Of Ppe": 540000.0,
        "Net Non Operating Interest Income Expense": -3972000.0,
        "Interest Expense Non Operating": 3985000.0,
        "Interest Income Non Operating": 13000.0,
        "Operating Income": 5763000.0,
        "Operating Expense": 17204000.0,
        "Depreciation Amortization Depletion Income Statement": 44000.0,
        "Depreciation And Amortization In Income Statement": 44000.0,
        "Amortization": 44000.0,
        "Amortization Of Intangibles Income Statement": 44000.0,
        "Selling General And Administration": 17160000.0,
        "Gross Profit": 22967000.0,
        "Cost Of Revenue": 178627000.0,
        "Total Revenue": 201594000.0,
        "Operating Revenue": 201594000.0
    }
}