{
    "2023-06-30": {
        "Tax Effect Of Unusual Items": 0.0,
        "Tax Rate For Calcs": 0.206,
        "Total Unusual Items": NaN,
        "Total Unusual Items Excluding Goodwill": NaN,
        "Net Income From Continuing Operation Net Minority Interest": 9838000.0,
        "Reconciled Depreciation": 1051000.0,
        "Net Interest Income": 26375000.0,
        "Interest Expense": 10526000.0,
        "Interest Income": 36901000.0,
        "Normalized Income": 9838000.0,
        "Net Income From Continuing And Discontinued Operation": 9838000.0,
        "Diluted Average Shares": 10421000.0,
        "Basic Average Shares": 10336000.0,
        "Diluted EPS": 0.94,
        "Basic EPS": 0.95,
        "Diluted NI Availto Com Stockholders": 9838000.0,
        "Net Income Common Stockholders": 9838000.0,
        "Net Income": 9838000.0,
        "Net Income Including Noncontrolling Interests": 9838000.0,
        "Net Income Continuous Operations": 9838000.0,
        "Tax Provision": 2547000.0,
        "Pretax Income": 12385000.0,
        "Special Income Charges": NaN,
        "Other Special Charges": NaN,
        "Restructuring And Mergern Acquisition": NaN,
        "Gain On Sale Of Security": -2000.0,
        "Depreciation Amortization Depletion Income Statement": 239000.0,
        "Depreciation And Amortization In Income Statement": 239000.0,
        "Amortization": 239000.0,
        "Amortization Of Intangibles Income Statement": 239000.0,
        "Selling General And Administration": 14713000.0,
        "Selling And Marketing Expense": 919000.0,
        "General And Administrative Expense": 13794000.0,
        "Insurance And Claims": 519000.0,
        "Salaries And Wages": 13275000.0,
        "Total Revenue": 33225000.0,
        "Operating Revenue": 33225000.0
    },
    "2023-03-31": {
        "Tax Effect Of Unusual Items": 0.0,
        "Tax Rate For Calcs": 0.196,
        "Total Unusual Items": NaN,
        "Total Unusual Items Excluding Goodwill": NaN,
        "Net Income From Continuing Operation Net Minority Interest": 9156000.0,
        "Reconciled Depreciation": 1063000.0,
        "Net Interest Income": 26294000.0,
        "Interest Expense": 7983000.0,
        "Interest Income": 34277000.0,
        "Normalized Income": 9156000.0,
        "Net Income From Continuing And Discontinued Operation": 9156000.0,
        "Diluted Average Shares": 10496000.0,
        "Basic Average Shares": 10385000.0,
        "Diluted EPS": 0.87,
        "Basic EPS": 0.88,
        "Diluted NI Availto Com Stockholders": 9156000.0,
        "Net Income Common Stockholders": 9156000.0,
        "Net Income": 9156000.0,
        "Net Income Including Noncontrolling Interests": 9156000.0,
        "Net Income Continuous Operations": 9156000.0,
        "Tax Provision": 2232000.0,
        "Pretax Income": 11388000.0,
        "Special Income Charges": NaN,
        "Other Special Charges": NaN,
        "Restructuring And Mergern Acquisition": NaN,
        "Gain On Sale Of Security": -8000.0,
        "Depreciation Amortization Depletion Income Statement": 250000.0,
        "Depreciation And Amortization In Income Statement": 250000.0,
        "Amortization": 250000.0,
        "Amortization Of Intangibles Income Statement": 250000.0,
        "Selling General And Administration": 13352000.0,
        "Selling And Marketing Expense": 405000.0,
        "General And Administrative Expense": 12947000.0,
        "Insurance And Claims": 504000.0,
        "Salaries And Wages": 12443000.0,
        "Total Revenue": 32074000.0,
        "Operating Revenue": 32074000.0
    },
    "2022-12-31": {
        "Tax Effect Of Unusual Items": 0.0,
        "Tax Rate For Calcs": 0.190344,
        "Total Unusual Items": 0.0,
        "Total Unusual Items Excluding Goodwill": 0.0,
        "Net Income From Continuing Operation Net Minority Interest": 9626000.0,
        "Reconciled Depreciation": 1084000.0,
        "Net Interest Income": 27484000.0,
        "Interest Expense": 4611000.0,
        "Interest Income": 32095000.0,
        "Normalized Income": 9626000.0,
        "Net Income From Continuing And Discontinued Operation": 9626000.0,
        "Diluted Average Shares": 10550000.0,
        "Basic Average Shares": 10382000.0,
        "Diluted EPS": 0.91,
        "Basic EPS": 0.93,
        "Diluted NI Availto Com Stockholders": 9626000.0,
        "Net Income Common Stockholders": 9626000.0,
        "Net Income": 9626000.0,
        "Net Income Including Noncontrolling Interests": 9626000.0,
        "Net Income Continuous Operations": 9626000.0,
        "Tax Provision": 2263000.0,
        "Pretax Income": 11889000.0,
        "Special Income Charges": 0.0,
        "Other Special Charges": 0.0,
        "Restructuring And Mergern Acquisition": 0.0,
        "Gain On Sale Of Security": 3000.0,
        "Depreciation Amortization Depletion Income Statement": 260000.0,
        "Depreciation And Amortization In Income Statement": 260000.0,
        "Amortization": 260000.0,
        "Amortization Of Intangibles Income Statement": 260000.0,
        "Selling General And Administration": 10570000.0,
        "Selling And Marketing Expense": 750000.0,
        "General And Administrative Expense": 9820000.0,
        "Insurance And Claims": 316000.0,
        "Salaries And Wages": 12914000.0,
        "Total Revenue": 33375000.0,
        "Operating Revenue": 33375000.0
    },
    "2022-09-30": {
        "Tax Effect Of Unusual Items": -3966167.369902,
        "Tax Rate For Calcs": 0.245507,
        "Total Unusual Items": -16155000.0,
        "Total Unusual Items Excluding Goodwill": -16155000.0,
        "Net Income From Continuing Operation Net Minority Interest": -4828000.0,
        "Reconciled Depreciation": 272000.0,
        "Net Interest Income": 25455000.0,
        "Interest Expense": 1964000.0,
        "Interest Income": 27419000.0,
        "Normalized Income": 7360832.630098,
        "Net Income From Continuing And Discontinued Operation": -4828000.0,
        "Diluted Average Shares": 10369000.0,
        "Basic Average Shares": 10369000.0,
        "Diluted EPS": -0.47,
        "Basic EPS": -0.47,
        "Diluted NI Availto Com Stockholders": -4828000.0,
        "Net Income Common Stockholders": -4828000.0,
        "Net Income": -4828000.0,
        "Net Income Including Noncontrolling Interests": -4828000.0,
        "Net Income Continuous Operations": -4828000.0,
        "Tax Provision": -1571000.0,
        "Pretax Income": -6399000.0,
        "Special Income Charges": -16155000.0,
        "Other Special Charges": 13000000.0,
        "Restructuring And Mergern Acquisition": 3155000.0,
        "Gain On Sale Of Security": -14000.0,
        "Depreciation Amortization Depletion Income Statement": 272000.0,
        "Depreciation And Amortization In Income Statement": 272000.0,
        "Amortization": 272000.0,
        "Amortization Of Intangibles Income Statement": 272000.0,
        "Selling General And Administration": 14469000.0,
        "Selling And Marketing Expense": 278000.0,
        "General And Administrative Expense": 14191000.0,
        "Other Gand A": 1192000.0,
        "Insurance And Claims": 294000.0,
        "Salaries And Wages": 12705000.0,
        "Total Revenue": 31513000.0,
        "Operating Revenue": 31513000.0
    },
    "2022-06-30": {
        "Tax Effect Of Unusual Items": 0.0,
        "Tax Rate For Calcs": 0.174,
        "Total Unusual Items": NaN,
        "Total Unusual Items Excluding Goodwill": NaN,
        "Net Income From Continuing Operation Net Minority Interest": 8871000.0,
        "Reconciled Depreciation": 281000.0,
        "Net Interest Income": 24118000.0,
        "Interest Expense": 1232000.0,
        "Interest Income": 25350000.0,
        "Normalized Income": 8871000.0,
        "Net Income From Continuing And Discontinued Operation": 8871000.0,
        "Diluted Average Shares": 10744000.0,
        "Basic Average Shares": 10610000.0,
        "Diluted EPS": 0.83,
        "Basic EPS": 0.84,
        "Diluted NI Availto Com Stockholders": 8871000.0,
        "Net Income Common Stockholders": 8871000.0,
        "Net Income": 8871000.0,
        "Net Income Including Noncontrolling Interests": 8871000.0,
        "Net Income Continuous Operations": 8871000.0,
        "Tax Provision": 1872000.0,
        "Pretax Income": 10743000.0,
        "Special Income Charges": NaN,
        "Other Special Charges": NaN,
        "Restructuring And Mergern Acquisition": NaN,
        "Gain On Sale Of Security": -3000.0,
        "Depreciation Amortization Depletion Income Statement": 281000.0,
        "Depreciation And Amortization In Income Statement": 281000.0,
        "Amortization": 281000.0,
        "Amortization Of Intangibles Income Statement": 281000.0,
        "Selling General And Administration": 13548000.0,
        "Selling And Marketing Expense": 881000.0,
        "General And Administrative Expense": 12667000.0,
        "Other Gand A": 1165000.0,
        "Insurance And Claims": 190000.0,
        "Salaries And Wages": 11312000.0,
        "Total Revenue": 31312000.0,
        "Operating Revenue": 31312000.0
    },
    "2022-03-31": {
        "Diluted EPS": 0.76,
        "Total Revenue": 31,
        "Gross Profit": 30,
        "Operating Income": 10,
        "EBIT": NaN,
        "Net Income": 8
    },
    "2021-12-31": {
        "Diluted EPS": 0.6,
        "Total Revenue": 31,
        "Gross Profit": 30,
        "Operating Income": 9,
        "EBIT": NaN,
        "Net Income": 7
    },
    "2021-09-30": {
        "Diluted EPS": 0.65,
        "Total Revenue": 30,
        "Gross Profit": 28,
        "Operating Income": 9,
        "EBIT": NaN,
        "Net Income": 7
    },
    "2021-06-30": {
        "Diluted EPS": 0.79,
        "Total Revenue": 30,
        "Gross Profit": 29,
        "Operating Income": 11,
        "EBIT": NaN,
        "Net Income": 9
    },
    "2021-03-31": {
        "Diluted EPS": 0.92,
        "Total Revenue": 31,
        "Gross Profit": 29,
        "Operating Income": 13,
        "EBIT": NaN,
        "Net Income": 10
    },
    "2020-12-31": {
        "Diluted EPS": 0.91,
        "Total Revenue": 34,
        "Gross Profit": 31,
        "Operating Income": 11,
        "EBIT": NaN,
        "Net Income": 10
    },
    "2020-09-30": {
        "Diluted EPS": 0.45,
        "Total Revenue": 31,
        "Gross Profit": 28,
        "Operating Income": 8,
        "EBIT": NaN,
        "Net Income": 5
    },
    "2020-06-30": {
        "Diluted EPS": 0.58,
        "Total Revenue": 32,
        "Gross Profit": 28,
        "Operating Income": 8,
        "EBIT": NaN,
        "Net Income": 6
    },
    "2020-03-31": {
        "Diluted EPS": 0.46,
        "Total Revenue": 31,
        "Gross Profit": 25,
        "Operating Income": 6,
        "EBIT": NaN,
        "Net Income": 5
    },
    "2019-12-31": {
        "Diluted EPS": 0.4,
        "Total Revenue": 31,
        "Gross Profit": 25,
        "Operating Income": 6,
        "EBIT": NaN,
        "Net Income": 4
    },
    "2019-09-30": {
        "Diluted EPS": 0.62,
        "Total Revenue": 33,
        "Gross Profit": 27,
        "Operating Income": 9,
        "EBIT": NaN,
        "Net Income": 7
    },
    "2019-06-30": {
        "Diluted EPS": 0.26,
        "Total Revenue": 32,
        "Gross Profit": 26,
        "Operating Income": 10,
        "EBIT": NaN,
        "Net Income": 3
    },
    "2019-03-31": {
        "Diluted EPS": 0.33,
        "Total Revenue": 25,
        "Gross Profit": 20,
        "Operating Income": 4,
        "EBIT": NaN,
        "Net Income": 3
    },
    "2018-12-31": {
        "Diluted EPS": 0.09,
        "Total Revenue": 24,
        "Gross Profit": 20,
        "Operating Income": 4,
        "EBIT": NaN,
        "Net Income": 1
    },
    "2018-09-30": {
        "Diluted EPS": 0.49,
        "Total Revenue": 22,
        "Gross Profit": 18,
        "Operating Income": 5,
        "EBIT": NaN,
        "Net Income": 4
    },
    "2018-06-30": {
        "Diluted EPS": 0.48,
        "Total Revenue": 21,
        "Gross Profit": 18,
        "Operating Income": 5,
        "EBIT": NaN,
        "Net Income": 4
    },
    "2018-03-31": {
        "Diluted EPS": 0.44,
        "Total Revenue": 20,
        "Gross Profit": 17,
        "Operating Income": 4,
        "EBIT": NaN,
        "Net Income": 4
    },
    "2017-12-31": {
        "Diluted EPS": 0.0,
        "Total Revenue": 19,
        "Gross Profit": 17,
        "Operating Income": 3,
        "EBIT": NaN,
        "Net Income": 0
    },
    "2017-09-30": {
        "Diluted EPS": 0.34,
        "Total Revenue": 18,
        "Gross Profit": 16,
        "Operating Income": 3,
        "EBIT": NaN,
        "Net Income": 3
    },
    "2017-06-30": {
        "Diluted EPS": 0.4,
        "Total Revenue": 18,
        "Gross Profit": 16,
        "Operating Income": 4,
        "EBIT": NaN,
        "Net Income": 3
    },
    "2017-03-31": {
        "Diluted EPS": 0.24,
        "Total Revenue": 16,
        "Gross Profit": 15,
        "Operating Income": 2,
        "EBIT": NaN,
        "Net Income": 2
    },
    "2016-12-31": {
        "Diluted EPS": 0.23,
        "Total Revenue": 16,
        "Gross Profit": 15,
        "Operating Income": 2,
        "EBIT": NaN,
        "Net Income": 2
    },
    "2016-09-30": {
        "Diluted EPS": 0.18,
        "Total Revenue": 15,
        "Gross Profit": 14,
        "Operating Income": 2,
        "EBIT": NaN,
        "Net Income": 1
    },
    "2016-06-30": {
        "Diluted EPS": 0.08,
        "Total Revenue": 15,
        "Gross Profit": 13,
        "Operating Income": 1,
        "EBIT": NaN,
        "Net Income": 1
    },
    "2016-03-31": {
        "Diluted EPS": 0.32,
        "Total Revenue": 16,
        "Gross Profit": 14,
        "Operating Income": 3,
        "EBIT": NaN,
        "Net Income": 3
    },
    "2015-12-31": {
        "Diluted EPS": 0.19,
        "Total Revenue": 14,
        "Gross Profit": 13,
        "Operating Income": 1,
        "EBIT": NaN,
        "Net Income": 1
    },
    "2015-09-30": {
        "Diluted EPS": 0.3,
        "Total Revenue": 15,
        "Gross Profit": 14,
        "Operating Income": 3,
        "EBIT": NaN,
        "Net Income": 2
    },
    "2015-06-30": {
        "Diluted EPS": 0.18,
        "Total Revenue": 14,
        "Gross Profit": 13,
        "Operating Income": 2,
        "EBIT": NaN,
        "Net Income": 2
    },
    "2015-03-31": {
        "Diluted EPS": 0.3,
        "Total Revenue": 15,
        "Gross Profit": 14,
        "Operating Income": 3,
        "EBIT": NaN,
        "Net Income": 2
    },
    "2014-12-31": {
        "Diluted EPS": 2.36,
        "Total Revenue": 14,
        "Gross Profit": 13,
        "Operating Income": 3,
        "EBIT": NaN,
        "Net Income": 19
    },
    "2014-09-30": {
        "Diluted EPS": 0.64,
        "Total Revenue": 14,
        "Gross Profit": 13,
        "Operating Income": 5,
        "EBIT": NaN,
        "Net Income": 5
    },
    "2014-06-30": {
        "Diluted EPS": 0.35,
        "Total Revenue": 15,
        "Gross Profit": 14,
        "Operating Income": 3,
        "EBIT": NaN,
        "Net Income": 3
    },
    "2014-03-31": {
        "Diluted EPS": 0.24,
        "Total Revenue": 14,
        "Gross Profit": 13,
        "Operating Income": 2,
        "EBIT": NaN,
        "Net Income": 2
    },
    "2013-12-31": {
        "Diluted EPS": 0.37,
        "Total Revenue": 14,
        "Gross Profit": 13,
        "Operating Income": 3,
        "EBIT": NaN,
        "Net Income": 3
    },
    "2013-09-30": {
        "Diluted EPS": 0.26,
        "Total Revenue": 14,
        "Gross Profit": 12,
        "Operating Income": 2,
        "EBIT": NaN,
        "Net Income": 2
    },
    "2013-06-30": {
        "Diluted EPS": 0.42,
        "Total Revenue": 14,
        "Gross Profit": 12,
        "Operating Income": 3,
        "EBIT": NaN,
        "Net Income": 3
    },
    "2013-03-31": {
        "Diluted EPS": 0.19,
        "Total Revenue": 14,
        "Gross Profit": 13,
        "Operating Income": 2,
        "EBIT": NaN,
        "Net Income": 2
    },
    "2012-12-31": {
        "Diluted EPS": 0.13,
        "Total Revenue": 15,
        "Gross Profit": 14,
        "Operating Income": 2,
        "EBIT": NaN,
        "Net Income": 1
    },
    "2012-09-30": {
        "Diluted EPS": -2.65,
        "Total Revenue": 16,
        "Gross Profit": 14,
        "Operating Income": -2,
        "EBIT": NaN,
        "Net Income": -21
    },
    "2012-06-30": {
        "Diluted EPS": -1.23,
        "Total Revenue": 19,
        "Gross Profit": 17,
        "Operating Income": -17,
        "EBIT": NaN,
        "Net Income": -10
    },
    "2012-03-31": {
        "Diluted EPS": -1.02,
        "Total Revenue": 19,
        "Gross Profit": 17,
        "Operating Income": -13,
        "EBIT": NaN,
        "Net Income": -8
    },
    "2011-12-31": {
        "Diluted EPS": -3.67,
        "Total Revenue": 21,
        "Gross Profit": 19,
        "Operating Income": -38,
        "EBIT": NaN,
        "Net Income": -29
    },
    "2011-09-30": {
        "Diluted EPS": 0.54,
        "Total Revenue": 24,
        "Gross Profit": 22,
        "Operating Income": 3,
        "EBIT": NaN,
        "Net Income": 4
    },
    "2011-06-30": {
        "Diluted EPS": -1.33,
        "Total Revenue": 21,
        "Gross Profit": 18,
        "Operating Income": -13,
        "EBIT": NaN,
        "Net Income": -11
    },
    "2011-03-31": {
        "Diluted EPS": 0.48,
        "Total Revenue": 20,
        "Gross Profit": 17,
        "Operating Income": 5,
        "EBIT": NaN,
        "Net Income": 4
    },
    "2010-12-31": {
        "Diluted EPS": 0.55,
        "Total Revenue": 20,
        "Gross Profit": 17,
        "Operating Income": 6,
        "EBIT": NaN,
        "Net Income": 4
    },
    "2010-09-30": {
        "Diluted EPS": 0.61,
        "Total Revenue": 21,
        "Gross Profit": 18,
        "Operating Income": 7,
        "EBIT": NaN,
        "Net Income": 5
    },
    "2010-06-30": {
        "Diluted EPS": 0.49,
        "Total Revenue": 22,
        "Gross Profit": 19,
        "Operating Income": 5,
        "EBIT": NaN,
        "Net Income": 4
    },
    "2010-03-31": {
        "Diluted EPS": 0.52,
        "Total Revenue": 18,
        "Gross Profit": 15,
        "Operating Income": 5,
        "EBIT": NaN,
        "Net Income": 3
    },
    "2009-12-31": {
        "Diluted EPS": 0.51,
        "Total Revenue": 18,
        "Gross Profit": 15,
        "Operating Income": 8,
        "EBIT": NaN,
        "Net Income": 3
    },
    "2009-09-30": {
        "Diluted EPS": 0.6,
        "Total Revenue": 18,
        "Gross Profit": 14,
        "Operating Income": 5,
        "EBIT": NaN,
        "Net Income": 4
    },
    "2009-06-30": {
        "Diluted EPS": 0.51,
        "Total Revenue": 17,
        "Gross Profit": 13,
        "Operating Income": 5,
        "EBIT": NaN,
        "Net Income": 3
    },
    "2009-03-31": {
        "Diluted EPS": 0.45,
        "Total Revenue": 17,
        "Gross Profit": 12,
        "Operating Income": 4,
        "EBIT": NaN,
        "Net Income": 3
    },
    "2023-09-30": {
        "Tax Effect Of Unusual Items": 0.0,
        "Tax Rate For Calcs": 0.219,
        "Total Unusual Items": 0.0,
        "Total Unusual Items Excluding Goodwill": 0.0,
        "Net Income From Continuing Operation Net Minority Interest": 9026000.0,
        "Reconciled Depreciation": 1080000.0,
        "Net Interest Income": 26219000.0,
        "Interest Expense": 12472000.0,
        "Interest Income": 38691000.0,
        "Normalized Income": 9026000.0,
        "Net Income From Continuing And Discontinued Operation": 9026000.0,
        "Diluted Average Shares": 10405000.0,
        "Basic Average Shares": 10319000.0,
        "Diluted EPS": 0.87,
        "Basic EPS": 0.87,
        "Diluted NI Availto Com Stockholders": 9026000.0,
        "Net Income Common Stockholders": 9026000.0,
        "Net Income": 9026000.0,
        "Net Income Including Noncontrolling Interests": 9026000.0,
        "Net Income Continuous Operations": 9026000.0,
        "Tax Provision": 2535000.0,
        "Pretax Income": 11561000.0,
        "Special Income Charges": 0.0,
        "Other Special Charges": NaN,
        "Restructuring And Mergern Acquisition": 0.0,
        "Gain On Sale Of Security": 2000.0,
        "Depreciation Amortization Depletion Income Statement": 228000.0,
        "Depreciation And Amortization In Income Statement": 228000.0,
        "Amortization": 228000.0,
        "Amortization Of Intangibles Income Statement": 228000.0,
        "Selling General And Administration": 13893000.0,
        "Selling And Marketing Expense": 332000.0,
        "General And Administrative Expense": 13561000.0,
        "Insurance And Claims": 477000.0,
        "Salaries And Wages": 13084000.0,
        "Total Revenue": 31830000.0,
        "Operating Revenue": 31830000.0
    },
    "2023-12-31": {
        "Tax Effect Of Unusual Items": NaN,
        "Tax Rate For Calcs": NaN,
        "Total Unusual Items": NaN,
        "Total Unusual Items Excluding Goodwill": NaN,
        "Net Income From Continuing Operation Net Minority Interest": NaN,
        "Reconciled Depreciation": NaN,
        "Net Interest Income": NaN,
        "Interest Expense": NaN,
        "Interest Income": NaN,
        "Normalized Income": NaN,
        "Net Income From Continuing And Discontinued Operation": NaN,
        "Diluted Average Shares": 10419000.0,
        "Basic Average Shares": 10321000.0,
        "Diluted EPS": 0.73,
        "Basic EPS": 0.74,
        "Diluted NI Availto Com Stockholders": NaN,
        "Net Income Common Stockholders": NaN,
        "Net Income": NaN,
        "Net Income Including Noncontrolling Interests": NaN,
        "Net Income Continuous Operations": NaN,
        "Tax Provision": NaN,
        "Pretax Income": NaN,
        "Special Income Charges": NaN,
        "Other Special Charges": NaN,
        "Restructuring And Mergern Acquisition": NaN,
        "Gain On Sale Of Security": NaN,
        "Depreciation Amortization Depletion Income Statement": NaN,
        "Depreciation And Amortization In Income Statement": NaN,
        "Amortization": NaN,
        "Amortization Of Intangibles Income Statement": NaN,
        "Selling General And Administration": NaN,
        "Selling And Marketing Expense": NaN,
        "General And Administrative Expense": NaN,
        "Insurance And Claims": NaN,
        "Salaries And Wages": NaN,
        "Total Revenue": NaN,
        "Operating Revenue": NaN
    }
}