{
    "2023-06-30": {
        "Tax Effect Of Unusual Items": 0.0,
        "Tax Rate For Calcs": 0.269,
        "Net Income From Continuing Operation Net Minority Interest": 25562000.0,
        "Reconciled Depreciation": 1707000.0,
        "Net Interest Income": 63184000.0,
        "Interest Expense": 10306000.0,
        "Interest Income": 73490000.0,
        "Normalized Income": 25562000.0,
        "Net Income From Continuing And Discontinued Operation": 25562000.0,
        "Diluted Average Shares": 45424418.0,
        "Basic Average Shares": 44665127.0,
        "Diluted EPS": 0.56,
        "Basic EPS": 0.57,
        "Diluted NI Availto Com Stockholders": 25562000.0,
        "Net Income Common Stockholders": 25562000.0,
        "Net Income": 25562000.0,
        "Net Income Including Noncontrolling Interests": 25562000.0,
        "Net Income Continuous Operations": 25562000.0,
        "Tax Provision": 9411000.0,
        "Pretax Income": 34973000.0,
        "Gain On Sale Of Security": -1547000.0,
        "Depreciation Amortization Depletion Income Statement": 618000.0,
        "Depreciation And Amortization In Income Statement": 618000.0,
        "Amortization": 618000.0,
        "Amortization Of Intangibles Income Statement": 618000.0,
        "Selling General And Administration": 23001000.0,
        "Selling And Marketing Expense": 103000.0,
        "General And Administrative Expense": 22898000.0,
        "Other Gand A": NaN,
        "Insurance And Claims": 1100000.0,
        "Salaries And Wages": 21798000.0,
        "Total Revenue": 70581000.0,
        "Operating Revenue": 70581000.0,
        "Occupancy And Equipment": 3639000.0,
        "Professional Expense And Contract Services Expense": 803000.0,
        "Other Non Interest Expense": 5547000.0
    },
    "2023-03-31": {
        "Tax Effect Of Unusual Items": NaN,
        "Tax Rate For Calcs": NaN,
        "Net Income From Continuing Operation Net Minority Interest": NaN,
        "Reconciled Depreciation": NaN,
        "Net Interest Income": NaN,
        "Interest Expense": NaN,
        "Interest Income": NaN,
        "Normalized Income": NaN,
        "Net Income From Continuing And Discontinued Operation": NaN,
        "Diluted Average Shares": NaN,
        "Basic Average Shares": NaN,
        "Diluted EPS": NaN,
        "Basic EPS": NaN,
        "Diluted NI Availto Com Stockholders": NaN,
        "Net Income Common Stockholders": NaN,
        "Net Income": NaN,
        "Net Income Including Noncontrolling Interests": NaN,
        "Net Income Continuous Operations": NaN,
        "Tax Provision": NaN,
        "Pretax Income": NaN,
        "Gain On Sale Of Security": NaN,
        "Depreciation Amortization Depletion Income Statement": NaN,
        "Depreciation And Amortization In Income Statement": NaN,
        "Amortization": NaN,
        "Amortization Of Intangibles Income Statement": NaN,
        "Selling General And Administration": NaN,
        "Selling And Marketing Expense": NaN,
        "General And Administrative Expense": NaN,
        "Other Gand A": 1774000.0,
        "Insurance And Claims": NaN,
        "Salaries And Wages": NaN,
        "Total Revenue": NaN,
        "Operating Revenue": NaN,
        "Occupancy And Equipment": NaN,
        "Professional Expense And Contract Services Expense": NaN,
        "Other Non Interest Expense": NaN
    },
    "2022-12-31": {
        "Tax Effect Of Unusual Items": NaN,
        "Tax Rate For Calcs": NaN,
        "Net Income From Continuing Operation Net Minority Interest": NaN,
        "Reconciled Depreciation": NaN,
        "Net Interest Income": NaN,
        "Interest Expense": NaN,
        "Interest Income": NaN,
        "Normalized Income": NaN,
        "Net Income From Continuing And Discontinued Operation": NaN,
        "Diluted Average Shares": NaN,
        "Basic Average Shares": NaN,
        "Diluted EPS": NaN,
        "Basic EPS": NaN,
        "Diluted NI Availto Com Stockholders": NaN,
        "Net Income Common Stockholders": NaN,
        "Net Income": NaN,
        "Net Income Including Noncontrolling Interests": NaN,
        "Net Income Continuous Operations": NaN,
        "Tax Provision": NaN,
        "Pretax Income": NaN,
        "Gain On Sale Of Security": NaN,
        "Depreciation Amortization Depletion Income Statement": NaN,
        "Depreciation And Amortization In Income Statement": NaN,
        "Amortization": NaN,
        "Amortization Of Intangibles Income Statement": NaN,
        "Selling General And Administration": NaN,
        "Selling And Marketing Expense": NaN,
        "General And Administrative Expense": NaN,
        "Other Gand A": 2978000.0,
        "Insurance And Claims": NaN,
        "Salaries And Wages": NaN,
        "Total Revenue": NaN,
        "Operating Revenue": NaN,
        "Occupancy And Equipment": NaN,
        "Professional Expense And Contract Services Expense": NaN,
        "Other Non Interest Expense": NaN
    },
    "2022-09-30": {
        "Tax Effect Of Unusual Items": NaN,
        "Tax Rate For Calcs": NaN,
        "Net Income From Continuing Operation Net Minority Interest": NaN,
        "Reconciled Depreciation": NaN,
        "Net Interest Income": NaN,
        "Interest Expense": NaN,
        "Interest Income": NaN,
        "Normalized Income": NaN,
        "Net Income From Continuing And Discontinued Operation": NaN,
        "Diluted Average Shares": NaN,
        "Basic Average Shares": NaN,
        "Diluted EPS": NaN,
        "Basic EPS": NaN,
        "Diluted NI Availto Com Stockholders": NaN,
        "Net Income Common Stockholders": NaN,
        "Net Income": NaN,
        "Net Income Including Noncontrolling Interests": NaN,
        "Net Income Continuous Operations": NaN,
        "Tax Provision": NaN,
        "Pretax Income": NaN,
        "Gain On Sale Of Security": NaN,
        "Depreciation Amortization Depletion Income Statement": NaN,
        "Depreciation And Amortization In Income Statement": NaN,
        "Amortization": NaN,
        "Amortization Of Intangibles Income Statement": NaN,
        "Selling General And Administration": NaN,
        "Selling And Marketing Expense": NaN,
        "General And Administrative Expense": NaN,
        "Other Gand A": 2543000.0,
        "Insurance And Claims": NaN,
        "Salaries And Wages": NaN,
        "Total Revenue": NaN,
        "Operating Revenue": NaN
    },
    "2022-06-30": {
        "Tax Effect Of Unusual Items": 0.0,
        "Tax Rate For Calcs": 0.265591,
        "Net Income From Continuing Operation Net Minority Interest": 12247000.0,
        "Reconciled Depreciation": 659000.0,
        "Net Interest Income": 45001000.0,
        "Interest Expense": 2125000.0,
        "Interest Income": 47126000.0,
        "Normalized Income": 12247000.0,
        "Net Income From Continuing And Discontinued Operation": 12247000.0,
        "Diluted Average Shares": 45246736.0,
        "Basic Average Shares": 44499395.0,
        "Diluted EPS": 0.27,
        "Basic EPS": 0.28,
        "Diluted NI Availto Com Stockholders": 12247000.0,
        "Net Income Common Stockholders": 12247000.0,
        "Net Income": 12247000.0,
        "Net Income Including Noncontrolling Interests": 12247000.0,
        "Net Income Continuous Operations": 12247000.0,
        "Tax Provision": 4429000.0,
        "Pretax Income": 16676000.0,
        "Gain On Sale Of Security": -33000.0,
        "Depreciation Amortization Depletion Income Statement": 659000.0,
        "Depreciation And Amortization In Income Statement": 659000.0,
        "Amortization": 659000.0,
        "Amortization Of Intangibles Income Statement": 659000.0,
        "Selling General And Administration": 26585000.0,
        "Selling And Marketing Expense": 194000.0,
        "General And Administrative Expense": 26391000.0,
        "Other Gand A": 4006000.0,
        "Insurance And Claims": 1053000.0,
        "Salaries And Wages": 21332000.0,
        "Total Revenue": 53418000.0,
        "Operating Revenue": 53418000.0
    },
    "2022-03-31": {
        "Diluted EPS": 0.27,
        "Total Revenue": 57,
        "Gross Profit": 55,
        "Operating Income": 16,
        "EBIT": NaN,
        "Net Income": 12
    },
    "2021-12-31": {
        "Diluted EPS": -0.34,
        "Total Revenue": 41,
        "Gross Profit": 39,
        "Operating Income": -12,
        "EBIT": NaN,
        "Net Income": -9
    },
    "2021-09-30": {
        "Diluted EPS": 0.29,
        "Total Revenue": 34,
        "Gross Profit": 32,
        "Operating Income": 11,
        "EBIT": NaN,
        "Net Income": 8
    },
    "2021-06-30": {
        "Diluted EPS": 0.3,
        "Total Revenue": 32,
        "Gross Profit": 30,
        "Operating Income": 12,
        "EBIT": NaN,
        "Net Income": 9
    },
    "2021-03-31": {
        "Diluted EPS": 0.4,
        "Total Revenue": 37,
        "Gross Profit": 35,
        "Operating Income": 16,
        "EBIT": NaN,
        "Net Income": 12
    },
    "2020-12-31": {
        "Diluted EPS": 0.26,
        "Total Revenue": 35,
        "Gross Profit": 33,
        "Operating Income": 11,
        "EBIT": NaN,
        "Net Income": 8
    },
    "2020-09-30": {
        "Diluted EPS": 0.34,
        "Total Revenue": 37,
        "Gross Profit": 34,
        "Operating Income": 14,
        "EBIT": NaN,
        "Net Income": 10
    },
    "2020-06-30": {
        "Diluted EPS": 0.31,
        "Total Revenue": 36,
        "Gross Profit": 33,
        "Operating Income": 12,
        "EBIT": NaN,
        "Net Income": 9
    },
    "2020-03-31": {
        "Diluted EPS": 0.01,
        "Total Revenue": 34,
        "Gross Profit": 29,
        "Operating Income": 0,
        "EBIT": NaN,
        "Net Income": 0
    },
    "2019-12-31": {
        "Diluted EPS": 0.31,
        "Total Revenue": 37,
        "Gross Profit": 32,
        "Operating Income": 12,
        "EBIT": NaN,
        "Net Income": 10
    },
    "2019-09-30": {
        "Diluted EPS": 0.4,
        "Total Revenue": 41,
        "Gross Profit": 37,
        "Operating Income": 16,
        "EBIT": NaN,
        "Net Income": 12
    },
    "2019-06-30": {
        "Diluted EPS": 0.31,
        "Total Revenue": 38,
        "Gross Profit": 33,
        "Operating Income": 12,
        "EBIT": NaN,
        "Net Income": 9
    },
    "2019-03-31": {
        "Diluted EPS": 0.28,
        "Total Revenue": 35,
        "Gross Profit": 31,
        "Operating Income": 11,
        "EBIT": NaN,
        "Net Income": 8
    },
    "2018-12-31": {
        "Diluted EPS": 0.28,
        "Total Revenue": 36,
        "Gross Profit": 31,
        "Operating Income": 12,
        "EBIT": NaN,
        "Net Income": 9
    },
    "2018-09-30": {
        "Diluted EPS": 0.32,
        "Total Revenue": 36,
        "Gross Profit": 32,
        "Operating Income": 13,
        "EBIT": NaN,
        "Net Income": 10
    },
    "2018-06-30": {
        "Diluted EPS": 0.21,
        "Total Revenue": 36,
        "Gross Profit": 32,
        "Operating Income": 8,
        "EBIT": NaN,
        "Net Income": 6
    },
    "2018-03-31": {
        "Diluted EPS": 0.31,
        "Total Revenue": 32,
        "Gross Profit": 28,
        "Operating Income": 11,
        "EBIT": NaN,
        "Net Income": 9
    },
    "2017-12-31": {
        "Diluted EPS": -0.09,
        "Total Revenue": 31,
        "Gross Profit": 28,
        "Operating Income": 11,
        "EBIT": NaN,
        "Net Income": -3
    },
    "2017-09-30": {
        "Diluted EPS": 0.27,
        "Total Revenue": 30,
        "Gross Profit": 27,
        "Operating Income": 10,
        "EBIT": NaN,
        "Net Income": 8
    },
    "2017-06-30": {
        "Diluted EPS": 0.17,
        "Total Revenue": 29,
        "Gross Profit": 26,
        "Operating Income": 7,
        "EBIT": NaN,
        "Net Income": 5
    },
    "2017-03-31": {
        "Diluted EPS": 0.15,
        "Total Revenue": 28,
        "Gross Profit": 25,
        "Operating Income": 7,
        "EBIT": NaN,
        "Net Income": 4
    },
    "2016-12-31": {
        "Diluted EPS": 0.17,
        "Total Revenue": 29,
        "Gross Profit": 26,
        "Operating Income": 9,
        "EBIT": NaN,
        "Net Income": 5
    },
    "2016-09-30": {
        "Diluted EPS": 0.12,
        "Total Revenue": 24,
        "Gross Profit": 22,
        "Operating Income": 5,
        "EBIT": NaN,
        "Net Income": 3
    },
    "2016-06-30": {
        "Diluted EPS": 0.13,
        "Total Revenue": 25,
        "Gross Profit": 23,
        "Operating Income": 6,
        "EBIT": NaN,
        "Net Income": 4
    },
    "2016-03-31": {
        "Diluted EPS": 0.11,
        "Total Revenue": 24,
        "Gross Profit": 21,
        "Operating Income": 5,
        "EBIT": NaN,
        "Net Income": 3
    },
    "2015-12-31": {
        "Diluted EPS": 0.13,
        "Total Revenue": 24,
        "Gross Profit": 22,
        "Operating Income": 6,
        "EBIT": NaN,
        "Net Income": 4
    },
    "2015-09-30": {
        "Diluted EPS": 0.12,
        "Total Revenue": 23,
        "Gross Profit": 20,
        "Operating Income": 6,
        "EBIT": NaN,
        "Net Income": 4
    },
    "2015-06-30": {
        "Diluted EPS": 0.12,
        "Total Revenue": 25,
        "Gross Profit": 23,
        "Operating Income": 7,
        "EBIT": NaN,
        "Net Income": 3
    },
    "2015-03-31": {
        "Diluted EPS": 0.09,
        "Total Revenue": 25,
        "Gross Profit": 23,
        "Operating Income": 5,
        "EBIT": NaN,
        "Net Income": 3
    },
    "2014-12-31": {
        "Diluted EPS": 0.1,
        "Total Revenue": 25,
        "Gross Profit": 22,
        "Operating Income": 5,
        "EBIT": NaN,
        "Net Income": 2
    },
    "2014-09-30": {
        "Diluted EPS": 0.06,
        "Total Revenue": 26,
        "Gross Profit": 23,
        "Operating Income": 5,
        "EBIT": NaN,
        "Net Income": 2
    },
    "2014-06-30": {
        "Diluted EPS": 0.26,
        "Total Revenue": 24,
        "Gross Profit": 21,
        "Operating Income": 3,
        "EBIT": NaN,
        "Net Income": 7
    },
    "2014-03-31": {
        "Diluted EPS": 0.04,
        "Total Revenue": 23,
        "Gross Profit": 20,
        "Operating Income": 3,
        "EBIT": NaN,
        "Net Income": 1
    },
    "2013-12-31": {
        "Diluted EPS": -0.08,
        "Total Revenue": 21,
        "Gross Profit": 18,
        "Operating Income": 0,
        "EBIT": NaN,
        "Net Income": -1
    },
    "2013-09-30": {
        "Diluted EPS": 5.08,
        "Total Revenue": 25,
        "Gross Profit": 22,
        "Operating Income": 3,
        "EBIT": NaN,
        "Net Income": 72
    },
    "2013-06-30": {
        "Diluted EPS": 0.15,
        "Total Revenue": 27,
        "Gross Profit": 23,
        "Operating Income": 3,
        "EBIT": NaN,
        "Net Income": 2
    },
    "2013-03-31": {
        "Diluted EPS": 0.3,
        "Total Revenue": 27,
        "Gross Profit": 24,
        "Operating Income": 5,
        "EBIT": NaN,
        "Net Income": 4
    },
    "2012-12-31": {
        "Diluted EPS": 0.02,
        "Total Revenue": 24,
        "Gross Profit": 20,
        "Operating Income": 2,
        "EBIT": NaN,
        "Net Income": 0
    },
    "2012-09-30": {
        "Diluted EPS": -0.08,
        "Total Revenue": 29,
        "Gross Profit": 25,
        "Operating Income": 0,
        "EBIT": NaN,
        "Net Income": -1
    },
    "2012-06-30": {
        "Diluted EPS": 0.0,
        "Total Revenue": 30,
        "Gross Profit": 26,
        "Operating Income": 1,
        "EBIT": NaN,
        "Net Income": 0
    },
    "2012-03-31": {
        "Diluted EPS": -0.3,
        "Total Revenue": 30,
        "Gross Profit": 26,
        "Operating Income": -3,
        "EBIT": NaN,
        "Net Income": -4
    },
    "2011-12-31": {
        "Diluted EPS": -0.3,
        "Total Revenue": 29,
        "Gross Profit": 24,
        "Operating Income": -3,
        "EBIT": NaN,
        "Net Income": -4
    },
    "2011-09-30": {
        "Diluted EPS": -0.18,
        "Total Revenue": 30,
        "Gross Profit": 24,
        "Operating Income": -1,
        "EBIT": NaN,
        "Net Income": -3
    },
    "2011-06-30": {
        "Diluted EPS": -0.01,
        "Total Revenue": 31,
        "Gross Profit": 26,
        "Operating Income": 1,
        "EBIT": NaN,
        "Net Income": 0
    },
    "2011-03-31": {
        "Diluted EPS": -0.3,
        "Total Revenue": 31,
        "Gross Profit": 25,
        "Operating Income": -3,
        "EBIT": NaN,
        "Net Income": -4
    },
    "2010-12-31": {
        "Diluted EPS": -5.5,
        "Total Revenue": 36,
        "Gross Profit": 29,
        "Operating Income": -12,
        "EBIT": NaN,
        "Net Income": -78
    },
    "2010-09-30": {
        "Diluted EPS": -0.09,
        "Total Revenue": 41,
        "Gross Profit": 34,
        "Operating Income": -1,
        "EBIT": NaN,
        "Net Income": -1
    },
    "2010-06-30": {
        "Diluted EPS": -1.75,
        "Total Revenue": 38,
        "Gross Profit": 31,
        "Operating Income": -39,
        "EBIT": NaN,
        "Net Income": -25
    },
    "2010-03-31": {
        "Diluted EPS": -0.69,
        "Total Revenue": 37,
        "Gross Profit": 29,
        "Operating Income": -15,
        "EBIT": NaN,
        "Net Income": -10
    },
    "2009-12-31": {
        "Diluted EPS": -0.79,
        "Total Revenue": 45,
        "Gross Profit": 36,
        "Operating Income": -17,
        "EBIT": NaN,
        "Net Income": -11
    },
    "2009-09-30": {
        "Diluted EPS": 0.03,
        "Total Revenue": 42,
        "Gross Profit": 31,
        "Operating Income": 1,
        "EBIT": NaN,
        "Net Income": 0
    },
    "2009-06-30": {
        "Diluted EPS": -4.29,
        "Total Revenue": 44,
        "Gross Profit": 32,
        "Operating Income": -96,
        "EBIT": NaN,
        "Net Income": -60
    },
    "2009-03-31": {
        "Diluted EPS": 0.01,
        "Total Revenue": 45,
        "Gross Profit": 31,
        "Operating Income": 1,
        "EBIT": NaN,
        "Net Income": 0
    },
    "2023-09-30": {
        "Tax Effect Of Unusual Items": 0.0,
        "Tax Rate For Calcs": 0.250862,
        "Net Income From Continuing Operation Net Minority Interest": 24335000.0,
        "Reconciled Depreciation": 1727000.0,
        "Net Interest Income": 62433000.0,
        "Interest Expense": 11199000.0,
        "Interest Income": 73632000.0,
        "Normalized Income": 24335000.0,
        "Net Income From Continuing And Discontinued Operation": 24335000.0,
        "Diluted Average Shares": 44675489.0,
        "Basic Average Shares": 44675489.0,
        "Diluted EPS": 0.54,
        "Basic EPS": 0.55,
        "Diluted NI Availto Com Stockholders": 24335000.0,
        "Net Income Common Stockholders": 24335000.0,
        "Net Income": 24335000.0,
        "Net Income Including Noncontrolling Interests": 24335000.0,
        "Net Income Continuous Operations": 24335000.0,
        "Tax Provision": 8149000.0,
        "Pretax Income": 32484000.0,
        "Gain On Sale Of Security": -924000.0,
        "Depreciation Amortization Depletion Income Statement": 616000.0,
        "Depreciation And Amortization In Income Statement": 616000.0,
        "Amortization": 616000.0,
        "Amortization Of Intangibles Income Statement": 616000.0,
        "Selling General And Administration": 24252000.0,
        "Selling And Marketing Expense": 93000.0,
        "General And Administrative Expense": 24159000.0,
        "Insurance And Claims": 1044000.0,
        "Salaries And Wages": 23115000.0,
        "Total Revenue": 71560000.0,
        "Operating Revenue": 71560000.0,
        "Occupancy And Equipment": 3506000.0,
        "Professional Expense And Contract Services Expense": 646000.0,
        "Other Non Interest Expense": 7056000.0
    },
    "2023-12-31": {
        "Tax Effect Of Unusual Items": 0.0,
        "Tax Rate For Calcs": 0.269188,
        "Net Income From Continuing Operation Net Minority Interest": 18225000.0,
        "Reconciled Depreciation": 1842000.0,
        "Net Interest Income": 60588000.0,
        "Interest Expense": 12461000.0,
        "Interest Income": 73049000.0,
        "Normalized Income": 18225000.0,
        "Net Income From Continuing And Discontinued Operation": 18225000.0,
        "Diluted Average Shares": 45409232.0,
        "Basic Average Shares": 44694200.0,
        "Diluted EPS": 0.4,
        "Basic EPS": 0.4,
        "Diluted NI Availto Com Stockholders": 18225000.0,
        "Net Income Common Stockholders": 18225000.0,
        "Net Income": 18225000.0,
        "Net Income Including Noncontrolling Interests": 18225000.0,
        "Net Income Continuous Operations": 18225000.0,
        "Tax Provision": 6713000.0,
        "Pretax Income": 24938000.0,
        "Gain On Sale Of Security": -2000.0,
        "Depreciation Amortization Depletion Income Statement": 603000.0,
        "Depreciation And Amortization In Income Statement": 603000.0,
        "Amortization": 603000.0,
        "Amortization Of Intangibles Income Statement": 603000.0,
        "Selling General And Administration": 22672000.0,
        "Selling And Marketing Expense": 383000.0,
        "General And Administrative Expense": 22289000.0,
        "Insurance And Claims": 884000.0,
        "Salaries And Wages": 21405000.0,
        "Total Revenue": 68626000.0,
        "Operating Revenue": 68626000.0,
        "Occupancy And Equipment": 3817000.0,
        "Professional Expense And Contract Services Expense": 784000.0,
        "Other Non Interest Expense": 7812000.0
    },
    "2024-03-31": {
        "Tax Effect Of Unusual Items": 0.0,
        "Tax Rate For Calcs": 0.253,
        "Net Income From Continuing Operation Net Minority Interest": 21312000.0,
        "Reconciled Depreciation": 1930000.0,
        "Net Interest Income": 59148000.0,
        "Interest Expense": 13547000.0,
        "Interest Income": 72695000.0,
        "Normalized Income": 21312000.0,
        "Net Income From Continuing And Discontinued Operation": 21312000.0,
        "Diluted Average Shares": 44758559.0,
        "Basic Average Shares": 44758559.0,
        "Diluted EPS": 0.47,
        "Basic EPS": 0.48,
        "Diluted NI Availto Com Stockholders": 21312000.0,
        "Net Income Common Stockholders": 21312000.0,
        "Net Income": 21312000.0,
        "Net Income Including Noncontrolling Interests": 21312000.0,
        "Net Income Continuous Operations": 21312000.0,
        "Tax Provision": 7231000.0,
        "Pretax Income": 28543000.0,
        "Gain On Sale Of Security": 1000.0,
        "Depreciation Amortization Depletion Income Statement": 580000.0,
        "Depreciation And Amortization In Income Statement": 580000.0,
        "Amortization": 580000.0,
        "Amortization Of Intangibles Income Statement": 580000.0,
        "Selling General And Administration": 25480000.0,
        "Selling And Marketing Expense": 192000.0,
        "General And Administrative Expense": 25288000.0,
        "Insurance And Claims": 976000.0,
        "Salaries And Wages": 24312000.0,
        "Total Revenue": 69007000.0,
        "Operating Revenue": 69007000.0,
        "Occupancy And Equipment": 3927000.0,
        "Professional Expense And Contract Services Expense": 562000.0,
        "Other Non Interest Expense": 6415000.0
    },
    "2024-06-30": {
        "Tax Effect Of Unusual Items": 0.0,
        "Tax Rate For Calcs": 0.25,
        "Net Income From Continuing Operation Net Minority Interest": 21891000.0,
        "Reconciled Depreciation": 1945000.0,
        "Net Interest Income": 59106000.0,
        "Interest Expense": 13533000.0,
        "Interest Income": 72639000.0,
        "Normalized Income": 21891000.0,
        "Net Income From Continuing And Discontinued Operation": 21891000.0,
        "Diluted Average Shares": 45682239.0,
        "Basic Average Shares": 44846848.0,
        "Diluted EPS": 0.48,
        "Basic EPS": 0.48,
        "Diluted NI Availto Com Stockholders": 21891000.0,
        "Net Income Common Stockholders": 21891000.0,
        "Net Income": 21891000.0,
        "Net Income Including Noncontrolling Interests": 21891000.0,
        "Net Income Continuous Operations": 21891000.0,
        "Tax Provision": 7299000.0,
        "Pretax Income": 29190000.0,
        "Gain On Sale Of Security": 0.0,
        "Depreciation Amortization Depletion Income Statement": 574000.0,
        "Depreciation And Amortization In Income Statement": 574000.0,
        "Amortization": 574000.0,
        "Amortization Of Intangibles Income Statement": 574000.0,
        "Selling General And Administration": 24824000.0,
        "Selling And Marketing Expense": 472000.0,
        "General And Administrative Expense": 24352000.0,
        "Insurance And Claims": 928000.0,
        "Salaries And Wages": 23424000.0,
        "Total Revenue": 69494000.0,
        "Operating Revenue": 69494000.0,
        "Occupancy And Equipment": 3899000.0,
        "Professional Expense And Contract Services Expense": 1035000.0,
        "Other Non Interest Expense": 6222000.0
    },
    "2024-09-30": {
        "Tax Effect Of Unusual Items": 0.0,
        "Tax Rate For Calcs": 0.231148,
        "Net Income From Continuing Operation Net Minority Interest": 22951000.0,
        "Reconciled Depreciation": 2018000.0,
        "Net Interest Income": 60081000.0,
        "Interest Expense": 15494000.0,
        "Interest Income": 75575000.0,
        "Normalized Income": 22951000.0,
        "Net Income From Continuing And Discontinued Operation": 22951000.0,
        "Diluted Average Shares": 44850325.0,
        "Basic Average Shares": 44850325.0,
        "Diluted EPS": 0.5,
        "Basic EPS": 0.52,
        "Diluted NI Availto Com Stockholders": 22951000.0,
        "Net Income Common Stockholders": 22951000.0,
        "Net Income": 22951000.0,
        "Net Income Including Noncontrolling Interests": 22951000.0,
        "Net Income Continuous Operations": 22951000.0,
        "Tax Provision": 6900000.0,
        "Pretax Income": 29851000.0,
        "Gain On Sale Of Security": -1000.0,
        "Depreciation Amortization Depletion Income Statement": 570000.0,
        "Depreciation And Amortization In Income Statement": 570000.0,
        "Amortization": 570000.0,
        "Amortization Of Intangibles Income Statement": 570000.0,
        "Selling General And Administration": 25927000.0,
        "Selling And Marketing Expense": 299000.0,
        "General And Administrative Expense": 25628000.0,
        "Insurance And Claims": 952000.0,
        "Salaries And Wages": 24676000.0,
        "Total Revenue": 69701000.0,
        "Operating Revenue": 69701000.0,
        "Occupancy And Equipment": 3876000.0,
        "Professional Expense And Contract Services Expense": 682000.0,
        "Other Non Interest Expense": 6795000.0
    }
}