{
    "2023-03-31": {
        "Tax Effect Of Unusual Items": NaN,
        "Tax Rate For Calcs": NaN,
        "Net Income From Continuing Operation Net Minority Interest": NaN,
        "Reconciled Depreciation": NaN,
        "EBIT": NaN,
        "Net Interest Income": NaN,
        "Interest Expense": NaN,
        "Interest Income": NaN,
        "Normalized Income": NaN,
        "Net Income From Continuing And Discontinued Operation": NaN,
        "Total Expenses": NaN,
        "Diluted Average Shares": NaN,
        "Basic Average Shares": NaN,
        "Diluted EPS": NaN,
        "Basic EPS": NaN,
        "Diluted NI Availto Com Stockholders": NaN,
        "Net Income Common Stockholders": NaN,
        "Net Income": NaN,
        "Minority Interests": NaN,
        "Net Income Including Noncontrolling Interests": NaN,
        "Net Income Continuous Operations": NaN,
        "Tax Provision": NaN,
        "Pretax Income": NaN,
        "Net Non Operating Interest Income Expense": NaN,
        "Interest Expense Non Operating": NaN,
        "Other Operating Expenses": NaN,
        "Depreciation And Amortization In Income Statement": NaN,
        "Depreciation Income Statement": 4939000.0,
        "Selling General And Administration": NaN,
        "General And Administrative Expense": NaN,
        "Other Gand A": NaN,
        "Total Revenue": NaN,
        "Operating Revenue": NaN,
        "Loss Adjustment Expense": NaN,
        "Net Policyholder Benefits And Claims": NaN,
        "Policyholder Benefits Gross": NaN,
        "Policyholder Benefits Ceded": NaN
    },
    "2022-12-31": {
        "Tax Effect Of Unusual Items": NaN,
        "Tax Rate For Calcs": NaN,
        "Total Unusual Items": 0.0,
        "Total Unusual Items Excluding Goodwill": 0.0,
        "Net Income From Continuing Operation Net Minority Interest": NaN,
        "Reconciled Depreciation": NaN,
        "EBIT": NaN,
        "Net Interest Income": NaN,
        "Interest Expense": NaN,
        "Normalized Income": NaN,
        "Net Income From Continuing And Discontinued Operation": NaN,
        "Total Expenses": NaN,
        "Diluted Average Shares": NaN,
        "Basic Average Shares": NaN,
        "Diluted EPS": NaN,
        "Basic EPS": NaN,
        "Diluted NI Availto Com Stockholders": NaN,
        "Net Income Common Stockholders": NaN,
        "Net Income": NaN,
        "Minority Interests": NaN,
        "Net Income Including Noncontrolling Interests": NaN,
        "Net Income Continuous Operations": NaN,
        "Tax Provision": NaN,
        "Pretax Income": NaN,
        "Special Income Charges": 0.0,
        "Net Non Operating Interest Income Expense": NaN,
        "Interest Expense Non Operating": NaN,
        "Other Operating Expenses": NaN,
        "Depreciation And Amortization In Income Statement": NaN,
        "Depreciation Income Statement": NaN,
        "Selling General And Administration": NaN,
        "General And Administrative Expense": NaN,
        "Other Gand A": NaN,
        "Total Revenue": NaN,
        "Operating Revenue": NaN,
        "Loss Adjustment Expense": NaN,
        "Net Policyholder Benefits And Claims": NaN,
        "Policyholder Benefits Gross": NaN,
        "Policyholder Benefits Ceded": NaN
    },
    "2022-09-30": {
        "Tax Effect Of Unusual Items": NaN,
        "Tax Rate For Calcs": NaN,
        "Total Unusual Items": 0.0,
        "Total Unusual Items Excluding Goodwill": 0.0,
        "Net Income From Continuing Operation Net Minority Interest": NaN,
        "Reconciled Depreciation": NaN,
        "EBIT": NaN,
        "Net Interest Income": NaN,
        "Interest Expense": NaN,
        "Normalized Income": NaN,
        "Net Income From Continuing And Discontinued Operation": NaN,
        "Total Expenses": NaN,
        "Diluted Average Shares": NaN,
        "Basic Average Shares": NaN,
        "Diluted EPS": NaN,
        "Basic EPS": NaN,
        "Diluted NI Availto Com Stockholders": NaN,
        "Net Income Common Stockholders": NaN,
        "Net Income": NaN,
        "Minority Interests": NaN,
        "Net Income Including Noncontrolling Interests": NaN,
        "Net Income Continuous Operations": NaN,
        "Tax Provision": NaN,
        "Pretax Income": NaN,
        "Special Income Charges": 0.0,
        "Net Non Operating Interest Income Expense": NaN,
        "Interest Expense Non Operating": NaN,
        "Other Operating Expenses": NaN,
        "Depreciation And Amortization In Income Statement": NaN,
        "Depreciation Income Statement": NaN,
        "Selling General And Administration": NaN,
        "General And Administrative Expense": NaN,
        "Other Gand A": NaN,
        "Total Revenue": NaN,
        "Operating Revenue": NaN
    },
    "2022-06-30": {
        "Tax Effect Of Unusual Items": 0.0,
        "Tax Rate For Calcs": 0.4,
        "Total Unusual Items": 0.0,
        "Total Unusual Items Excluding Goodwill": 0.0,
        "Net Income From Continuing Operation Net Minority Interest": -112164000.0,
        "Reconciled Depreciation": 3691000.0,
        "EBIT": -105694000.0,
        "Net Interest Income": -6141000.0,
        "Interest Expense": 6141000.0,
        "Normalized Income": -112164000.0,
        "Net Income From Continuing And Discontinued Operation": -112164000.0,
        "Total Expenses": 1129154000.0,
        "Diluted Average Shares": 211311494.0,
        "Basic Average Shares": 211311494.0,
        "Diluted EPS": -0.53,
        "Basic EPS": -0.53,
        "Diluted NI Availto Com Stockholders": -112164000.0,
        "Net Income Common Stockholders": -112164000.0,
        "Net Income": -112164000.0,
        "Minority Interests": -39000.0,
        "Net Income Including Noncontrolling Interests": -112125000.0,
        "Net Income Continuous Operations": -112125000.0,
        "Tax Provision": 290000.0,
        "Pretax Income": -111835000.0,
        "Special Income Charges": 0.0,
        "Net Non Operating Interest Income Expense": -6141000.0,
        "Interest Expense Non Operating": 6141000.0,
        "Other Operating Expenses": 67956000.0,
        "Selling General And Administration": 80754000.0,
        "General And Administrative Expense": 80754000.0,
        "Other Gand A": 80754000.0,
        "Total Revenue": 1017319000.0,
        "Operating Revenue": 1017319000.0
    },
    "2022-03-31": {
        "Diluted EPS": -0.36,
        "Total Revenue": 973,
        "Gross Profit": 238,
        "Operating Income": -69,
        "EBIT": -63,
        "Net Income": -75
    },
    "2021-12-31": {
        "Diluted EPS": -0.83,
        "Total Revenue": 496,
        "Gross Profit": 14,
        "Operating Income": -196,
        "EBIT": -190,
        "Net Income": -199
    },
    "2021-09-30": {
        "Diluted EPS": -1.02,
        "Total Revenue": 444,
        "Gross Profit": -10,
        "Operating Income": -212,
        "EBIT": -206,
        "Net Income": -211
    },
    "2021-06-30": {
        "Diluted EPS": -0.35,
        "Total Revenue": 529,
        "Gross Profit": 109,
        "Operating Income": -73,
        "EBIT": -67,
        "Net Income": -73
    },
    "2021-03-31": {
        "Diluted EPS": -1.0,
        "Total Revenue": 369,
        "Gross Profit": 101,
        "Operating Income": -64,
        "EBIT": -59,
        "Net Income": -89
    },
    "2020-12-31": {
        "Diluted EPS": -6.66,
        "Total Revenue": 158,
        "Gross Profit": 73,
        "Operating Income": -187,
        "EBIT": -182,
        "Net Income": -190
    },
    "2020-09-30": {
        "Diluted EPS": -2.72,
        "Total Revenue": 102,
        "Gross Profit": 16,
        "Operating Income": -80,
        "EBIT": -76,
        "Net Income": -79
    },
    "2020-06-30": {
        "Diluted EPS": -1.42,
        "Total Revenue": 115,
        "Gross Profit": 60,
        "Operating Income": -39,
        "EBIT": -37,
        "Net Income": -41
    },
    "2020-03-31": {
        "Diluted EPS": -3.36,
        "Total Revenue": 88,
        "Gross Profit": 4,
        "Operating Income": -96,
        "EBIT": -93,
        "Net Income": -97
    },
    "2019-12-31": {
        "Diluted EPS": 0.0,
        "Total Revenue": NaN,
        "Gross Profit": NaN,
        "Operating Income": NaN,
        "EBIT": NaN,
        "Net Income": NaN
    },
    "2023-06-30": {
        "Tax Effect Of Unusual Items": NaN,
        "Tax Rate For Calcs": NaN,
        "Net Income From Continuing Operation Net Minority Interest": NaN,
        "Reconciled Depreciation": NaN,
        "EBIT": NaN,
        "Net Interest Income": NaN,
        "Interest Expense": NaN,
        "Interest Income": NaN,
        "Normalized Income": NaN,
        "Net Income From Continuing And Discontinued Operation": NaN,
        "Total Expenses": NaN,
        "Diluted Average Shares": NaN,
        "Basic Average Shares": NaN,
        "Diluted EPS": NaN,
        "Basic EPS": NaN,
        "Diluted NI Availto Com Stockholders": NaN,
        "Net Income Common Stockholders": NaN,
        "Net Income": NaN,
        "Minority Interests": NaN,
        "Net Income Including Noncontrolling Interests": NaN,
        "Net Income Continuous Operations": NaN,
        "Tax Provision": NaN,
        "Pretax Income": NaN,
        "Net Non Operating Interest Income Expense": NaN,
        "Interest Expense Non Operating": NaN,
        "Other Operating Expenses": NaN,
        "Depreciation And Amortization In Income Statement": 8821000.0,
        "Depreciation Income Statement": NaN,
        "Selling General And Administration": NaN,
        "General And Administrative Expense": NaN,
        "Other Gand A": NaN,
        "Total Revenue": NaN,
        "Operating Revenue": NaN,
        "Loss Adjustment Expense": NaN,
        "Net Policyholder Benefits And Claims": NaN,
        "Policyholder Benefits Gross": NaN,
        "Policyholder Benefits Ceded": NaN
    },
    "2023-09-30": {
        "Tax Effect Of Unusual Items": 0.0,
        "Tax Rate For Calcs": 0.21,
        "Net Income From Continuing Operation Net Minority Interest": -65398000.0,
        "Reconciled Depreciation": 9191000.0,
        "EBIT": -58658000.0,
        "Net Interest Income": -6130000.0,
        "Interest Expense": 6130000.0,
        "Interest Income": 1682000.0,
        "Normalized Income": -65398000.0,
        "Net Income From Continuing And Discontinued Operation": -65398000.0,
        "Total Expenses": 1504779000.0,
        "Diluted Average Shares": 223099000.0,
        "Basic Average Shares": 223099000.0,
        "Diluted EPS": -0.29,
        "Basic EPS": -0.29,
        "Diluted NI Availto Com Stockholders": -65398000.0,
        "Net Income Common Stockholders": -65398000.0,
        "Net Income": -65398000.0,
        "Minority Interests": 305000.0,
        "Net Income Including Noncontrolling Interests": -65703000.0,
        "Net Income Continuous Operations": -65703000.0,
        "Tax Provision": 915000.0,
        "Pretax Income": -64788000.0,
        "Net Non Operating Interest Income Expense": -6130000.0,
        "Interest Expense Non Operating": 6130000.0,
        "Other Operating Expenses": 414000.0,
        "Depreciation And Amortization In Income Statement": 9191000.0,
        "Depreciation Income Statement": NaN,
        "Selling General And Administration": 325820000.0,
        "General And Administrative Expense": 325820000.0,
        "Other Gand A": 325820000.0,
        "Total Revenue": 1439991000.0,
        "Operating Revenue": 1439991000.0,
        "Loss Adjustment Expense": 1163194000.0,
        "Net Policyholder Benefits And Claims": 1163194000.0,
        "Policyholder Benefits Gross": 1178460000.0,
        "Policyholder Benefits Ceded": 15266000.0
    },
    "2023-12-31": {
        "Tax Effect Of Unusual Items": 0.0,
        "Tax Rate For Calcs": 0.00535,
        "Net Income From Continuing Operation Net Minority Interest": -150030000.0,
        "Reconciled Depreciation": 7742000.0,
        "EBIT": -144427000.0,
        "Net Interest Income": -6217000.0,
        "Interest Expense": 6217000.0,
        "Interest Income": NaN,
        "Normalized Income": -150030000.0,
        "Net Income From Continuing And Discontinued Operation": -150030000.0,
        "Total Expenses": 1582276000.0,
        "Diluted Average Shares": 227082062.0,
        "Basic Average Shares": 227082062.0,
        "Diluted EPS": -0.66,
        "Basic EPS": -0.66,
        "Diluted NI Availto Com Stockholders": -150030000.0,
        "Net Income Common Stockholders": -150030000.0,
        "Net Income": -150030000.0,
        "Minority Interests": -192000.0,
        "Net Income Including Noncontrolling Interests": -149838000.0,
        "Net Income Continuous Operations": -149838000.0,
        "Tax Provision": -806000.0,
        "Pretax Income": -150644000.0,
        "Net Non Operating Interest Income Expense": -6217000.0,
        "Interest Expense Non Operating": 6217000.0,
        "Other Operating Expenses": 73261000.0,
        "Depreciation And Amortization In Income Statement": NaN,
        "Depreciation Income Statement": NaN,
        "Selling General And Administration": 85610000.0,
        "General And Administrative Expense": 85610000.0,
        "Other Gand A": 85610000.0,
        "Total Revenue": 1431632000.0,
        "Operating Revenue": 1431632000.0,
        "Loss Adjustment Expense": 1417188000.0,
        "Net Policyholder Benefits And Claims": 1417188000.0,
        "Policyholder Benefits Gross": 1428091000.0,
        "Policyholder Benefits Ceded": 10903000.0
    },
    "2024-03-31": {
        "Tax Effect Of Unusual Items": 0.0,
        "Tax Rate For Calcs": 0.005581,
        "Net Income From Continuing Operation Net Minority Interest": 177368000.0,
        "Reconciled Depreciation": 7811000.0,
        "EBIT": 184380000.0,
        "Net Interest Income": -5902000.0,
        "Interest Expense": 5902000.0,
        "Interest Income": NaN,
        "Normalized Income": 177368000.0,
        "Net Income From Continuing And Discontinued Operation": 177368000.0,
        "Total Expenses": 1964361000.0,
        "Diluted Average Shares": 293796000.0,
        "Basic Average Shares": 231443000.0,
        "Diluted EPS": 0.62,
        "Basic EPS": 0.77,
        "Diluted NI Availto Com Stockholders": 177368000.0,
        "Net Income Common Stockholders": 177368000.0,
        "Net Income": 177368000.0,
        "Minority Interests": -114000.0,
        "Net Income Including Noncontrolling Interests": 177482000.0,
        "Net Income Continuous Operations": 177482000.0,
        "Tax Provision": 996000.0,
        "Pretax Income": 178478000.0,
        "Net Non Operating Interest Income Expense": -5902000.0,
        "Interest Expense Non Operating": 5902000.0,
        "Other Operating Expenses": 1178000.0,
        "Depreciation And Amortization In Income Statement": 7811000.0,
        "Depreciation Income Statement": 7811000.0,
        "Selling General And Administration": 394696000.0,
        "General And Administrative Expense": 394696000.0,
        "Other Gand A": 394696000.0,
        "Total Revenue": 2142839000.0,
        "Operating Revenue": 2142839000.0,
        "Loss Adjustment Expense": 1554774000.0,
        "Net Policyholder Benefits And Claims": 1554774000.0,
        "Policyholder Benefits Gross": 1574472000.0,
        "Policyholder Benefits Ceded": 19698000.0
    },
    "2024-06-30": {
        "Tax Effect Of Unusual Items": 0.0,
        "Tax Rate For Calcs": 0.07608,
        "Net Income From Continuing Operation Net Minority Interest": 56207000.0,
        "Reconciled Depreciation": 7601000.0,
        "EBIT": 66940000.0,
        "Net Interest Income": -5991000.0,
        "Interest Expense": 5991000.0,
        "Interest Income": NaN,
        "Normalized Income": 56207000.0,
        "Net Income From Continuing And Discontinued Operation": 56207000.0,
        "Total Expenses": 2158392000.0,
        "Diluted Average Shares": 303965000.0,
        "Basic Average Shares": 238672000.0,
        "Diluted EPS": 0.2,
        "Basic EPS": 0.24,
        "Diluted NI Availto Com Stockholders": 56207000.0,
        "Net Income Common Stockholders": 56207000.0,
        "Net Income": 56207000.0,
        "Minority Interests": -105000.0,
        "Net Income Including Noncontrolling Interests": 56312000.0,
        "Net Income Continuous Operations": 56312000.0,
        "Tax Provision": 4637000.0,
        "Pretax Income": 60949000.0,
        "Net Non Operating Interest Income Expense": -5991000.0,
        "Interest Expense Non Operating": 5991000.0,
        "Other Operating Expenses": 872000.0,
        "Depreciation And Amortization In Income Statement": 7601000.0,
        "Depreciation Income Statement": NaN,
        "Selling General And Administration": 435144000.0,
        "General And Administrative Expense": 435144000.0,
        "Other Gand A": 435144000.0,
        "Total Revenue": 2219341000.0,
        "Operating Revenue": 2219341000.0,
        "Loss Adjustment Expense": 1708722000.0,
        "Net Policyholder Benefits And Claims": 1708722000.0,
        "Policyholder Benefits Gross": 1738676000.0,
        "Policyholder Benefits Ceded": 29954000.0
    },
    "2024-09-30": {
        "Tax Effect Of Unusual Items": 0.0,
        "Tax Rate For Calcs": 0.21,
        "Net Income From Continuing Operation Net Minority Interest": -54596000.0,
        "Reconciled Depreciation": 7500000.0,
        "EBIT": -46497000.0,
        "Net Interest Income": -5815000.0,
        "Interest Expense": 5815000.0,
        "Interest Income": 1555000.0,
        "Normalized Income": -54596000.0,
        "Net Income From Continuing And Discontinued Operation": -54596000.0,
        "Total Expenses": 2475794000.0,
        "Diluted Average Shares": 243106000.0,
        "Basic Average Shares": 243106000.0,
        "Diluted EPS": -0.22,
        "Basic EPS": -0.22,
        "Diluted NI Availto Com Stockholders": -54596000.0,
        "Net Income Common Stockholders": -54596000.0,
        "Net Income": -54596000.0,
        "Minority Interests": -208000.0,
        "Net Income Including Noncontrolling Interests": -54388000.0,
        "Net Income Continuous Operations": -54388000.0,
        "Tax Provision": 2076000.0,
        "Pretax Income": -52312000.0,
        "Net Non Operating Interest Income Expense": -5815000.0,
        "Interest Expense Non Operating": 5815000.0,
        "Other Operating Expenses": -1877000.0,
        "Depreciation And Amortization In Income Statement": 7500000.0,
        "Depreciation Income Statement": NaN,
        "Selling General And Administration": 459522000.0,
        "General And Administrative Expense": 459522000.0,
        "Other Gand A": 459522000.0,
        "Total Revenue": 2423482000.0,
        "Operating Revenue": 2423482000.0,
        "Loss Adjustment Expense": 2003979000.0,
        "Net Policyholder Benefits And Claims": 2003979000.0,
        "Policyholder Benefits Gross": 2045150000.0,
        "Policyholder Benefits Ceded": 41171000.0
    }
}