{
    "2023-03-31": {
        "Tax Effect Of Unusual Items": 0.0,
        "Tax Rate For Calcs": 0.215,
        "Normalized EBITDA": 39664000.0,
        "Total Unusual Items": NaN,
        "Total Unusual Items Excluding Goodwill": NaN,
        "Net Income From Continuing Operation Net Minority Interest": 12139000.0,
        "Reconciled Depreciation": 16048000.0,
        "Reconciled Cost Of Revenue": 83412000.0,
        "EBITDA": 39664000.0,
        "EBIT": 23616000.0,
        "Net Interest Income": -8156000.0,
        "Interest Expense": 8156000.0,
        "Normalized Income": 12139000.0,
        "Net Income From Continuing And Discontinued Operation": 12139000.0,
        "Total Expenses": 91255000.0,
        "Rent Expense Supplemental": 15737000.0,
        "Total Operating Income As Reported": 22536000.0,
        "Diluted Average Shares": 85340906.0,
        "Basic Average Shares": 82006666.0,
        "Diluted EPS": 0.14,
        "Basic EPS": 0.15,
        "Diluted NI Availto Com Stockholders": 12139000.0,
        "Net Income Common Stockholders": 12139000.0,
        "Net Income": 12139000.0,
        "Net Income Including Noncontrolling Interests": 12139000.0,
        "Net Income Continuous Operations": 12139000.0,
        "Tax Provision": 3321000.0,
        "Pretax Income": 15460000.0,
        "Other Income Expense": 1080000.0,
        "Other Non Operating Income Expenses": 1080000.0,
        "Special Income Charges": NaN,
        "Gain On Sale Of Ppe": NaN,
        "Net Non Operating Interest Income Expense": -8156000.0,
        "Interest Expense Non Operating": 8156000.0,
        "Operating Income": 22536000.0,
        "Operating Expense": 7843000.0,
        "Selling General And Administration": 7843000.0,
        "General And Administrative Expense": 7843000.0,
        "Other Gand A": 7843000.0,
        "Gross Profit": 30379000.0,
        "Cost Of Revenue": 83412000.0,
        "Total Revenue": 113791000.0,
        "Operating Revenue": 113791000.0
    },
    "2022-12-31": {
        "Tax Effect Of Unusual Items": 19402.884938,
        "Tax Rate For Calcs": 0.323381,
        "Normalized EBITDA": 42615000.0,
        "Total Unusual Items": 60000.0,
        "Total Unusual Items Excluding Goodwill": 60000.0,
        "Net Income From Continuing Operation Net Minority Interest": 10085000.0,
        "Reconciled Depreciation": 19579000.0,
        "Reconciled Cost Of Revenue": 95284000.0,
        "EBITDA": 42675000.0,
        "EBIT": 23096000.0,
        "Net Interest Income": -7351000.0,
        "Interest Expense": 8191000.0,
        "Normalized Income": 10044402.884938,
        "Net Income From Continuing And Discontinued Operation": 10085000.0,
        "Total Expenses": 101340000.0,
        "Rent Expense Supplemental": 21760000.0,
        "Total Operating Income As Reported": 20418000.0,
        "Diluted Average Shares": 87380404.0,
        "Basic Average Shares": 84902097.0,
        "Diluted EPS": 0.11,
        "Basic EPS": 0.12,
        "Diluted NI Availto Com Stockholders": 10085000.0,
        "Net Income Common Stockholders": 10085000.0,
        "Net Income": 10085000.0,
        "Net Income Including Noncontrolling Interests": 10085000.0,
        "Net Income Continuous Operations": 10085000.0,
        "Tax Provision": 4820000.0,
        "Pretax Income": 14905000.0,
        "Other Income Expense": 1838000.0,
        "Other Non Operating Income Expenses": 1778000.0,
        "Special Income Charges": 0.0,
        "Gain On Sale Of Ppe": 0.0,
        "Net Non Operating Interest Income Expense": -7351000.0,
        "Interest Expense Non Operating": 8191000.0,
        "Operating Income": 20418000.0,
        "Operating Expense": 6056000.0,
        "Selling General And Administration": 6056000.0,
        "General And Administrative Expense": 6056000.0,
        "Other Gand A": 6056000.0,
        "Gross Profit": 26474000.0,
        "Cost Of Revenue": 95284000.0,
        "Total Revenue": 121758000.0,
        "Operating Revenue": 121758000.0
    },
    "2022-09-30": {
        "Tax Effect Of Unusual Items": 0.0,
        "Tax Rate For Calcs": 0.1,
        "Normalized EBITDA": 40901000.0,
        "Total Unusual Items": 0.0,
        "Total Unusual Items Excluding Goodwill": 0.0,
        "Net Income From Continuing Operation Net Minority Interest": 13248000.0,
        "Reconciled Depreciation": 17902000.0,
        "Reconciled Cost Of Revenue": 94072000.0,
        "EBITDA": 40901000.0,
        "EBIT": 22999000.0,
        "Net Interest Income": -8229000.0,
        "Interest Expense": 8229000.0,
        "Normalized Income": 13248000.0,
        "Net Income From Continuing And Discontinued Operation": 13248000.0,
        "Total Expenses": 100628000.0,
        "Rent Expense Supplemental": 22743000.0,
        "Total Operating Income As Reported": 22431000.0,
        "Diluted Average Shares": 90349567.0,
        "Basic Average Shares": 88174640.0,
        "Diluted EPS": 0.15,
        "Basic EPS": 0.15,
        "Diluted NI Availto Com Stockholders": 13248000.0,
        "Net Income Common Stockholders": 13248000.0,
        "Net Income": 13248000.0,
        "Net Income Including Noncontrolling Interests": 13248000.0,
        "Net Income Continuous Operations": 13248000.0,
        "Tax Provision": 1522000.0,
        "Pretax Income": 14770000.0,
        "Other Income Expense": 568000.0,
        "Other Non Operating Income Expenses": 568000.0,
        "Special Income Charges": 0.0,
        "Gain On Sale Of Ppe": 0.0,
        "Write Off": NaN,
        "Net Non Operating Interest Income Expense": -8229000.0,
        "Interest Expense Non Operating": 8229000.0,
        "Operating Income": 22431000.0,
        "Operating Expense": 6556000.0,
        "Selling General And Administration": 6556000.0,
        "General And Administrative Expense": 6556000.0,
        "Other Gand A": 6556000.0,
        "Gross Profit": 28987000.0,
        "Cost Of Revenue": 94072000.0,
        "Total Revenue": 123059000.0,
        "Operating Revenue": 123059000.0
    },
    "2022-06-30": {
        "Tax Effect Of Unusual Items": 0.0,
        "Tax Rate For Calcs": 0.140427,
        "Normalized EBITDA": 29289000.0,
        "Total Unusual Items": 0.0,
        "Total Unusual Items Excluding Goodwill": 0.0,
        "Net Income From Continuing Operation Net Minority Interest": 3740000.0,
        "Reconciled Depreciation": 16663000.0,
        "Reconciled Cost Of Revenue": 97908000.0,
        "EBITDA": 29289000.0,
        "EBIT": 12626000.0,
        "Net Interest Income": -8275000.0,
        "Interest Expense": 8275000.0,
        "Normalized Income": 3740000.0,
        "Net Income From Continuing And Discontinued Operation": 3740000.0,
        "Total Expenses": 105343000.0,
        "Rent Expense Supplemental": 22350000.0,
        "Total Operating Income As Reported": 12642000.0,
        "Diluted Average Shares": 92607727.0,
        "Basic Average Shares": 91254864.0,
        "Diluted EPS": 0.04,
        "Basic EPS": 0.04,
        "Diluted NI Availto Com Stockholders": 3740000.0,
        "Net Income Common Stockholders": 3740000.0,
        "Net Income": 3740000.0,
        "Net Income Including Noncontrolling Interests": 3740000.0,
        "Net Income Continuous Operations": 3740000.0,
        "Tax Provision": 611000.0,
        "Pretax Income": 4351000.0,
        "Other Income Expense": -16000.0,
        "Other Non Operating Income Expenses": -16000.0,
        "Special Income Charges": 0.0,
        "Gain On Sale Of Ppe": 0.0,
        "Write Off": NaN,
        "Net Non Operating Interest Income Expense": -8275000.0,
        "Interest Expense Non Operating": 8275000.0,
        "Operating Income": 12642000.0,
        "Operating Expense": 7435000.0,
        "Selling General And Administration": 7435000.0,
        "General And Administrative Expense": 7435000.0,
        "Other Gand A": 7435000.0,
        "Gross Profit": 20077000.0,
        "Cost Of Revenue": 97908000.0,
        "Total Revenue": 117985000.0,
        "Operating Revenue": 117985000.0
    },
    "2022-03-31": {
        "Diluted EPS": -0.01,
        "Total Revenue": 104,
        "Gross Profit": 31,
        "Operating Income": 8,
        "EBIT": 24,
        "Net Income": -1
    },
    "2021-12-31": {
        "Diluted EPS": -0.03,
        "Total Revenue": 95,
        "Gross Profit": 19,
        "Operating Income": -2,
        "EBIT": 14,
        "Net Income": -4
    },
    "2021-09-30": {
        "Diluted EPS": -0.18,
        "Total Revenue": 94,
        "Gross Profit": 17,
        "Operating Income": -6,
        "EBIT": 10,
        "Net Income": -16
    },
    "2021-06-30": {
        "Diluted EPS": -0.12,
        "Total Revenue": 88,
        "Gross Profit": 15,
        "Operating Income": -6,
        "EBIT": 10,
        "Net Income": -11
    },
    "2021-03-31": {
        "Diluted EPS": -0.18,
        "Total Revenue": 81,
        "Gross Profit": 11,
        "Operating Income": -16,
        "EBIT": 0,
        "Net Income": -16
    },
    "2020-12-31": {
        "Diluted EPS": -0.01,
        "Total Revenue": 98,
        "Gross Profit": 24,
        "Operating Income": 2,
        "EBIT": 18,
        "Net Income": -1
    },
    "2020-09-30": {
        "Diluted EPS": -0.01,
        "Total Revenue": 106,
        "Gross Profit": 26,
        "Operating Income": 5,
        "EBIT": 21,
        "Net Income": -1
    },
    "2020-06-30": {
        "Diluted EPS": 0.07,
        "Total Revenue": 115,
        "Gross Profit": 36,
        "Operating Income": 14,
        "EBIT": 28,
        "Net Income": 6
    },
    "2020-03-31": {
        "Diluted EPS": 0.28,
        "Total Revenue": 101,
        "Gross Profit": 39,
        "Operating Income": 38,
        "EBIT": 52,
        "Net Income": 25
    },
    "2019-12-31": {
        "Diluted EPS": 0.12,
        "Total Revenue": 98,
        "Gross Profit": 35,
        "Operating Income": 19,
        "EBIT": 33,
        "Net Income": 11
    },
    "2019-09-30": {
        "Diluted EPS": -0.04,
        "Total Revenue": 81,
        "Gross Profit": 20,
        "Operating Income": 1,
        "EBIT": 15,
        "Net Income": -4
    },
    "2019-06-30": {
        "Diluted EPS": -0.02,
        "Total Revenue": 88,
        "Gross Profit": 27,
        "Operating Income": 4,
        "EBIT": 17,
        "Net Income": -2
    },
    "2019-03-31": {
        "Diluted EPS": 0.04,
        "Total Revenue": 88,
        "Gross Profit": 28,
        "Operating Income": 10,
        "EBIT": 23,
        "Net Income": 3
    },
    "2018-12-31": {
        "Diluted EPS": -0.05,
        "Total Revenue": 89,
        "Gross Profit": 23,
        "Operating Income": 7,
        "EBIT": 21,
        "Net Income": -5
    },
    "2018-09-30": {
        "Diluted EPS": 0.13,
        "Total Revenue": 81,
        "Gross Profit": 15,
        "Operating Income": -4,
        "EBIT": 10,
        "Net Income": 12
    },
    "2018-06-30": {
        "Diluted EPS": 0.03,
        "Total Revenue": 95,
        "Gross Profit": 30,
        "Operating Income": 11,
        "EBIT": 24,
        "Net Income": 3
    },
    "2018-03-31": {
        "Diluted EPS": 0.04,
        "Total Revenue": 101,
        "Gross Profit": 33,
        "Operating Income": 14,
        "EBIT": 27,
        "Net Income": 4
    },
    "2017-12-31": {
        "Diluted EPS": 0.61,
        "Total Revenue": 93,
        "Gross Profit": 25,
        "Operating Income": 3,
        "EBIT": 17,
        "Net Income": 54
    },
    "2017-09-30": {
        "Diluted EPS": -0.07,
        "Total Revenue": 93,
        "Gross Profit": 29,
        "Operating Income": 1,
        "EBIT": 16,
        "Net Income": -6
    },
    "2017-06-30": {
        "Diluted EPS": 0.04,
        "Total Revenue": 96,
        "Gross Profit": 36,
        "Operating Income": 14,
        "EBIT": 31,
        "Net Income": 3
    },
    "2017-03-31": {
        "Diluted EPS": 0.06,
        "Total Revenue": 108,
        "Gross Profit": 44,
        "Operating Income": 19,
        "EBIT": 37,
        "Net Income": 5
    },
    "2016-12-31": {
        "Diluted EPS": -3.14,
        "Total Revenue": 115,
        "Gross Profit": 53,
        "Operating Income": 11,
        "EBIT": 34,
        "Net Income": -275
    },
    "2016-09-30": {
        "Diluted EPS": -1.1,
        "Total Revenue": 114,
        "Gross Profit": 50,
        "Operating Income": -83,
        "EBIT": -59,
        "Net Income": -99
    },
    "2016-06-30": {
        "Diluted EPS": 0.32,
        "Total Revenue": 118,
        "Gross Profit": 57,
        "Operating Income": 23,
        "EBIT": 47,
        "Net Income": 30
    },
    "2016-03-31": {
        "Diluted EPS": 0.53,
        "Total Revenue": 115,
        "Gross Profit": 53,
        "Operating Income": 17,
        "EBIT": 42,
        "Net Income": 51
    },
    "2015-12-31": {
        "Diluted EPS": 0.1,
        "Total Revenue": 119,
        "Gross Profit": 57,
        "Operating Income": 21,
        "EBIT": -19,
        "Net Income": 9
    },
    "2015-09-30": {
        "Diluted EPS": 1.79,
        "Total Revenue": 242,
        "Gross Profit": 131,
        "Operating Income": 85,
        "EBIT": 127,
        "Net Income": 173
    },
    "2015-06-30": {
        "Diluted EPS": 0.6,
        "Total Revenue": 245,
        "Gross Profit": 136,
        "Operating Income": 92,
        "EBIT": 133,
        "Net Income": 58
    },
    "2015-03-31": {
        "Diluted EPS": 0.42,
        "Total Revenue": 234,
        "Gross Profit": 121,
        "Operating Income": 78,
        "EBIT": 117,
        "Net Income": 43
    },
    "2014-12-31": {
        "Diluted EPS": 0.3,
        "Total Revenue": 217,
        "Gross Profit": 464,
        "Operating Income": 510,
        "EBIT": 551,
        "Net Income": 27
    },
    "2014-09-30": {
        "Diluted EPS": 0.18,
        "Total Revenue": 206,
        "Gross Profit": 74,
        "Operating Income": 26,
        "EBIT": 66,
        "Net Income": 11
    },
    "2014-06-30": {
        "Diluted EPS": -39.65,
        "Total Revenue": 242,
        "Gross Profit": 65,
        "Operating Income": 8,
        "EBIT": 45,
        "Net Income": -202
    },
    "2014-03-31": {
        "Diluted EPS": 2.46,
        "Total Revenue": 292,
        "Gross Profit": 102,
        "Operating Income": 43,
        "EBIT": 81,
        "Net Income": 13
    },
    "2013-12-31": {
        "Diluted EPS": 0.0,
        "Total Revenue": NaN,
        "Gross Profit": NaN,
        "Operating Income": NaN,
        "EBIT": NaN,
        "Net Income": NaN
    },
    "2012-12-31": {
        "Diluted EPS": 0.0,
        "Total Revenue": NaN,
        "Gross Profit": NaN,
        "Operating Income": NaN,
        "EBIT": NaN,
        "Net Income": NaN
    },
    "2023-06-30": {
        "Tax Effect Of Unusual Items": 0.0,
        "Tax Rate For Calcs": 0.098,
        "Normalized EBITDA": 38176000.0,
        "Total Unusual Items": NaN,
        "Total Unusual Items Excluding Goodwill": NaN,
        "Net Income From Continuing Operation Net Minority Interest": 12303000.0,
        "Reconciled Depreciation": 16449000.0,
        "Reconciled Cost Of Revenue": 79763000.0,
        "EBITDA": 38176000.0,
        "EBIT": 21727000.0,
        "Net Interest Income": -8085000.0,
        "Interest Expense": 8085000.0,
        "Normalized Income": 12303000.0,
        "Net Income From Continuing And Discontinued Operation": 12303000.0,
        "Total Expenses": 86358000.0,
        "Rent Expense Supplemental": 16018000.0,
        "Total Operating Income As Reported": 20267000.0,
        "Diluted Average Shares": 83699619.0,
        "Basic Average Shares": 81404635.0,
        "Diluted EPS": 0.15,
        "Basic EPS": 0.15,
        "Diluted NI Availto Com Stockholders": 12303000.0,
        "Net Income Common Stockholders": 12303000.0,
        "Net Income": 12303000.0,
        "Net Income Including Noncontrolling Interests": 12303000.0,
        "Net Income Continuous Operations": 12303000.0,
        "Tax Provision": 1339000.0,
        "Pretax Income": 13642000.0,
        "Other Income Expense": 1460000.0,
        "Other Non Operating Income Expenses": 1460000.0,
        "Special Income Charges": NaN,
        "Gain On Sale Of Ppe": NaN,
        "Net Non Operating Interest Income Expense": -8085000.0,
        "Interest Expense Non Operating": 8085000.0,
        "Operating Income": 20267000.0,
        "Operating Expense": 6595000.0,
        "Selling General And Administration": 6595000.0,
        "General And Administrative Expense": 6595000.0,
        "Other Gand A": 6595000.0,
        "Gross Profit": 26862000.0,
        "Cost Of Revenue": 79763000.0,
        "Total Revenue": 106625000.0,
        "Operating Revenue": 106625000.0
    },
    "2023-09-30": {
        "Tax Effect Of Unusual Items": 0.0,
        "Tax Rate For Calcs": 0.203,
        "Normalized EBITDA": 46845000.0,
        "Total Unusual Items": NaN,
        "Total Unusual Items Excluding Goodwill": NaN,
        "Net Income From Continuing Operation Net Minority Interest": 17592000.0,
        "Reconciled Depreciation": 17003000.0,
        "Reconciled Cost Of Revenue": 80063000.0,
        "EBITDA": 46845000.0,
        "EBIT": 29842000.0,
        "Net Interest Income": -7779000.0,
        "Interest Expense": 7779000.0,
        "Normalized Income": 17592000.0,
        "Net Income From Continuing And Discontinued Operation": 17592000.0,
        "Total Expenses": 87236000.0,
        "Rent Expense Supplemental": 16233000.0,
        "Total Operating Income As Reported": 28199000.0,
        "Diluted Average Shares": 80700618.0,
        "Basic Average Shares": 78263667.0,
        "Diluted EPS": 0.22,
        "Basic EPS": 0.22,
        "Diluted NI Availto Com Stockholders": 17592000.0,
        "Net Income Common Stockholders": 17592000.0,
        "Net Income": 17592000.0,
        "Net Income Including Noncontrolling Interests": 17592000.0,
        "Net Income Continuous Operations": 17592000.0,
        "Tax Provision": 4471000.0,
        "Pretax Income": 22063000.0,
        "Other Income Expense": 1643000.0,
        "Other Non Operating Income Expenses": 1643000.0,
        "Special Income Charges": NaN,
        "Gain On Sale Of Ppe": NaN,
        "Net Non Operating Interest Income Expense": -7779000.0,
        "Interest Expense Non Operating": 7779000.0,
        "Operating Income": 28199000.0,
        "Operating Expense": 7173000.0,
        "Selling General And Administration": 7173000.0,
        "General And Administrative Expense": 7173000.0,
        "Other Gand A": 7173000.0,
        "Gross Profit": 35372000.0,
        "Cost Of Revenue": 80063000.0,
        "Total Revenue": 115435000.0,
        "Operating Revenue": 115435000.0
    },
    "2023-12-31": {
        "Tax Effect Of Unusual Items": 0.0,
        "Tax Rate For Calcs": 0.037154,
        "Normalized EBITDA": 46070000.0,
        "Total Unusual Items": NaN,
        "Total Unusual Items Excluding Goodwill": NaN,
        "Net Income From Continuing Operation Net Minority Interest": 20421000.0,
        "Reconciled Depreciation": 17664000.0,
        "Reconciled Cost Of Revenue": 83487000.0,
        "EBITDA": 46070000.0,
        "EBIT": 28406000.0,
        "Net Interest Income": -3238000.0,
        "Interest Expense": 7197000.0,
        "Normalized Income": 20421000.0,
        "Net Income From Continuing And Discontinued Operation": 20421000.0,
        "Total Expenses": 90096000.0,
        "Rent Expense Supplemental": 16983000.0,
        "Total Operating Income As Reported": 25924000.0,
        "Diluted Average Shares": NaN,
        "Basic Average Shares": NaN,
        "Diluted EPS": NaN,
        "Basic EPS": NaN,
        "Diluted NI Availto Com Stockholders": 20421000.0,
        "Net Income Common Stockholders": 20421000.0,
        "Net Income": 20421000.0,
        "Net Income Including Noncontrolling Interests": 20421000.0,
        "Net Income Continuous Operations": 20421000.0,
        "Tax Provision": 788000.0,
        "Pretax Income": 21209000.0,
        "Other Income Expense": -1477000.0,
        "Other Non Operating Income Expenses": -3000000.0,
        "Special Income Charges": NaN,
        "Gain On Sale Of Ppe": NaN,
        "Net Non Operating Interest Income Expense": -3238000.0,
        "Interest Expense Non Operating": 7197000.0,
        "Operating Income": 25924000.0,
        "Operating Expense": 6609000.0,
        "Selling General And Administration": 6609000.0,
        "General And Administrative Expense": 6609000.0,
        "Other Gand A": 6609000.0,
        "Gross Profit": 32533000.0,
        "Cost Of Revenue": 83487000.0,
        "Total Revenue": 116020000.0,
        "Operating Revenue": 116020000.0
    }
}