{
    "2023-03-31": {
        "Tax Effect Of Unusual Items": -211596.64453,
        "Tax Rate For Calcs": 0.237749,
        "Normalized EBITDA": 35227000.0,
        "Total Unusual Items": -890000.0,
        "Total Unusual Items Excluding Goodwill": -890000.0,
        "Net Income From Continuing Operation Net Minority Interest": 21808000.0,
        "Reconciled Depreciation": 9676000.0,
        "Reconciled Cost Of Revenue": 199103000.0,
        "EBIT": 34337000.0,
        "Net Interest Income": -5727000.0,
        "Interest Expense": 5727000.0,
        "Normalized Income": 22486403.35547,
        "Net Income From Continuing And Discontinued Operation": 21808000.0,
        "Total Expenses": 267662000.0,
        "Total Operating Income As Reported": 34337000.0,
        "Diluted Average Shares": 17184000.0,
        "Basic Average Shares": 16727121.0,
        "Diluted EPS": 1.27,
        "Basic EPS": 1.303751,
        "Diluted NI Availto Com Stockholders": 21808000.0,
        "Net Income Common Stockholders": 21808000.0,
        "Net Income": 21808000.0,
        "Net Income Including Noncontrolling Interests": 21808000.0,
        "Net Income Continuous Operations": 21808000.0,
        "Tax Provision": 6802000.0,
        "Pretax Income": 28610000.0,
        "Other Income Expense": -890000.0,
        "Other Non Operating Income Expenses": NaN,
        "Special Income Charges": -890000.0,
        "Other Special Charges": NaN,
        "Write Off": 890000.0,
        "Restructuring And Mergern Acquisition": 611000.0,
        "Net Non Operating Interest Income Expense": -5727000.0,
        "Interest Expense Non Operating": 5727000.0,
        "Operating Income": 35227000.0,
        "Operating Expense": 68559000.0,
        "Research And Development": 14852000.0,
        "Selling General And Administration": 53707000.0,
        "General And Administrative Expense": 53986000.0,
        "Other Gand A": 53986000.0,
        "Gross Profit": 103786000.0,
        "Cost Of Revenue": 199103000.0,
        "Total Revenue": 302889000.0,
        "Operating Revenue": 302889000.0
    },
    "2022-12-31": {
        "Tax Effect Of Unusual Items": -439709.96012,
        "Tax Rate For Calcs": 0.194821,
        "Normalized EBITDA": 27748000.0,
        "Total Unusual Items": -2257000.0,
        "Total Unusual Items Excluding Goodwill": -2257000.0,
        "Net Income From Continuing Operation Net Minority Interest": 16354000.0,
        "Reconciled Depreciation": 9602000.0,
        "Reconciled Cost Of Revenue": 199390000.0,
        "EBIT": 25491000.0,
        "Net Interest Income": -5180000.0,
        "Interest Expense": 5180000.0,
        "Normalized Income": 18171290.03988,
        "Net Income From Continuing And Discontinued Operation": 16354000.0,
        "Total Expenses": 267849000.0,
        "Total Operating Income As Reported": 25491000.0,
        "Diluted Average Shares": 17103000.0,
        "Basic Average Shares": 16841000.0,
        "Diluted EPS": 0.96,
        "Basic EPS": 0.97,
        "Diluted NI Availto Com Stockholders": 16354000.0,
        "Net Income Common Stockholders": 16354000.0,
        "Net Income": 16354000.0,
        "Net Income Including Noncontrolling Interests": 16354000.0,
        "Net Income Continuous Operations": 16354000.0,
        "Tax Provision": 3957000.0,
        "Pretax Income": 20311000.0,
        "Other Income Expense": -2257000.0,
        "Other Non Operating Income Expenses": NaN,
        "Special Income Charges": -2257000.0,
        "Other Special Charges": NaN,
        "Write Off": 2257000.0,
        "Restructuring And Mergern Acquisition": 323000.0,
        "Net Non Operating Interest Income Expense": -5180000.0,
        "Interest Expense Non Operating": 5180000.0,
        "Operating Income": 27748000.0,
        "Operating Expense": 68459000.0,
        "Research And Development": 14456000.0,
        "Selling General And Administration": 54003000.0,
        "General And Administrative Expense": 55937000.0,
        "Other Gand A": 55937000.0,
        "Gross Profit": 96207000.0,
        "Cost Of Revenue": 199390000.0,
        "Total Revenue": 295597000.0,
        "Operating Revenue": 295597000.0
    },
    "2022-09-30": {
        "Tax Effect Of Unusual Items": -297436.0,
        "Tax Rate For Calcs": 0.244,
        "Normalized EBITDA": 29060000.0,
        "Total Unusual Items": -1219000.0,
        "Total Unusual Items Excluding Goodwill": -1219000.0,
        "Net Income From Continuing Operation Net Minority Interest": 11235000.0,
        "Reconciled Depreciation": 9541000.0,
        "Reconciled Cost Of Revenue": 180574000.0,
        "EBIT": 18300000.0,
        "Net Interest Income": -3432000.0,
        "Interest Expense": 3432000.0,
        "Normalized Income": 12156564.0,
        "Net Income From Continuing And Discontinued Operation": 11235000.0,
        "Total Expenses": 248552000.0,
        "Total Operating Income As Reported": 18300000.0,
        "Diluted Average Shares": 17180000.0,
        "Basic Average Shares": 16924000.0,
        "Diluted EPS": 0.65,
        "Basic EPS": 0.66,
        "Diluted NI Availto Com Stockholders": 11235000.0,
        "Net Income Common Stockholders": 11235000.0,
        "Net Income": 11235000.0,
        "Net Income Including Noncontrolling Interests": 11235000.0,
        "Net Income Continuous Operations": 11235000.0,
        "Tax Provision": 3633000.0,
        "Pretax Income": 14868000.0,
        "Other Income Expense": -1219000.0,
        "Other Non Operating Income Expenses": NaN,
        "Special Income Charges": -1219000.0,
        "Other Special Charges": 940000.0,
        "Write Off": NaN,
        "Restructuring And Mergern Acquisition": 279000.0,
        "Net Non Operating Interest Income Expense": -3432000.0,
        "Interest Expense Non Operating": 3432000.0,
        "Operating Income": 19519000.0,
        "Operating Expense": 67978000.0,
        "Research And Development": 14540000.0,
        "Selling General And Administration": 53438000.0,
        "General And Administrative Expense": NaN,
        "Other Gand A": NaN,
        "Gross Profit": 87497000.0,
        "Cost Of Revenue": 180574000.0,
        "Total Revenue": 268071000.0,
        "Operating Revenue": 268071000.0
    },
    "2022-06-30": {
        "Tax Effect Of Unusual Items": -247674.647849,
        "Tax Rate For Calcs": 0.090657,
        "Normalized EBITDA": 42289000.0,
        "Total Unusual Items": -2732000.0,
        "Total Unusual Items Excluding Goodwill": -2732000.0,
        "Net Income From Continuing Operation Net Minority Interest": 33763000.0,
        "Reconciled Depreciation": 9699000.0,
        "Reconciled Cost Of Revenue": 214355000.0,
        "EBIT": 39557000.0,
        "Net Interest Income": -2428000.0,
        "Interest Expense": 2428000.0,
        "Normalized Income": 36247325.352151,
        "Net Income From Continuing And Discontinued Operation": 33763000.0,
        "Total Expenses": 294532000.0,
        "Total Operating Income As Reported": 39557000.0,
        "Diluted Average Shares": 17372000.0,
        "Basic Average Shares": 17002000.0,
        "Diluted EPS": 1.94,
        "Basic EPS": 2.001357,
        "Diluted NI Availto Com Stockholders": 33763000.0,
        "Net Income Common Stockholders": 33763000.0,
        "Net Income": 33763000.0,
        "Net Income Including Noncontrolling Interests": 33763000.0,
        "Net Income Continuous Operations": 33763000.0,
        "Tax Provision": 3366000.0,
        "Pretax Income": 37129000.0,
        "Other Income Expense": -2732000.0,
        "Other Non Operating Income Expenses": 0.0,
        "Special Income Charges": -2732000.0,
        "Other Special Charges": 1578000.0,
        "Write Off": 2732000.0,
        "Restructuring And Mergern Acquisition": 148000.0,
        "Net Non Operating Interest Income Expense": -2428000.0,
        "Interest Expense Non Operating": 2428000.0,
        "Operating Income": 42289000.0,
        "Operating Expense": 80177000.0,
        "Research And Development": 14639000.0,
        "Selling General And Administration": 65538000.0,
        "General And Administrative Expense": NaN,
        "Other Gand A": NaN,
        "Gross Profit": 122466000.0,
        "Cost Of Revenue": 214355000.0,
        "Total Revenue": 336821000.0,
        "Operating Revenue": 336821000.0
    },
    "2022-03-31": {
        "Diluted EPS": 2.41,
        "Total Revenue": 290,
        "Gross Profit": 103,
        "Operating Income": 28,
        "EBIT": 39,
        "Net Income": 43
    },
    "2021-12-31": {
        "Diluted EPS": 1.09,
        "Total Revenue": 277,
        "Gross Profit": 100,
        "Operating Income": 29,
        "EBIT": 39,
        "Net Income": 20
    },
    "2021-09-30": {
        "Diluted EPS": 1.04,
        "Total Revenue": 279,
        "Gross Profit": 99,
        "Operating Income": 25,
        "EBIT": 35,
        "Net Income": 19
    },
    "2021-06-30": {
        "Diluted EPS": 1.39,
        "Total Revenue": 332,
        "Gross Profit": 118,
        "Operating Income": 34,
        "EBIT": 49,
        "Net Income": 26
    },
    "2021-03-31": {
        "Diluted EPS": 1.03,
        "Total Revenue": 284,
        "Gross Profit": 104,
        "Operating Income": 32,
        "EBIT": 45,
        "Net Income": 19
    },
    "2020-12-31": {
        "Diluted EPS": 1.1,
        "Total Revenue": 276,
        "Gross Profit": 102,
        "Operating Income": 32,
        "EBIT": 46,
        "Net Income": 20
    },
    "2020-09-30": {
        "Diluted EPS": 0.51,
        "Total Revenue": 255,
        "Gross Profit": 96,
        "Operating Income": 17,
        "EBIT": 29,
        "Net Income": 9
    },
    "2020-06-30": {
        "Diluted EPS": 0.77,
        "Total Revenue": 277,
        "Gross Profit": 102,
        "Operating Income": 23,
        "EBIT": 38,
        "Net Income": 14
    },
    "2020-03-31": {
        "Diluted EPS": 1.06,
        "Total Revenue": 293,
        "Gross Profit": 109,
        "Operating Income": 24,
        "EBIT": 37,
        "Net Income": 20
    },
    "2019-12-31": {
        "Diluted EPS": 1.12,
        "Total Revenue": 305,
        "Gross Profit": 111,
        "Operating Income": 33,
        "EBIT": 49,
        "Net Income": 21
    },
    "2019-09-30": {
        "Diluted EPS": 1.1,
        "Total Revenue": 291,
        "Gross Profit": 99,
        "Operating Income": 25,
        "EBIT": 41,
        "Net Income": 21
    },
    "2019-06-30": {
        "Diluted EPS": 0.88,
        "Total Revenue": 308,
        "Gross Profit": 113,
        "Operating Income": 28,
        "EBIT": 44,
        "Net Income": 17
    },
    "2019-03-31": {
        "Diluted EPS": 1.05,
        "Total Revenue": 304,
        "Gross Profit": 111,
        "Operating Income": 32,
        "EBIT": 49,
        "Net Income": 20
    },
    "2018-12-31": {
        "Diluted EPS": 1.03,
        "Total Revenue": 303,
        "Gross Profit": 110,
        "Operating Income": 32,
        "EBIT": 48,
        "Net Income": 19
    },
    "2018-09-30": {
        "Diluted EPS": 0.5,
        "Total Revenue": 266,
        "Gross Profit": 96,
        "Operating Income": 16,
        "EBIT": 33,
        "Net Income": 9
    },
    "2018-06-30": {
        "Diluted EPS": 0.25,
        "Total Revenue": 287,
        "Gross Profit": 101,
        "Operating Income": 11,
        "EBIT": 27,
        "Net Income": 5
    },
    "2018-03-31": {
        "Diluted EPS": 0.13,
        "Total Revenue": 267,
        "Gross Profit": 98,
        "Operating Income": 8,
        "EBIT": 24,
        "Net Income": 3
    },
    "2017-12-31": {
        "Diluted EPS": -2.47,
        "Total Revenue": 278,
        "Gross Profit": 102,
        "Operating Income": 18,
        "EBIT": 42,
        "Net Income": -47
    },
    "2017-09-30": {
        "Diluted EPS": 0.52,
        "Total Revenue": 257,
        "Gross Profit": 91,
        "Operating Income": 19,
        "EBIT": 42,
        "Net Income": 10
    },
    "2017-06-30": {
        "Diluted EPS": 0.07,
        "Total Revenue": 252,
        "Gross Profit": 87,
        "Operating Income": 3,
        "EBIT": 24,
        "Net Income": 2
    },
    "2017-03-31": {
        "Diluted EPS": 0.72,
        "Total Revenue": 245,
        "Gross Profit": 86,
        "Operating Income": 20,
        "EBIT": 37,
        "Net Income": 14
    },
    "2016-12-31": {
        "Diluted EPS": 0.25,
        "Total Revenue": 243,
        "Gross Profit": 83,
        "Operating Income": 9,
        "EBIT": 25,
        "Net Income": 5
    },
    "2016-09-30": {
        "Diluted EPS": 0.03,
        "Total Revenue": 221,
        "Gross Profit": 68,
        "Operating Income": 2,
        "EBIT": 18,
        "Net Income": 1
    },
    "2016-06-30": {
        "Diluted EPS": 0.29,
        "Total Revenue": 221,
        "Gross Profit": 71,
        "Operating Income": 9,
        "EBIT": 24,
        "Net Income": 6
    },
    "2016-03-31": {
        "Diluted EPS": 0.47,
        "Total Revenue": 211,
        "Gross Profit": 70,
        "Operating Income": 13,
        "EBIT": 28,
        "Net Income": 9
    },
    "2015-12-31": {
        "Diluted EPS": 0.01,
        "Total Revenue": 197,
        "Gross Profit": 68,
        "Operating Income": 1,
        "EBIT": 15,
        "Net Income": 0
    },
    "2015-09-30": {
        "Diluted EPS": 0.53,
        "Total Revenue": 200,
        "Gross Profit": 68,
        "Operating Income": 16,
        "EBIT": 30,
        "Net Income": 11
    },
    "2015-06-30": {
        "Diluted EPS": 1.09,
        "Total Revenue": 267,
        "Gross Profit": 89,
        "Operating Income": 31,
        "EBIT": 44,
        "Net Income": 22
    },
    "2015-03-31": {
        "Diluted EPS": 0.64,
        "Total Revenue": 215,
        "Gross Profit": 73,
        "Operating Income": 18,
        "EBIT": 32,
        "Net Income": 13
    },
    "2014-12-31": {
        "Diluted EPS": 0.89,
        "Total Revenue": 258,
        "Gross Profit": 89,
        "Operating Income": 26,
        "EBIT": 40,
        "Net Income": 18
    },
    "2014-09-30": {
        "Diluted EPS": 0.55,
        "Total Revenue": 218,
        "Gross Profit": 74,
        "Operating Income": 17,
        "EBIT": 34,
        "Net Income": 11
    },
    "2014-06-30": {
        "Diluted EPS": 1.08,
        "Total Revenue": 260,
        "Gross Profit": 86,
        "Operating Income": 31,
        "EBIT": 45,
        "Net Income": 22
    },
    "2014-03-31": {
        "Diluted EPS": 0.23,
        "Total Revenue": 204,
        "Gross Profit": 71,
        "Operating Income": 18,
        "EBIT": 32,
        "Net Income": 5
    },
    "2013-12-31": {
        "Diluted EPS": 0.71,
        "Total Revenue": 236,
        "Gross Profit": 81,
        "Operating Income": 22,
        "EBIT": 36,
        "Net Income": 15
    },
    "2013-09-30": {
        "Diluted EPS": 0.31,
        "Total Revenue": 206,
        "Gross Profit": 68,
        "Operating Income": 10,
        "EBIT": 23,
        "Net Income": 6
    },
    "2013-06-30": {
        "Diluted EPS": 0.58,
        "Total Revenue": 228,
        "Gross Profit": 87,
        "Operating Income": 26,
        "EBIT": 36,
        "Net Income": 12
    },
    "2013-03-31": {
        "Diluted EPS": 0.66,
        "Total Revenue": 198,
        "Gross Profit": 72,
        "Operating Income": 19,
        "EBIT": 26,
        "Net Income": 14
    },
    "2012-12-31": {
        "Diluted EPS": 0.6,
        "Total Revenue": 194,
        "Gross Profit": 70,
        "Operating Income": 19,
        "EBIT": 25,
        "Net Income": 12
    },
    "2012-09-30": {
        "Diluted EPS": 0.31,
        "Total Revenue": 182,
        "Gross Profit": 61,
        "Operating Income": 10,
        "EBIT": 15,
        "Net Income": 6
    },
    "2012-06-30": {
        "Diluted EPS": 0.77,
        "Total Revenue": 235,
        "Gross Profit": 81,
        "Operating Income": 22,
        "EBIT": 27,
        "Net Income": 16
    },
    "2012-03-31": {
        "Diluted EPS": 0.62,
        "Total Revenue": 208,
        "Gross Profit": 69,
        "Operating Income": 18,
        "EBIT": 23,
        "Net Income": 13
    },
    "2011-12-31": {
        "Diluted EPS": 0.61,
        "Total Revenue": 188,
        "Gross Profit": 66,
        "Operating Income": 18,
        "EBIT": 23,
        "Net Income": 12
    },
    "2011-09-30": {
        "Diluted EPS": 0.24,
        "Total Revenue": 161,
        "Gross Profit": 53,
        "Operating Income": 8,
        "EBIT": 12,
        "Net Income": 5
    },
    "2011-06-30": {
        "Diluted EPS": 0.61,
        "Total Revenue": 183,
        "Gross Profit": 70,
        "Operating Income": 17,
        "EBIT": 22,
        "Net Income": 12
    },
    "2011-03-31": {
        "Diluted EPS": 0.45,
        "Total Revenue": 175,
        "Gross Profit": 62,
        "Operating Income": 12,
        "EBIT": 16,
        "Net Income": 9
    },
    "2010-12-31": {
        "Diluted EPS": 0.47,
        "Total Revenue": 169,
        "Gross Profit": 60,
        "Operating Income": 13,
        "EBIT": 18,
        "Net Income": 9
    },
    "2010-09-30": {
        "Diluted EPS": 0.18,
        "Total Revenue": 128,
        "Gross Profit": 47,
        "Operating Income": 5,
        "EBIT": 10,
        "Net Income": 3
    },
    "2010-06-30": {
        "Diluted EPS": 0.42,
        "Total Revenue": 165,
        "Gross Profit": 64,
        "Operating Income": 13,
        "EBIT": 19,
        "Net Income": 8
    },
    "2010-03-31": {
        "Diluted EPS": 0.33,
        "Total Revenue": 145,
        "Gross Profit": 53,
        "Operating Income": 8,
        "EBIT": 13,
        "Net Income": 6
    },
    "2009-12-31": {
        "Diluted EPS": 0.39,
        "Total Revenue": 151,
        "Gross Profit": 56,
        "Operating Income": 11,
        "EBIT": 15,
        "Net Income": 7
    },
    "2009-09-30": {
        "Diluted EPS": 0.14,
        "Total Revenue": 134,
        "Gross Profit": 44,
        "Operating Income": 4,
        "EBIT": 8,
        "Net Income": 3
    },
    "2009-06-30": {
        "Diluted EPS": 0.23,
        "Total Revenue": 139,
        "Gross Profit": 48,
        "Operating Income": 7,
        "EBIT": 12,
        "Net Income": 4
    },
    "2009-03-31": {
        "Diluted EPS": 0.15,
        "Total Revenue": 144,
        "Gross Profit": 50,
        "Operating Income": 4,
        "EBIT": 9,
        "Net Income": 3
    },
    "2023-06-30": {
        "Tax Effect Of Unusual Items": -564007.074967,
        "Tax Rate For Calcs": 0.176252,
        "Normalized EBITDA": 60351000.0,
        "Total Unusual Items": -3200000.0,
        "Total Unusual Items Excluding Goodwill": -3200000.0,
        "Net Income From Continuing Operation Net Minority Interest": 42381000.0,
        "Reconciled Depreciation": NaN,
        "Reconciled Cost Of Revenue": 268850000.0,
        "EBIT": 57151000.0,
        "Net Interest Income": -5702000.0,
        "Interest Expense": 5702000.0,
        "Normalized Income": 45016992.925033,
        "Net Income From Continuing And Discontinued Operation": 42381000.0,
        "Total Expenses": 351519000.0,
        "Total Operating Income As Reported": 57151000.0,
        "Diluted Average Shares": 17249000.0,
        "Basic Average Shares": 16727882.0,
        "Diluted EPS": 2.46,
        "Basic EPS": 2.533554,
        "Diluted NI Availto Com Stockholders": 42381000.0,
        "Net Income Common Stockholders": 42381000.0,
        "Net Income": 42381000.0,
        "Net Income Including Noncontrolling Interests": 42381000.0,
        "Net Income Continuous Operations": 42381000.0,
        "Tax Provision": 9068000.0,
        "Pretax Income": 51449000.0,
        "Other Income Expense": -3200000.0,
        "Other Non Operating Income Expenses": NaN,
        "Special Income Charges": -3200000.0,
        "Other Special Charges": NaN,
        "Write Off": 3200000.0,
        "Restructuring And Mergern Acquisition": NaN,
        "Net Non Operating Interest Income Expense": -5702000.0,
        "Interest Expense Non Operating": 5702000.0,
        "Operating Income": 60351000.0,
        "Operating Expense": 82669000.0,
        "Research And Development": 15504000.0,
        "Selling General And Administration": 67165000.0,
        "General And Administrative Expense": NaN,
        "Other Gand A": NaN,
        "Gross Profit": 143020000.0,
        "Cost Of Revenue": 268850000.0,
        "Total Revenue": 411870000.0,
        "Operating Revenue": 411870000.0
    }
}