{
    "2023-03-31": {
        "Tax Effect Of Unusual Items": NaN,
        "Tax Rate For Calcs": NaN,
        "Normalized EBITDA": NaN,
        "Total Unusual Items": NaN,
        "Total Unusual Items Excluding Goodwill": NaN,
        "Net Income From Continuing Operation Net Minority Interest": NaN,
        "Reconciled Depreciation": NaN,
        "Reconciled Cost Of Revenue": NaN,
        "EBITDA": NaN,
        "EBIT": NaN,
        "Net Interest Income": NaN,
        "Interest Income": NaN,
        "Normalized Income": NaN,
        "Net Income From Continuing And Discontinued Operation": NaN,
        "Total Expenses": NaN,
        "Total Operating Income As Reported": NaN,
        "Diluted Average Shares": 40057000.0,
        "Basic Average Shares": 40057000.0,
        "Diluted EPS": -0.21,
        "Basic EPS": -0.21,
        "Diluted NI Availto Com Stockholders": NaN,
        "Net Income Common Stockholders": NaN,
        "Net Income": NaN,
        "Net Income Including Noncontrolling Interests": NaN,
        "Net Income Continuous Operations": NaN,
        "Tax Provision": NaN,
        "Pretax Income": NaN,
        "Other Income Expense": NaN,
        "Other Non Operating Income Expenses": NaN,
        "Special Income Charges": NaN,
        "Restructuring And Mergern Acquisition": NaN,
        "Net Non Operating Interest Income Expense": NaN,
        "Total Other Finance Cost": -503000.0,
        "Interest Income Non Operating": NaN,
        "Operating Income": NaN,
        "Operating Expense": NaN,
        "Depreciation Amortization Depletion Income Statement": NaN,
        "Depreciation And Amortization In Income Statement": NaN,
        "Amortization": NaN,
        "Amortization Of Intangibles Income Statement": NaN,
        "Research And Development": NaN,
        "Selling General And Administration": NaN,
        "Selling And Marketing Expense": NaN,
        "General And Administrative Expense": NaN,
        "Other Gand A": NaN,
        "Gross Profit": NaN,
        "Cost Of Revenue": NaN,
        "Total Revenue": NaN,
        "Operating Revenue": NaN
    },
    "2022-12-31": {
        "Tax Effect Of Unusual Items": NaN,
        "Tax Rate For Calcs": NaN,
        "Normalized EBITDA": NaN,
        "Total Unusual Items": NaN,
        "Total Unusual Items Excluding Goodwill": NaN,
        "Net Income From Continuing Operation Net Minority Interest": NaN,
        "Reconciled Depreciation": NaN,
        "Reconciled Cost Of Revenue": NaN,
        "EBITDA": NaN,
        "EBIT": NaN,
        "Net Interest Income": NaN,
        "Interest Income": NaN,
        "Normalized Income": NaN,
        "Net Income From Continuing And Discontinued Operation": NaN,
        "Total Expenses": NaN,
        "Total Operating Income As Reported": NaN,
        "Diluted Average Shares": NaN,
        "Basic Average Shares": NaN,
        "Diluted EPS": NaN,
        "Basic EPS": NaN,
        "Diluted NI Availto Com Stockholders": NaN,
        "Net Income Common Stockholders": NaN,
        "Net Income": NaN,
        "Net Income Including Noncontrolling Interests": NaN,
        "Net Income Continuous Operations": NaN,
        "Tax Provision": NaN,
        "Pretax Income": NaN,
        "Other Income Expense": NaN,
        "Other Non Operating Income Expenses": NaN,
        "Special Income Charges": NaN,
        "Write Off": 0.0,
        "Restructuring And Mergern Acquisition": NaN,
        "Net Non Operating Interest Income Expense": NaN,
        "Total Other Finance Cost": -398000.0,
        "Interest Income Non Operating": NaN,
        "Operating Income": NaN,
        "Operating Expense": NaN,
        "Depreciation Amortization Depletion Income Statement": NaN,
        "Depreciation And Amortization In Income Statement": NaN,
        "Amortization": NaN,
        "Amortization Of Intangibles Income Statement": NaN,
        "Research And Development": NaN,
        "Selling General And Administration": NaN,
        "Selling And Marketing Expense": NaN,
        "General And Administrative Expense": NaN,
        "Other Gand A": NaN,
        "Gross Profit": NaN,
        "Cost Of Revenue": NaN,
        "Total Revenue": NaN,
        "Operating Revenue": NaN
    },
    "2022-09-30": {
        "Tax Effect Of Unusual Items": NaN,
        "Tax Rate For Calcs": NaN,
        "Normalized EBITDA": NaN,
        "Total Unusual Items": NaN,
        "Total Unusual Items Excluding Goodwill": NaN,
        "Net Income From Continuing Operation Net Minority Interest": NaN,
        "Reconciled Depreciation": NaN,
        "Reconciled Cost Of Revenue": NaN,
        "EBITDA": NaN,
        "EBIT": NaN,
        "Net Interest Income": NaN,
        "Interest Income": 179000.0,
        "Normalized Income": NaN,
        "Net Income From Continuing And Discontinued Operation": NaN,
        "Total Expenses": NaN,
        "Total Operating Income As Reported": NaN,
        "Diluted Average Shares": NaN,
        "Basic Average Shares": NaN,
        "Diluted EPS": NaN,
        "Basic EPS": NaN,
        "Diluted NI Availto Com Stockholders": NaN,
        "Net Income Common Stockholders": NaN,
        "Net Income": NaN,
        "Net Income Including Noncontrolling Interests": NaN,
        "Net Income Continuous Operations": NaN,
        "Tax Provision": NaN,
        "Pretax Income": NaN,
        "Other Income Expense": NaN,
        "Other Non Operating Income Expenses": NaN,
        "Special Income Charges": NaN,
        "Write Off": 3828000.0,
        "Restructuring And Mergern Acquisition": NaN,
        "Net Non Operating Interest Income Expense": NaN,
        "Total Other Finance Cost": -179000.0,
        "Interest Income Non Operating": 179000.0,
        "Operating Income": NaN,
        "Operating Expense": NaN,
        "Depreciation Amortization Depletion Income Statement": NaN,
        "Depreciation And Amortization In Income Statement": NaN,
        "Amortization": NaN,
        "Amortization Of Intangibles Income Statement": NaN,
        "Research And Development": NaN,
        "Selling General And Administration": NaN,
        "Selling And Marketing Expense": NaN,
        "General And Administrative Expense": NaN,
        "Other Gand A": NaN,
        "Gross Profit": NaN,
        "Cost Of Revenue": NaN,
        "Total Revenue": NaN,
        "Operating Revenue": NaN
    },
    "2022-06-30": {
        "Tax Effect Of Unusual Items": 0.0,
        "Tax Rate For Calcs": 0.4,
        "Normalized EBITDA": -7021000.0,
        "Total Unusual Items": NaN,
        "Total Unusual Items Excluding Goodwill": NaN,
        "Net Income From Continuing Operation Net Minority Interest": -9350000.0,
        "Reconciled Depreciation": 1217000.0,
        "Reconciled Cost Of Revenue": 17284000.0,
        "EBITDA": -7021000.0,
        "EBIT": -8238000.0,
        "Net Interest Income": 35000.0,
        "Interest Income": 35000.0,
        "Normalized Income": -9350000.0,
        "Net Income From Continuing And Discontinued Operation": -9350000.0,
        "Total Expenses": 61028000.0,
        "Total Operating Income As Reported": -8238000.0,
        "Diluted Average Shares": 40157000.0,
        "Basic Average Shares": 40157000.0,
        "Diluted EPS": -0.23,
        "Basic EPS": -0.23,
        "Diluted NI Availto Com Stockholders": -9350000.0,
        "Net Income Common Stockholders": -9350000.0,
        "Net Income": -9350000.0,
        "Net Income Including Noncontrolling Interests": -9350000.0,
        "Net Income Continuous Operations": -9350000.0,
        "Tax Provision": 472000.0,
        "Pretax Income": -8878000.0,
        "Other Income Expense": -675000.0,
        "Other Non Operating Income Expenses": -675000.0,
        "Special Income Charges": NaN,
        "Write Off": NaN,
        "Restructuring And Mergern Acquisition": NaN,
        "Net Non Operating Interest Income Expense": 35000.0,
        "Total Other Finance Cost": NaN,
        "Interest Income Non Operating": 35000.0,
        "Operating Income": -8238000.0,
        "Operating Expense": 43744000.0,
        "Depreciation Amortization Depletion Income Statement": 1217000.0,
        "Depreciation And Amortization In Income Statement": 1217000.0,
        "Amortization": 1217000.0,
        "Amortization Of Intangibles Income Statement": 1217000.0,
        "Research And Development": 12876000.0,
        "Selling General And Administration": 29651000.0,
        "Selling And Marketing Expense": 16381000.0,
        "General And Administrative Expense": 13270000.0,
        "Other Gand A": 13270000.0,
        "Gross Profit": 35506000.0,
        "Cost Of Revenue": 17284000.0,
        "Total Revenue": 52790000.0,
        "Operating Revenue": 52790000.0
    },
    "2022-03-31": {
        "Diluted EPS": 0.13,
        "Total Revenue": 52,
        "Gross Profit": 37,
        "Operating Income": -9,
        "EBIT": -7,
        "Net Income": 5
    },
    "2021-12-31": {
        "Diluted EPS": -0.35,
        "Total Revenue": 59,
        "Gross Profit": 37,
        "Operating Income": -6,
        "EBIT": -4,
        "Net Income": -14
    },
    "2021-09-30": {
        "Diluted EPS": -0.02,
        "Total Revenue": 52,
        "Gross Profit": 36,
        "Operating Income": -2,
        "EBIT": 0,
        "Net Income": -1
    },
    "2021-06-30": {
        "Diluted EPS": -0.17,
        "Total Revenue": 52,
        "Gross Profit": 35,
        "Operating Income": -9,
        "EBIT": -7,
        "Net Income": -7
    },
    "2021-03-31": {
        "Diluted EPS": -0.23,
        "Total Revenue": 51,
        "Gross Profit": 34,
        "Operating Income": -9,
        "EBIT": -7,
        "Net Income": -9
    },
    "2020-12-31": {
        "Diluted EPS": -0.05,
        "Total Revenue": 53,
        "Gross Profit": 35,
        "Operating Income": -2,
        "EBIT": 1,
        "Net Income": -2
    },
    "2020-09-30": {
        "Diluted EPS": -0.04,
        "Total Revenue": 51,
        "Gross Profit": 36,
        "Operating Income": -2,
        "EBIT": 1,
        "Net Income": -2
    },
    "2020-06-30": {
        "Diluted EPS": -0.05,
        "Total Revenue": 55,
        "Gross Profit": 37,
        "Operating Income": -2,
        "EBIT": 1,
        "Net Income": -2
    },
    "2020-03-31": {
        "Diluted EPS": 0.0,
        "Total Revenue": 56,
        "Gross Profit": 40,
        "Operating Income": 1,
        "EBIT": 4,
        "Net Income": 0
    },
    "2019-12-31": {
        "Diluted EPS": 0.1,
        "Total Revenue": 70,
        "Gross Profit": 45,
        "Operating Income": 5,
        "EBIT": 8,
        "Net Income": 4
    },
    "2019-09-30": {
        "Diluted EPS": 0.3,
        "Total Revenue": 80,
        "Gross Profit": 53,
        "Operating Income": 17,
        "EBIT": 20,
        "Net Income": 12
    },
    "2019-06-30": {
        "Diluted EPS": -0.06,
        "Total Revenue": 56,
        "Gross Profit": 38,
        "Operating Income": -2,
        "EBIT": 1,
        "Net Income": -3
    },
    "2019-03-31": {
        "Diluted EPS": -0.14,
        "Total Revenue": 48,
        "Gross Profit": 32,
        "Operating Income": -6,
        "EBIT": -3,
        "Net Income": -6
    },
    "2018-12-31": {
        "Diluted EPS": 0.09,
        "Total Revenue": 64,
        "Gross Profit": 41,
        "Operating Income": 3,
        "EBIT": 6,
        "Net Income": 3
    },
    "2018-09-30": {
        "Diluted EPS": -0.02,
        "Total Revenue": 52,
        "Gross Profit": 35,
        "Operating Income": -3,
        "EBIT": 0,
        "Net Income": -1
    },
    "2018-06-30": {
        "Diluted EPS": -0.03,
        "Total Revenue": 50,
        "Gross Profit": 36,
        "Operating Income": -3,
        "EBIT": 1,
        "Net Income": -1
    },
    "2018-03-31": {
        "Diluted EPS": 0.04,
        "Total Revenue": 45,
        "Gross Profit": 35,
        "Operating Income": 2,
        "EBIT": 4,
        "Net Income": 2
    },
    "2017-12-31": {
        "Diluted EPS": -0.64,
        "Total Revenue": 55,
        "Gross Profit": 36,
        "Operating Income": 1,
        "EBIT": 4,
        "Net Income": -26
    },
    "2017-09-30": {
        "Diluted EPS": 0.07,
        "Total Revenue": 51,
        "Gross Profit": 37,
        "Operating Income": 5,
        "EBIT": 8,
        "Net Income": 3
    },
    "2017-06-30": {
        "Diluted EPS": 0.0,
        "Total Revenue": 46,
        "Gross Profit": 32,
        "Operating Income": 0,
        "EBIT": 2,
        "Net Income": 0
    },
    "2017-03-31": {
        "Diluted EPS": 0.01,
        "Total Revenue": 42,
        "Gross Profit": 30,
        "Operating Income": 0,
        "EBIT": 3,
        "Net Income": 1
    },
    "2016-12-31": {
        "Diluted EPS": 0.13,
        "Total Revenue": 48,
        "Gross Profit": 32,
        "Operating Income": 2,
        "EBIT": 5,
        "Net Income": 5
    },
    "2016-09-30": {
        "Diluted EPS": 0.01,
        "Total Revenue": 44,
        "Gross Profit": 30,
        "Operating Income": 1,
        "EBIT": 4,
        "Net Income": 0
    },
    "2016-06-30": {
        "Diluted EPS": 0.07,
        "Total Revenue": 54,
        "Gross Profit": 37,
        "Operating Income": 3,
        "EBIT": 6,
        "Net Income": 3
    },
    "2016-03-31": {
        "Diluted EPS": 0.06,
        "Total Revenue": 47,
        "Gross Profit": 32,
        "Operating Income": 3,
        "EBIT": 6,
        "Net Income": 2
    },
    "2015-12-31": {
        "Diluted EPS": 0.09,
        "Total Revenue": 51,
        "Gross Profit": 31,
        "Operating Income": 5,
        "EBIT": 7,
        "Net Income": 3
    },
    "2015-09-30": {
        "Diluted EPS": 0.28,
        "Total Revenue": 60,
        "Gross Profit": 36,
        "Operating Income": 13,
        "EBIT": 15,
        "Net Income": 11
    },
    "2015-06-30": {
        "Diluted EPS": 0.35,
        "Total Revenue": 65,
        "Gross Profit": 38,
        "Operating Income": 16,
        "EBIT": 17,
        "Net Income": 14
    },
    "2015-03-31": {
        "Diluted EPS": 0.34,
        "Total Revenue": 65,
        "Gross Profit": 38,
        "Operating Income": 16,
        "EBIT": 18,
        "Net Income": 14
    },
    "2014-12-31": {
        "Diluted EPS": 0.31,
        "Total Revenue": 62,
        "Gross Profit": 33,
        "Operating Income": 13,
        "EBIT": 14,
        "Net Income": 12
    },
    "2014-09-30": {
        "Diluted EPS": 0.28,
        "Total Revenue": 53,
        "Gross Profit": 36,
        "Operating Income": 14,
        "EBIT": 15,
        "Net Income": 11
    },
    "2014-06-30": {
        "Diluted EPS": 0.17,
        "Total Revenue": 48,
        "Gross Profit": 31,
        "Operating Income": 8,
        "EBIT": 9,
        "Net Income": 7
    },
    "2014-03-31": {
        "Diluted EPS": 0.09,
        "Total Revenue": 39,
        "Gross Profit": 26,
        "Operating Income": 4,
        "EBIT": 5,
        "Net Income": 4
    },
    "2013-12-31": {
        "Diluted EPS": 0.08,
        "Total Revenue": 43,
        "Gross Profit": 28,
        "Operating Income": 4,
        "EBIT": 6,
        "Net Income": 3
    },
    "2013-09-30": {
        "Diluted EPS": 0.08,
        "Total Revenue": 39,
        "Gross Profit": 25,
        "Operating Income": 5,
        "EBIT": 7,
        "Net Income": 3
    },
    "2013-06-30": {
        "Diluted EPS": 0.05,
        "Total Revenue": 37,
        "Gross Profit": 24,
        "Operating Income": 2,
        "EBIT": 3,
        "Net Income": 2
    },
    "2013-03-31": {
        "Diluted EPS": 0.07,
        "Total Revenue": 35,
        "Gross Profit": 23,
        "Operating Income": 3,
        "EBIT": 4,
        "Net Income": 3
    },
    "2012-12-31": {
        "Diluted EPS": 0.05,
        "Total Revenue": 39,
        "Gross Profit": 24,
        "Operating Income": 4,
        "EBIT": 4,
        "Net Income": 2
    },
    "2012-09-30": {
        "Diluted EPS": 0.12,
        "Total Revenue": 36,
        "Gross Profit": 24,
        "Operating Income": 6,
        "EBIT": 7,
        "Net Income": 5
    },
    "2012-06-30": {
        "Diluted EPS": 0.18,
        "Total Revenue": 47,
        "Gross Profit": 29,
        "Operating Income": 9,
        "EBIT": 10,
        "Net Income": 7
    },
    "2012-03-31": {
        "Diluted EPS": 0.05,
        "Total Revenue": 32,
        "Gross Profit": 22,
        "Operating Income": 2,
        "EBIT": 3,
        "Net Income": 2
    },
    "2011-12-31": {
        "Diluted EPS": 0.28,
        "Total Revenue": 49,
        "Gross Profit": 32,
        "Operating Income": 9,
        "EBIT": 10,
        "Net Income": 11
    },
    "2011-09-30": {
        "Diluted EPS": 0.06,
        "Total Revenue": 41,
        "Gross Profit": 28,
        "Operating Income": 7,
        "EBIT": 8,
        "Net Income": 2
    },
    "2011-06-30": {
        "Diluted EPS": 0.07,
        "Total Revenue": 42,
        "Gross Profit": 26,
        "Operating Income": 4,
        "EBIT": 5,
        "Net Income": 3
    },
    "2011-03-31": {
        "Diluted EPS": 0.06,
        "Total Revenue": 36,
        "Gross Profit": 23,
        "Operating Income": 4,
        "EBIT": 5,
        "Net Income": 3
    },
    "2010-12-31": {
        "Diluted EPS": 0.17,
        "Total Revenue": 33,
        "Gross Profit": 23,
        "Operating Income": 8,
        "EBIT": 8,
        "Net Income": 7
    },
    "2010-09-30": {
        "Diluted EPS": 0.06,
        "Total Revenue": 26,
        "Gross Profit": 19,
        "Operating Income": 3,
        "EBIT": 3,
        "Net Income": 2
    },
    "2010-06-30": {
        "Diluted EPS": 0.04,
        "Total Revenue": 25,
        "Gross Profit": 17,
        "Operating Income": 2,
        "EBIT": 2,
        "Net Income": 1
    },
    "2010-03-31": {
        "Diluted EPS": 0.01,
        "Total Revenue": 24,
        "Gross Profit": 17,
        "Operating Income": 1,
        "EBIT": 1,
        "Net Income": 1
    },
    "2009-12-31": {
        "Diluted EPS": 0.13,
        "Total Revenue": 32,
        "Gross Profit": 22,
        "Operating Income": 5,
        "EBIT": 6,
        "Net Income": 5
    },
    "2009-09-30": {
        "Diluted EPS": 0.04,
        "Total Revenue": 22,
        "Gross Profit": 15,
        "Operating Income": 2,
        "EBIT": 3,
        "Net Income": 2
    },
    "2009-06-30": {
        "Diluted EPS": 0.05,
        "Total Revenue": 24,
        "Gross Profit": 17,
        "Operating Income": 1,
        "EBIT": 2,
        "Net Income": 2
    },
    "2009-03-31": {
        "Diluted EPS": 0.09,
        "Total Revenue": 23,
        "Gross Profit": 17,
        "Operating Income": 5,
        "EBIT": 6,
        "Net Income": 3
    },
    "2023-06-30": {
        "Tax Effect Of Unusual Items": NaN,
        "Tax Rate For Calcs": NaN,
        "Normalized EBITDA": NaN,
        "Total Unusual Items": NaN,
        "Total Unusual Items Excluding Goodwill": NaN,
        "Net Income From Continuing Operation Net Minority Interest": NaN,
        "Reconciled Depreciation": NaN,
        "Reconciled Cost Of Revenue": NaN,
        "EBITDA": NaN,
        "EBIT": NaN,
        "Net Interest Income": NaN,
        "Interest Income": 585000.0,
        "Normalized Income": NaN,
        "Net Income From Continuing And Discontinued Operation": NaN,
        "Total Expenses": NaN,
        "Total Operating Income As Reported": NaN,
        "Diluted Average Shares": 40399000.0,
        "Basic Average Shares": 40399000.0,
        "Diluted EPS": -0.44,
        "Basic EPS": -0.44,
        "Diluted NI Availto Com Stockholders": NaN,
        "Net Income Common Stockholders": NaN,
        "Net Income": NaN,
        "Net Income Including Noncontrolling Interests": NaN,
        "Net Income Continuous Operations": NaN,
        "Tax Provision": NaN,
        "Pretax Income": NaN,
        "Other Income Expense": NaN,
        "Other Non Operating Income Expenses": NaN,
        "Special Income Charges": NaN,
        "Restructuring And Mergern Acquisition": NaN,
        "Net Non Operating Interest Income Expense": NaN,
        "Total Other Finance Cost": NaN,
        "Interest Income Non Operating": 585000.0,
        "Operating Income": NaN,
        "Operating Expense": NaN,
        "Depreciation Amortization Depletion Income Statement": NaN,
        "Depreciation And Amortization In Income Statement": NaN,
        "Amortization": NaN,
        "Amortization Of Intangibles Income Statement": NaN,
        "Research And Development": NaN,
        "Selling General And Administration": NaN,
        "Selling And Marketing Expense": NaN,
        "General And Administrative Expense": NaN,
        "Other Gand A": NaN,
        "Gross Profit": NaN,
        "Cost Of Revenue": NaN,
        "Total Revenue": NaN,
        "Operating Revenue": NaN
    },
    "2023-09-30": {
        "Tax Effect Of Unusual Items": -1370040.0,
        "Tax Rate For Calcs": 0.21,
        "Normalized EBITDA": 9943000.0,
        "Total Unusual Items": -6524000.0,
        "Total Unusual Items Excluding Goodwill": -6524000.0,
        "Net Income From Continuing Operation Net Minority Interest": -4133000.0,
        "Reconciled Depreciation": 1689000.0,
        "Reconciled Cost Of Revenue": 17063000.0,
        "EBITDA": 3419000.0,
        "EBIT": 1730000.0,
        "Net Interest Income": 587000.0,
        "Interest Income": 587000.0,
        "Normalized Income": 1020960.0,
        "Net Income From Continuing And Discontinued Operation": -4133000.0,
        "Total Expenses": 57108000.0,
        "Total Operating Income As Reported": -4794000.0,
        "Diluted Average Shares": 40454000.0,
        "Basic Average Shares": 40454000.0,
        "Diluted EPS": -0.1,
        "Basic EPS": -0.1,
        "Diluted NI Availto Com Stockholders": -4133000.0,
        "Net Income Common Stockholders": -4133000.0,
        "Net Income": -4133000.0,
        "Net Income Including Noncontrolling Interests": -4133000.0,
        "Net Income Continuous Operations": -4133000.0,
        "Tax Provision": 279000.0,
        "Pretax Income": -3854000.0,
        "Other Income Expense": -6171000.0,
        "Other Non Operating Income Expenses": 353000.0,
        "Special Income Charges": -6524000.0,
        "Restructuring And Mergern Acquisition": 6524000.0,
        "Net Non Operating Interest Income Expense": 587000.0,
        "Total Other Finance Cost": NaN,
        "Interest Income Non Operating": 587000.0,
        "Operating Income": 1730000.0,
        "Operating Expense": 38939000.0,
        "Depreciation Amortization Depletion Income Statement": 583000.0,
        "Depreciation And Amortization In Income Statement": 583000.0,
        "Amortization": 583000.0,
        "Amortization Of Intangibles Income Statement": 583000.0,
        "Research And Development": 10133000.0,
        "Selling General And Administration": 28223000.0,
        "Selling And Marketing Expense": 16664000.0,
        "General And Administrative Expense": 11559000.0,
        "Other Gand A": 11559000.0,
        "Gross Profit": 40669000.0,
        "Cost Of Revenue": 18169000.0,
        "Total Revenue": 58838000.0,
        "Operating Revenue": 58838000.0
    },
    "2023-12-31": {
        "Tax Effect Of Unusual Items": -889350.0,
        "Tax Rate For Calcs": 0.21,
        "Normalized EBITDA": 12242000.0,
        "Total Unusual Items": -4235000.0,
        "Total Unusual Items Excluding Goodwill": -4235000.0,
        "Net Income From Continuing Operation Net Minority Interest": 441000.0,
        "Reconciled Depreciation": 1955000.0,
        "Reconciled Cost Of Revenue": 18111000.0,
        "EBITDA": 8007000.0,
        "EBIT": 6052000.0,
        "Net Interest Income": 415000.0,
        "Interest Income": NaN,
        "Normalized Income": 3786650.0,
        "Net Income From Continuing And Discontinued Operation": 441000.0,
        "Total Expenses": 56876000.0,
        "Total Operating Income As Reported": 1817000.0,
        "Diluted Average Shares": NaN,
        "Basic Average Shares": NaN,
        "Diluted EPS": NaN,
        "Basic EPS": NaN,
        "Diluted NI Availto Com Stockholders": 441000.0,
        "Net Income Common Stockholders": 441000.0,
        "Net Income": 441000.0,
        "Net Income Including Noncontrolling Interests": 441000.0,
        "Net Income Continuous Operations": 441000.0,
        "Tax Provision": 917000.0,
        "Pretax Income": 1358000.0,
        "Other Income Expense": -5109000.0,
        "Other Non Operating Income Expenses": -874000.0,
        "Special Income Charges": -4235000.0,
        "Restructuring And Mergern Acquisition": 4235000.0,
        "Net Non Operating Interest Income Expense": 415000.0,
        "Total Other Finance Cost": NaN,
        "Interest Income Non Operating": NaN,
        "Operating Income": 6052000.0,
        "Operating Expense": 37414000.0,
        "Depreciation Amortization Depletion Income Statement": 604000.0,
        "Depreciation And Amortization In Income Statement": 604000.0,
        "Amortization": 604000.0,
        "Amortization Of Intangibles Income Statement": 604000.0,
        "Research And Development": 8734000.0,
        "Selling General And Administration": 28076000.0,
        "Selling And Marketing Expense": 13847000.0,
        "General And Administrative Expense": 14229000.0,
        "Other Gand A": 14229000.0,
        "Gross Profit": 43466000.0,
        "Cost Of Revenue": 19462000.0,
        "Total Revenue": 62928000.0,
        "Operating Revenue": 62928000.0
    },
    "2024-03-31": {
        "Tax Effect Of Unusual Items": -106736.863881,
        "Tax Rate For Calcs": 0.071301,
        "Normalized EBITDA": 19186000.0,
        "Total Unusual Items": -1497000.0,
        "Total Unusual Items Excluding Goodwill": -1497000.0,
        "Net Income From Continuing Operation Net Minority Interest": 13468000.0,
        "Reconciled Depreciation": 2082000.0,
        "Reconciled Cost Of Revenue": 15961000.0,
        "EBITDA": 17689000.0,
        "EBIT": 15607000.0,
        "Net Interest Income": 101000.0,
        "Interest Income": 101000.0,
        "Normalized Income": 14858263.136119,
        "Net Income From Continuing And Discontinued Operation": 13468000.0,
        "Total Expenses": 49236000.0,
        "Total Operating Income As Reported": 14110000.0,
        "Diluted Average Shares": 38463000.0,
        "Basic Average Shares": 38060000.0,
        "Diluted EPS": 0.35,
        "Basic EPS": 0.35,
        "Diluted NI Availto Com Stockholders": 13468000.0,
        "Net Income Common Stockholders": 13468000.0,
        "Net Income": 13468000.0,
        "Net Income Including Noncontrolling Interests": 13468000.0,
        "Net Income Continuous Operations": 13468000.0,
        "Tax Provision": 1034000.0,
        "Pretax Income": 14502000.0,
        "Other Income Expense": -1206000.0,
        "Other Non Operating Income Expenses": 291000.0,
        "Special Income Charges": -1497000.0,
        "Restructuring And Mergern Acquisition": 1497000.0,
        "Net Non Operating Interest Income Expense": 101000.0,
        "Total Other Finance Cost": NaN,
        "Interest Income Non Operating": 101000.0,
        "Operating Income": 15607000.0,
        "Operating Expense": 31788000.0,
        "Depreciation Amortization Depletion Income Statement": 595000.0,
        "Depreciation And Amortization In Income Statement": 595000.0,
        "Amortization": 595000.0,
        "Amortization Of Intangibles Income Statement": 595000.0,
        "Research And Development": 8259000.0,
        "Selling General And Administration": 22934000.0,
        "Selling And Marketing Expense": 12927000.0,
        "General And Administrative Expense": 10007000.0,
        "Other Gand A": 10007000.0,
        "Gross Profit": 47395000.0,
        "Cost Of Revenue": 17448000.0,
        "Total Revenue": 64843000.0,
        "Operating Revenue": 64843000.0
    },
    "2024-06-30": {
        "Tax Effect Of Unusual Items": -390210.389916,
        "Tax Rate For Calcs": 0.22806,
        "Normalized EBITDA": 13122000.0,
        "Total Unusual Items": -1711000.0,
        "Total Unusual Items Excluding Goodwill": -1711000.0,
        "Net Income From Continuing Operation Net Minority Interest": 6553000.0,
        "Reconciled Depreciation": 2063000.0,
        "Reconciled Cost Of Revenue": 19105000.0,
        "EBITDA": 11411000.0,
        "EBIT": 9348000.0,
        "Net Interest Income": 521000.0,
        "Interest Income": 521000.0,
        "Normalized Income": 7873789.610084,
        "Net Income From Continuing And Discontinued Operation": 6553000.0,
        "Total Expenses": 51576000.0,
        "Total Operating Income As Reported": 7637000.0,
        "Diluted Average Shares": 39007000.0,
        "Basic Average Shares": 38529000.0,
        "Diluted EPS": 0.17,
        "Basic EPS": 0.17,
        "Diluted NI Availto Com Stockholders": 6553000.0,
        "Net Income Common Stockholders": 6553000.0,
        "Net Income": 6553000.0,
        "Net Income Including Noncontrolling Interests": 6553000.0,
        "Net Income Continuous Operations": 6553000.0,
        "Tax Provision": 1936000.0,
        "Pretax Income": 8489000.0,
        "Other Income Expense": -1380000.0,
        "Other Non Operating Income Expenses": 331000.0,
        "Special Income Charges": -1711000.0,
        "Restructuring And Mergern Acquisition": 1711000.0,
        "Net Non Operating Interest Income Expense": 521000.0,
        "Total Other Finance Cost": NaN,
        "Interest Income Non Operating": 521000.0,
        "Operating Income": 9348000.0,
        "Operating Expense": 30993000.0,
        "Depreciation Amortization Depletion Income Statement": 585000.0,
        "Depreciation And Amortization In Income Statement": 585000.0,
        "Amortization": 585000.0,
        "Amortization Of Intangibles Income Statement": 585000.0,
        "Research And Development": 8341000.0,
        "Selling General And Administration": 22067000.0,
        "Selling And Marketing Expense": 10510000.0,
        "General And Administrative Expense": 11557000.0,
        "Other Gand A": 11557000.0,
        "Gross Profit": 40341000.0,
        "Cost Of Revenue": 20583000.0,
        "Total Revenue": 60924000.0,
        "Operating Revenue": 60924000.0
    },
    "2024-09-30": {
        "Tax Effect Of Unusual Items": -118114.245558,
        "Tax Rate For Calcs": 0.169461,
        "Normalized EBITDA": 14587000.0,
        "Total Unusual Items": -697000.0,
        "Total Unusual Items Excluding Goodwill": -697000.0,
        "Net Income From Continuing Operation Net Minority Interest": 8273000.0,
        "Reconciled Depreciation": 1941000.0,
        "Reconciled Cost Of Revenue": 13338000.0,
        "EBITDA": 13890000.0,
        "EBIT": 11949000.0,
        "Net Interest Income": 624000.0,
        "Interest Income": 624000.0,
        "Normalized Income": 8851885.754442,
        "Net Income From Continuing And Discontinued Operation": 8273000.0,
        "Total Expenses": 44293000.0,
        "Total Operating Income As Reported": 11252000.0,
        "Diluted Average Shares": NaN,
        "Basic Average Shares": NaN,
        "Diluted EPS": NaN,
        "Basic EPS": NaN,
        "Diluted NI Availto Com Stockholders": 8273000.0,
        "Net Income Common Stockholders": 8273000.0,
        "Net Income": 8273000.0,
        "Net Income Including Noncontrolling Interests": 8273000.0,
        "Net Income Continuous Operations": 8273000.0,
        "Tax Provision": 1688000.0,
        "Pretax Income": 9961000.0,
        "Other Income Expense": -2612000.0,
        "Other Non Operating Income Expenses": -1915000.0,
        "Special Income Charges": -697000.0,
        "Restructuring And Mergern Acquisition": 697000.0,
        "Net Non Operating Interest Income Expense": 624000.0,
        "Total Other Finance Cost": NaN,
        "Interest Income Non Operating": 624000.0,
        "Operating Income": 11949000.0,
        "Operating Expense": 29599000.0,
        "Depreciation Amortization Depletion Income Statement": 585000.0,
        "Depreciation And Amortization In Income Statement": 585000.0,
        "Amortization": 585000.0,
        "Amortization Of Intangibles Income Statement": 585000.0,
        "Research And Development": 7533000.0,
        "Selling General And Administration": 21481000.0,
        "Selling And Marketing Expense": 10138000.0,
        "General And Administrative Expense": 11343000.0,
        "Other Gand A": 11343000.0,
        "Gross Profit": 41548000.0,
        "Cost Of Revenue": 14694000.0,
        "Total Revenue": 56242000.0,
        "Operating Revenue": 56242000.0
    }
}