{
    "2023-03-31": {
        "Tax Effect Of Unusual Items": -227010.0,
        "Tax Rate For Calcs": 0.21,
        "Normalized EBITDA": 30179000.0,
        "Total Unusual Items": -1081000.0,
        "Total Unusual Items Excluding Goodwill": -1081000.0,
        "Net Income From Continuing Operation Net Minority Interest": 27219000.0,
        "Reconciled Depreciation": 3696000.0,
        "Reconciled Cost Of Revenue": 89148000.0,
        "EBITDA": 29098000.0,
        "EBIT": 25402000.0,
        "Normalized Income": 28072990.0,
        "Net Income From Continuing And Discontinued Operation": 27219000.0,
        "Total Expenses": 129561000.0,
        "Total Operating Income As Reported": 24321000.0,
        "Diluted Average Shares": 73966000.0,
        "Basic Average Shares": 73112000.0,
        "Diluted EPS": 0.37,
        "Basic EPS": 0.37,
        "Diluted NI Availto Com Stockholders": 27219000.0,
        "Net Income Common Stockholders": 27219000.0,
        "Net Income": 27219000.0,
        "Net Income Including Noncontrolling Interests": 27219000.0,
        "Net Income Continuous Operations": 27219000.0,
        "Tax Provision": -225000.0,
        "Pretax Income": 26994000.0,
        "Other Income Expense": 1592000.0,
        "Other Non Operating Income Expenses": 2673000.0,
        "Special Income Charges": -1081000.0,
        "Impairment Of Capital Assets": 1105000.0,
        "Restructuring And Mergern Acquisition": -24000.0,
        "Operating Income": 25402000.0,
        "Operating Expense": 40413000.0,
        "Research And Development": 10560000.0,
        "Selling General And Administration": 29853000.0,
        "Selling And Marketing Expense": 12142000.0,
        "General And Administrative Expense": 17711000.0,
        "Other Gand A": 17711000.0,
        "Gross Profit": 65815000.0,
        "Cost Of Revenue": 89148000.0,
        "Total Revenue": 154963000.0,
        "Operating Revenue": 152914000.0
    },
    "2022-12-31": {
        "Tax Effect Of Unusual Items": 31920.0,
        "Tax Rate For Calcs": 0.21,
        "Normalized EBITDA": 16865000.0,
        "Total Unusual Items": 152000.0,
        "Total Unusual Items Excluding Goodwill": 152000.0,
        "Net Income From Continuing Operation Net Minority Interest": 15562000.0,
        "Reconciled Depreciation": 3734000.0,
        "Reconciled Cost Of Revenue": 73489000.0,
        "EBITDA": 17017000.0,
        "EBIT": 13283000.0,
        "Normalized Income": 15441920.0,
        "Net Income From Continuing And Discontinued Operation": 15562000.0,
        "Total Expenses": 109795000.0,
        "Total Operating Income As Reported": 13435000.0,
        "Diluted Average Shares": 73248000.0,
        "Basic Average Shares": 72734000.0,
        "Diluted EPS": 0.21,
        "Basic EPS": 0.21,
        "Diluted NI Availto Com Stockholders": 15562000.0,
        "Net Income Common Stockholders": 15562000.0,
        "Net Income": 15562000.0,
        "Net Income Including Noncontrolling Interests": 15562000.0,
        "Net Income Continuous Operations": 15562000.0,
        "Tax Provision": -166000.0,
        "Pretax Income": 15396000.0,
        "Other Income Expense": 2113000.0,
        "Other Non Operating Income Expenses": 1961000.0,
        "Special Income Charges": 152000.0,
        "Impairment Of Capital Assets": 0.0,
        "Restructuring And Mergern Acquisition": -152000.0,
        "Operating Income": 13283000.0,
        "Operating Expense": 36306000.0,
        "Research And Development": 8999000.0,
        "Selling General And Administration": 27307000.0,
        "Selling And Marketing Expense": 11363000.0,
        "General And Administrative Expense": 15944000.0,
        "Other Gand A": 15944000.0,
        "Gross Profit": 49589000.0,
        "Cost Of Revenue": 73489000.0,
        "Total Revenue": 123078000.0,
        "Operating Revenue": 120823000.0
    },
    "2022-09-30": {
        "Tax Effect Of Unusual Items": -2623600.0,
        "Tax Rate For Calcs": 0.4,
        "Normalized EBITDA": 18018000.0,
        "Total Unusual Items": -6559000.0,
        "Total Unusual Items Excluding Goodwill": -6559000.0,
        "Net Income From Continuing Operation Net Minority Interest": 5273000.0,
        "Reconciled Depreciation": 4025000.0,
        "Reconciled Cost Of Revenue": 70271000.0,
        "EBITDA": 11459000.0,
        "EBIT": 7434000.0,
        "Normalized Income": 9208400.0,
        "Net Income From Continuing And Discontinued Operation": 5273000.0,
        "Total Expenses": 109029000.0,
        "Total Operating Income As Reported": 875000.0,
        "Diluted Average Shares": 72785000.0,
        "Basic Average Shares": 72616000.0,
        "Diluted EPS": 0.07,
        "Basic EPS": 0.07,
        "Diluted NI Availto Com Stockholders": 5273000.0,
        "Net Income Common Stockholders": 5273000.0,
        "Net Income": 5273000.0,
        "Net Income Including Noncontrolling Interests": 5273000.0,
        "Net Income Continuous Operations": 5273000.0,
        "Tax Provision": -1143000.0,
        "Pretax Income": 4130000.0,
        "Other Income Expense": -3304000.0,
        "Other Non Operating Income Expenses": 3255000.0,
        "Special Income Charges": -6559000.0,
        "Impairment Of Capital Assets": 6559000.0,
        "Restructuring And Mergern Acquisition": 0.0,
        "Operating Income": 7434000.0,
        "Operating Expense": 38758000.0,
        "Research And Development": 9757000.0,
        "Selling General And Administration": 29001000.0,
        "Selling And Marketing Expense": 13474000.0,
        "General And Administrative Expense": 15527000.0,
        "Other Gand A": 15527000.0,
        "Gross Profit": 46192000.0,
        "Cost Of Revenue": 70271000.0,
        "Total Revenue": 116463000.0,
        "Operating Revenue": 112821000.0
    },
    "2022-06-30": {
        "Tax Effect Of Unusual Items": -617074.658254,
        "Tax Rate For Calcs": 0.058535,
        "Normalized EBITDA": 3810000.0,
        "Total Unusual Items": -10542000.0,
        "Total Unusual Items Excluding Goodwill": -10542000.0,
        "Net Income From Continuing Operation Net Minority Interest": -18802000.0,
        "Reconciled Depreciation": 4015000.0,
        "Reconciled Cost Of Revenue": 52647000.0,
        "EBITDA": -6732000.0,
        "EBIT": -10747000.0,
        "Normalized Income": -8877074.658254,
        "Net Income From Continuing And Discontinued Operation": -18802000.0,
        "Total Expenses": 90978000.0,
        "Total Operating Income As Reported": -21289000.0,
        "Diluted Average Shares": 72496000.0,
        "Basic Average Shares": 72496000.0,
        "Diluted EPS": -0.26,
        "Basic EPS": -0.26,
        "Diluted NI Availto Com Stockholders": -18802000.0,
        "Net Income Common Stockholders": -18802000.0,
        "Net Income": -18802000.0,
        "Net Income Including Noncontrolling Interests": -18802000.0,
        "Net Income Continuous Operations": -18802000.0,
        "Tax Provision": -1169000.0,
        "Pretax Income": -19971000.0,
        "Other Income Expense": -9224000.0,
        "Other Non Operating Income Expenses": 1318000.0,
        "Special Income Charges": -10542000.0,
        "Impairment Of Capital Assets": 10542000.0,
        "Restructuring And Mergern Acquisition": 0.0,
        "Operating Income": -10747000.0,
        "Operating Expense": 38331000.0,
        "Research And Development": 9068000.0,
        "Selling General And Administration": 29263000.0,
        "Selling And Marketing Expense": 11684000.0,
        "General And Administrative Expense": 17579000.0,
        "Other Gand A": 17579000.0,
        "Gross Profit": 27584000.0,
        "Cost Of Revenue": 52647000.0,
        "Total Revenue": 80231000.0,
        "Operating Revenue": 79167000.0
    },
    "2022-03-31": {
        "Diluted EPS": -0.28,
        "Total Revenue": 68,
        "Gross Profit": 24,
        "Operating Income": -16,
        "EBIT": -12,
        "Net Income": -20
    },
    "2021-12-31": {
        "Diluted EPS": -0.14,
        "Total Revenue": 64,
        "Gross Profit": 27,
        "Operating Income": -9,
        "EBIT": -6,
        "Net Income": -10
    },
    "2021-09-30": {
        "Diluted EPS": -0.21,
        "Total Revenue": 54,
        "Gross Profit": 21,
        "Operating Income": -13,
        "EBIT": -10,
        "Net Income": -15
    },
    "2021-06-30": {
        "Diluted EPS": -0.02,
        "Total Revenue": 58,
        "Gross Profit": 31,
        "Operating Income": 2,
        "EBIT": 4,
        "Net Income": -1
    },
    "2021-03-31": {
        "Diluted EPS": 0.05,
        "Total Revenue": 59,
        "Gross Profit": 38,
        "Operating Income": 10,
        "EBIT": 13,
        "Net Income": 4
    },
    "2020-12-31": {
        "Diluted EPS": 0.49,
        "Total Revenue": 63,
        "Gross Profit": 38,
        "Operating Income": 8,
        "EBIT": 10,
        "Net Income": 2
    },
    "2020-09-30": {
        "Diluted EPS": 0.01,
        "Total Revenue": 48,
        "Gross Profit": 30,
        "Operating Income": 4,
        "EBIT": 7,
        "Net Income": 1
    },
    "2020-06-30": {
        "Diluted EPS": -0.16,
        "Total Revenue": 29,
        "Gross Profit": 17,
        "Operating Income": -9,
        "EBIT": -7,
        "Net Income": -10
    },
    "2020-03-31": {
        "Diluted EPS": -0.12,
        "Total Revenue": 32,
        "Gross Profit": 16,
        "Operating Income": -8,
        "EBIT": -6,
        "Net Income": -7
    },
    "2019-12-31": {
        "Diluted EPS": 0.04,
        "Total Revenue": 50,
        "Gross Profit": 30,
        "Operating Income": 4,
        "EBIT": 6,
        "Net Income": 2
    },
    "2019-09-30": {
        "Diluted EPS": 0.21,
        "Total Revenue": 36,
        "Gross Profit": 22,
        "Operating Income": 13,
        "EBIT": 15,
        "Net Income": 13
    },
    "2019-06-30": {
        "Diluted EPS": 0.07,
        "Total Revenue": 39,
        "Gross Profit": 25,
        "Operating Income": 5,
        "EBIT": 7,
        "Net Income": 4
    },
    "2019-03-31": {
        "Diluted EPS": -0.05,
        "Total Revenue": 30,
        "Gross Profit": 18,
        "Operating Income": -4,
        "EBIT": -2,
        "Net Income": -3
    },
    "2018-12-31": {
        "Diluted EPS": 0.16,
        "Total Revenue": 50,
        "Gross Profit": 35,
        "Operating Income": 13,
        "EBIT": 13,
        "Net Income": 10
    },
    "2018-09-30": {
        "Diluted EPS": 0.13,
        "Total Revenue": 46,
        "Gross Profit": 29,
        "Operating Income": 11,
        "EBIT": 13,
        "Net Income": 8
    },
    "2018-06-30": {
        "Diluted EPS": 0.07,
        "Total Revenue": 44,
        "Gross Profit": 26,
        "Operating Income": 6,
        "EBIT": 7,
        "Net Income": 4
    },
    "2018-03-31": {
        "Diluted EPS": -0.03,
        "Total Revenue": 42,
        "Gross Profit": 24,
        "Operating Income": 0,
        "EBIT": 1,
        "Net Income": -2
    },
    "2017-12-31": {
        "Diluted EPS": 0.12,
        "Total Revenue": 52,
        "Gross Profit": 29,
        "Operating Income": 10,
        "EBIT": 12,
        "Net Income": 7
    },
    "2017-09-30": {
        "Diluted EPS": 0.09,
        "Total Revenue": 42,
        "Gross Profit": 25,
        "Operating Income": 7,
        "EBIT": 9,
        "Net Income": 6
    },
    "2017-06-30": {
        "Diluted EPS": 0.09,
        "Total Revenue": 40,
        "Gross Profit": 25,
        "Operating Income": 7,
        "EBIT": 8,
        "Net Income": 5
    },
    "2017-03-31": {
        "Diluted EPS": 0.21,
        "Total Revenue": 33,
        "Gross Profit": 20,
        "Operating Income": 16,
        "EBIT": 17,
        "Net Income": 12
    },
    "2016-12-31": {
        "Diluted EPS": 0.13,
        "Total Revenue": 35,
        "Gross Profit": 24,
        "Operating Income": 7,
        "EBIT": 9,
        "Net Income": 7
    },
    "2016-09-30": {
        "Diluted EPS": 0.11,
        "Total Revenue": 32,
        "Gross Profit": 23,
        "Operating Income": 6,
        "EBIT": 8,
        "Net Income": 6
    },
    "2016-06-30": {
        "Diluted EPS": 0.07,
        "Total Revenue": 31,
        "Gross Profit": 21,
        "Operating Income": 4,
        "EBIT": 6,
        "Net Income": 4
    },
    "2016-03-31": {
        "Diluted EPS": 0.04,
        "Total Revenue": 29,
        "Gross Profit": 20,
        "Operating Income": 3,
        "EBIT": 4,
        "Net Income": 2
    },
    "2015-12-31": {
        "Diluted EPS": 0.08,
        "Total Revenue": 32,
        "Gross Profit": 22,
        "Operating Income": 4,
        "EBIT": 6,
        "Net Income": 5
    },
    "2015-09-30": {
        "Diluted EPS": 0.03,
        "Total Revenue": 30,
        "Gross Profit": 21,
        "Operating Income": 2,
        "EBIT": 3,
        "Net Income": 1
    },
    "2015-06-30": {
        "Diluted EPS": 0.03,
        "Total Revenue": 30,
        "Gross Profit": 21,
        "Operating Income": 3,
        "EBIT": 4,
        "Net Income": 2
    },
    "2015-03-31": {
        "Diluted EPS": 0.0,
        "Total Revenue": 27,
        "Gross Profit": 17,
        "Operating Income": 0,
        "EBIT": 1,
        "Net Income": 0
    },
    "2014-12-31": {
        "Diluted EPS": -0.04,
        "Total Revenue": 29,
        "Gross Profit": 18,
        "Operating Income": -3,
        "EBIT": -1,
        "Net Income": -3
    },
    "2014-09-30": {
        "Diluted EPS": 0.02,
        "Total Revenue": 28,
        "Gross Profit": 19,
        "Operating Income": 1,
        "EBIT": 3,
        "Net Income": 1
    },
    "2014-06-30": {
        "Diluted EPS": 0.04,
        "Total Revenue": 26,
        "Gross Profit": 16,
        "Operating Income": 2,
        "EBIT": 4,
        "Net Income": 3
    },
    "2014-03-31": {
        "Diluted EPS": -0.1,
        "Total Revenue": 24,
        "Gross Profit": 14,
        "Operating Income": -6,
        "EBIT": -4,
        "Net Income": -6
    },
    "2013-12-31": {
        "Diluted EPS": 0.11,
        "Total Revenue": 29,
        "Gross Profit": 17,
        "Operating Income": 6,
        "EBIT": 8,
        "Net Income": 6
    },
    "2013-09-30": {
        "Diluted EPS": -0.03,
        "Total Revenue": 25,
        "Gross Profit": 15,
        "Operating Income": -2,
        "EBIT": 0,
        "Net Income": -2
    },
    "2013-06-30": {
        "Diluted EPS": -0.1,
        "Total Revenue": 24,
        "Gross Profit": 14,
        "Operating Income": -6,
        "EBIT": -4,
        "Net Income": -5
    },
    "2013-03-31": {
        "Diluted EPS": -0.18,
        "Total Revenue": 21,
        "Gross Profit": 12,
        "Operating Income": -11,
        "EBIT": -9,
        "Net Income": -10
    },
    "2012-12-31": {
        "Diluted EPS": -0.11,
        "Total Revenue": 22,
        "Gross Profit": 13,
        "Operating Income": -6,
        "EBIT": -4,
        "Net Income": -6
    },
    "2012-09-30": {
        "Diluted EPS": -0.04,
        "Total Revenue": 22,
        "Gross Profit": 14,
        "Operating Income": -3,
        "EBIT": -1,
        "Net Income": -2
    },
    "2012-06-30": {
        "Diluted EPS": -0.07,
        "Total Revenue": 23,
        "Gross Profit": 15,
        "Operating Income": -4,
        "EBIT": -2,
        "Net Income": -4
    },
    "2012-03-31": {
        "Diluted EPS": -0.07,
        "Total Revenue": 21,
        "Gross Profit": 14,
        "Operating Income": -4,
        "EBIT": -2,
        "Net Income": -3
    },
    "2011-12-31": {
        "Diluted EPS": 0.0,
        "Total Revenue": 24,
        "Gross Profit": 15,
        "Operating Income": 0,
        "EBIT": 2,
        "Net Income": 0
    },
    "2011-09-30": {
        "Diluted EPS": -0.08,
        "Total Revenue": 22,
        "Gross Profit": 14,
        "Operating Income": -4,
        "EBIT": -3,
        "Net Income": -4
    },
    "2011-06-30": {
        "Diluted EPS": -0.05,
        "Total Revenue": 19,
        "Gross Profit": 12,
        "Operating Income": -2,
        "EBIT": -2,
        "Net Income": -2
    },
    "2011-03-31": {
        "Diluted EPS": -0.06,
        "Total Revenue": 17,
        "Gross Profit": 11,
        "Operating Income": -3,
        "EBIT": -2,
        "Net Income": -3
    },
    "2010-12-31": {
        "Diluted EPS": -0.03,
        "Total Revenue": 19,
        "Gross Profit": 12,
        "Operating Income": -1,
        "EBIT": 0,
        "Net Income": -1
    },
    "2010-09-30": {
        "Diluted EPS": 0.01,
        "Total Revenue": 19,
        "Gross Profit": 12,
        "Operating Income": 0,
        "EBIT": 1,
        "Net Income": 0
    },
    "2010-06-30": {
        "Diluted EPS": -0.01,
        "Total Revenue": 19,
        "Gross Profit": 12,
        "Operating Income": -1,
        "EBIT": 0,
        "Net Income": -1
    },
    "2010-03-31": {
        "Diluted EPS": -0.05,
        "Total Revenue": 18,
        "Gross Profit": 11,
        "Operating Income": -2,
        "EBIT": -2,
        "Net Income": -2
    },
    "2009-12-31": {
        "Diluted EPS": -0.06,
        "Total Revenue": 21,
        "Gross Profit": 12,
        "Operating Income": -3,
        "EBIT": -3,
        "Net Income": -3
    },
    "2009-09-30": {
        "Diluted EPS": 0.04,
        "Total Revenue": 22,
        "Gross Profit": 14,
        "Operating Income": 2,
        "EBIT": 2,
        "Net Income": 2
    },
    "2009-06-30": {
        "Diluted EPS": -0.11,
        "Total Revenue": 17,
        "Gross Profit": 10,
        "Operating Income": -5,
        "EBIT": -4,
        "Net Income": -5
    },
    "2009-03-31": {
        "Diluted EPS": -0.04,
        "Total Revenue": 17,
        "Gross Profit": 11,
        "Operating Income": -2,
        "EBIT": -1,
        "Net Income": -2
    },
    "2023-06-30": {
        "Tax Effect Of Unusual Items": -6021.765417,
        "Tax Rate For Calcs": 0.033454,
        "Normalized EBITDA": 4247000.0,
        "Total Unusual Items": -180000.0,
        "Total Unusual Items Excluding Goodwill": -180000.0,
        "Net Income From Continuing Operation Net Minority Interest": -4796000.0,
        "Reconciled Depreciation": 10316000.0,
        "Reconciled Cost Of Revenue": 59070000.0,
        "EBITDA": 4067000.0,
        "EBIT": -6249000.0,
        "Normalized Income": -4622021.765417,
        "Net Income From Continuing And Discontinued Operation": -4796000.0,
        "Total Expenses": 91690000.0,
        "Total Operating Income As Reported": -6429000.0,
        "Diluted Average Shares": 73324000.0,
        "Basic Average Shares": 73324000.0,
        "Diluted EPS": -0.07,
        "Basic EPS": -0.07,
        "Diluted NI Availto Com Stockholders": -4796000.0,
        "Net Income Common Stockholders": -4796000.0,
        "Net Income": -4796000.0,
        "Net Income Including Noncontrolling Interests": -4796000.0,
        "Net Income Continuous Operations": -4796000.0,
        "Tax Provision": -166000.0,
        "Pretax Income": -4962000.0,
        "Other Income Expense": 1287000.0,
        "Other Non Operating Income Expenses": 1467000.0,
        "Special Income Charges": -180000.0,
        "Impairment Of Capital Assets": 215000.0,
        "Restructuring And Mergern Acquisition": -35000.0,
        "Operating Income": -6249000.0,
        "Operating Expense": 32620000.0,
        "Research And Development": 7661000.0,
        "Selling General And Administration": 24959000.0,
        "Selling And Marketing Expense": 8535000.0,
        "General And Administrative Expense": 16424000.0,
        "Other Gand A": 16424000.0,
        "Gross Profit": 26371000.0,
        "Cost Of Revenue": 59070000.0,
        "Total Revenue": 85441000.0,
        "Operating Revenue": 84738000.0
    },
    "2023-09-30": {
        "Tax Effect Of Unusual Items": -1067497.4826,
        "Tax Rate For Calcs": 0.173775,
        "Normalized EBITDA": 26543000.0,
        "Total Unusual Items": -6143000.0,
        "Total Unusual Items Excluding Goodwill": -6143000.0,
        "Net Income From Continuing Operation Net Minority Interest": 11159000.0,
        "Reconciled Depreciation": 3363000.0,
        "Reconciled Cost Of Revenue": 44847000.0,
        "EBITDA": 20400000.0,
        "EBIT": 17037000.0,
        "Normalized Income": 16234502.5174,
        "Net Income From Continuing And Discontinued Operation": 11159000.0,
        "Total Expenses": 72150000.0,
        "Total Operating Income As Reported": 10894000.0,
        "Diluted Average Shares": 74349000.0,
        "Basic Average Shares": 73453000.0,
        "Diluted EPS": 0.15,
        "Basic EPS": 0.15,
        "Diluted NI Availto Com Stockholders": 11159000.0,
        "Net Income Common Stockholders": 11159000.0,
        "Net Income": 11159000.0,
        "Net Income Including Noncontrolling Interests": 11159000.0,
        "Net Income Continuous Operations": 11159000.0,
        "Tax Provision": 2347000.0,
        "Pretax Income": 13506000.0,
        "Other Income Expense": -3531000.0,
        "Other Non Operating Income Expenses": 2612000.0,
        "Special Income Charges": -6143000.0,
        "Impairment Of Capital Assets": 6183000.0,
        "Restructuring And Mergern Acquisition": -40000.0,
        "Operating Income": 17037000.0,
        "Operating Expense": 27303000.0,
        "Research And Development": 8516000.0,
        "Selling General And Administration": 18787000.0,
        "Selling And Marketing Expense": 8736000.0,
        "General And Administrative Expense": 10051000.0,
        "Other Gand A": 10051000.0,
        "Gross Profit": 44340000.0,
        "Cost Of Revenue": 44847000.0,
        "Total Revenue": 89187000.0,
        "Operating Revenue": 89014000.0
    },
    "2023-12-31": {
        "Tax Effect Of Unusual Items": -103857.239382,
        "Tax Rate For Calcs": 0.031226,
        "Normalized EBITDA": 14114000.0,
        "Total Unusual Items": -3326000.0,
        "Total Unusual Items Excluding Goodwill": -3326000.0,
        "Net Income From Continuing Operation Net Minority Interest": 20073000.0,
        "Reconciled Depreciation": 3564000.0,
        "Reconciled Cost Of Revenue": 40755000.0,
        "EBITDA": 10788000.0,
        "EBIT": 7224000.0,
        "Normalized Income": 23295142.760618,
        "Net Income From Continuing And Discontinued Operation": 20073000.0,
        "Total Expenses": 68657000.0,
        "Total Operating Income As Reported": 3898000.0,
        "Diluted Average Shares": 75013000.0,
        "Basic Average Shares": 73499000.0,
        "Diluted EPS": 0.27,
        "Basic EPS": 0.27,
        "Diluted NI Availto Com Stockholders": 20073000.0,
        "Net Income Common Stockholders": 20073000.0,
        "Net Income": 20073000.0,
        "Net Income Including Noncontrolling Interests": 20073000.0,
        "Net Income Continuous Operations": 20073000.0,
        "Tax Provision": 647000.0,
        "Pretax Income": 20720000.0,
        "Other Income Expense": 13496000.0,
        "Other Non Operating Income Expenses": 16822000.0,
        "Special Income Charges": -3326000.0,
        "Impairment Of Capital Assets": 3326000.0,
        "Restructuring And Mergern Acquisition": 0.0,
        "Operating Income": 7224000.0,
        "Operating Expense": 27902000.0,
        "Research And Development": 6991000.0,
        "Selling General And Administration": 20911000.0,
        "Selling And Marketing Expense": 6906000.0,
        "General And Administrative Expense": 14005000.0,
        "Other Gand A": 14005000.0,
        "Gross Profit": 35126000.0,
        "Cost Of Revenue": 40755000.0,
        "Total Revenue": 75881000.0,
        "Operating Revenue": 75556000.0
    }
}