{
    "2023-03-31": {
        "Tax Effect Of Unusual Items": -4599000.0,
        "Tax Rate For Calcs": 0.21,
        "Normalized EBITDA": 16674000.0,
        "Total Unusual Items": -21900000.0,
        "Total Unusual Items Excluding Goodwill": -21900000.0,
        "Net Income From Continuing Operation Net Minority Interest": -15904000.0,
        "Reconciled Depreciation": 5509000.0,
        "Reconciled Cost Of Revenue": 153290000.0,
        "EBITDA": -5226000.0,
        "EBIT": -10735000.0,
        "Net Interest Income": -4610000.0,
        "Interest Expense": 4610000.0,
        "Normalized Income": 1397000.0,
        "Net Income From Continuing And Discontinued Operation": -15904000.0,
        "Total Expenses": 171290000.0,
        "Total Operating Income As Reported": 11165000.0,
        "Diluted Average Shares": 93418000.0,
        "Basic Average Shares": 93418000.0,
        "Diluted EPS": -0.17,
        "Basic EPS": -0.17,
        "Diluted NI Availto Com Stockholders": -15904000.0,
        "Average Dilution Earnings": NaN,
        "Net Income Common Stockholders": -15904000.0,
        "Net Income": -15904000.0,
        "Net Income Including Noncontrolling Interests": -15904000.0,
        "Net Income Continuous Operations": -15904000.0,
        "Tax Provision": 559000.0,
        "Pretax Income": -15345000.0,
        "Other Income Expense": -21900000.0,
        "Gain On Sale Of Security": -21900000.0,
        "Net Non Operating Interest Income Expense": -4610000.0,
        "Interest Expense Non Operating": 4610000.0,
        "Operating Income": 11165000.0,
        "Operating Expense": 16697000.0,
        "Depreciation Amortization Depletion Income Statement": 4206000.0,
        "Depreciation And Amortization In Income Statement": 4206000.0,
        "Amortization": 4206000.0,
        "Amortization Of Intangibles Income Statement": 4206000.0,
        "Selling General And Administration": 12491000.0,
        "General And Administrative Expense": 12491000.0,
        "Other Gand A": 3570000.0,
        "Salaries And Wages": 8921000.0,
        "Gross Profit": 27862000.0,
        "Cost Of Revenue": 154593000.0,
        "Total Revenue": 182455000.0,
        "Operating Revenue": 182455000.0
    },
    "2022-12-31": {
        "Tax Effect Of Unusual Items": -1638000.0,
        "Tax Rate For Calcs": 0.21,
        "Normalized EBITDA": 17084000.0,
        "Total Unusual Items": -7800000.0,
        "Total Unusual Items Excluding Goodwill": -7800000.0,
        "Net Income From Continuing Operation Net Minority Interest": -2330000.0,
        "Reconciled Depreciation": 6379000.0,
        "Reconciled Cost Of Revenue": 136993000.0,
        "EBITDA": 9284000.0,
        "EBIT": 2905000.0,
        "Net Interest Income": -4820000.0,
        "Interest Expense": 4820000.0,
        "Normalized Income": 3832000.0,
        "Net Income From Continuing And Discontinued Operation": -2330000.0,
        "Total Expenses": 158217000.0,
        "Total Operating Income As Reported": 10705000.0,
        "Diluted Average Shares": 92911000.0,
        "Basic Average Shares": 92911000.0,
        "Diluted EPS": -0.03,
        "Basic EPS": -0.03,
        "Diluted NI Availto Com Stockholders": -8730000.0,
        "Average Dilution Earnings": NaN,
        "Net Income Common Stockholders": -2330000.0,
        "Net Income": -2330000.0,
        "Net Income Including Noncontrolling Interests": -2330000.0,
        "Net Income Continuous Operations": -2330000.0,
        "Tax Provision": 415000.0,
        "Pretax Income": -1915000.0,
        "Other Income Expense": -7800000.0,
        "Gain On Sale Of Security": -7800000.0,
        "Net Non Operating Interest Income Expense": -4820000.0,
        "Interest Expense Non Operating": 4820000.0,
        "Operating Income": 10705000.0,
        "Operating Expense": 19050000.0,
        "Depreciation Amortization Depletion Income Statement": 4205000.0,
        "Depreciation And Amortization In Income Statement": 4205000.0,
        "Amortization": 4205000.0,
        "Amortization Of Intangibles Income Statement": 4205000.0,
        "Selling General And Administration": 14845000.0,
        "General And Administrative Expense": 14845000.0,
        "Other Gand A": 4147000.0,
        "Salaries And Wages": 10698000.0,
        "Gross Profit": 29755000.0,
        "Cost Of Revenue": 139167000.0,
        "Total Revenue": 168922000.0,
        "Operating Revenue": 168922000.0
    },
    "2022-09-30": {
        "Tax Effect Of Unusual Items": 11517.813568,
        "Tax Rate For Calcs": 0.038393,
        "Normalized EBITDA": 14037000.0,
        "Total Unusual Items": 300000.0,
        "Total Unusual Items Excluding Goodwill": 300000.0,
        "Net Income From Continuing Operation Net Minority Interest": 5911000.0,
        "Reconciled Depreciation": 4206000.0,
        "Reconciled Cost Of Revenue": 135908000.0,
        "EBITDA": 14337000.0,
        "EBIT": 10131000.0,
        "Net Interest Income": -3984000.0,
        "Interest Expense": 3984000.0,
        "Normalized Income": 5622517.813568,
        "Net Income From Continuing And Discontinued Operation": 5911000.0,
        "Total Expenses": 152461000.0,
        "Total Operating Income As Reported": 9831000.0,
        "Diluted Average Shares": 94432000.0,
        "Basic Average Shares": 92557000.0,
        "Diluted EPS": 0.06,
        "Basic EPS": 0.06,
        "Diluted NI Availto Com Stockholders": 5911000.0,
        "Average Dilution Earnings": NaN,
        "Net Income Common Stockholders": 5911000.0,
        "Net Income": 5911000.0,
        "Net Income Including Noncontrolling Interests": 5911000.0,
        "Net Income Continuous Operations": 5911000.0,
        "Tax Provision": 236000.0,
        "Pretax Income": 6147000.0,
        "Other Income Expense": 300000.0,
        "Gain On Sale Of Security": 300000.0,
        "Net Non Operating Interest Income Expense": -3984000.0,
        "Interest Expense Non Operating": 3984000.0,
        "Operating Income": 9831000.0,
        "Operating Expense": 16553000.0,
        "Depreciation Amortization Depletion Income Statement": 4206000.0,
        "Depreciation And Amortization In Income Statement": 4206000.0,
        "Amortization": 4206000.0,
        "Amortization Of Intangibles Income Statement": 4206000.0,
        "Selling General And Administration": 12347000.0,
        "General And Administrative Expense": 12347000.0,
        "Other Gand A": 3936000.0,
        "Salaries And Wages": 8411000.0,
        "Gross Profit": 26384000.0,
        "Cost Of Revenue": 135908000.0,
        "Total Revenue": 162292000.0,
        "Operating Revenue": 162292000.0
    },
    "2022-06-30": {
        "Tax Effect Of Unusual Items": 89871.382637,
        "Tax Rate For Calcs": 0.001536,
        "Normalized EBITDA": 6264000.0,
        "Total Unusual Items": 58500000.0,
        "Total Unusual Items Excluding Goodwill": 58500000.0,
        "Net Income From Continuing Operation Net Minority Interest": 55894000.0,
        "Reconciled Depreciation": 5240000.0,
        "Reconciled Cost Of Revenue": 109263000.0,
        "EBITDA": 64764000.0,
        "EBIT": 59524000.0,
        "Net Interest Income": -3544000.0,
        "Interest Expense": 3544000.0,
        "Normalized Income": -2516128.617363,
        "Net Income From Continuing And Discontinued Operation": 55894000.0,
        "Total Expenses": 126358000.0,
        "Total Operating Income As Reported": 1024000.0,
        "Diluted Average Shares": 94798000.0,
        "Basic Average Shares": 92352000.0,
        "Diluted EPS": 0.46,
        "Basic EPS": 0.61,
        "Diluted NI Availto Com Stockholders": 43494000.0,
        "Average Dilution Earnings": -12400000.0,
        "Net Income Common Stockholders": 55894000.0,
        "Net Income": 55894000.0,
        "Net Income Including Noncontrolling Interests": 55894000.0,
        "Net Income Continuous Operations": 55894000.0,
        "Tax Provision": 86000.0,
        "Pretax Income": 55980000.0,
        "Other Income Expense": 58500000.0,
        "Gain On Sale Of Security": 58500000.0,
        "Net Non Operating Interest Income Expense": -3544000.0,
        "Interest Expense Non Operating": 3544000.0,
        "Operating Income": 1024000.0,
        "Operating Expense": 16061000.0,
        "Other Taxes": 7994000.0,
        "Depreciation Amortization Depletion Income Statement": 4206000.0,
        "Depreciation And Amortization In Income Statement": 4206000.0,
        "Amortization": 4206000.0,
        "Amortization Of Intangibles Income Statement": 4206000.0,
        "Selling General And Administration": 11855000.0,
        "General And Administrative Expense": 11855000.0,
        "Other Gand A": 3861000.0,
        "Salaries And Wages": 7994000.0,
        "Gross Profit": 17085000.0,
        "Cost Of Revenue": 110297000.0,
        "Total Revenue": 127382000.0,
        "Operating Revenue": 127382000.0
    },
    "2023-06-30": {
        "Tax Effect Of Unusual Items": -2562210.0,
        "Tax Rate For Calcs": 0.21,
        "Normalized EBITDA": 18912000.0,
        "Total Unusual Items": -12201000.0,
        "Total Unusual Items Excluding Goodwill": -12201000.0,
        "Net Income From Continuing Operation Net Minority Interest": -3177000.0,
        "Reconciled Depreciation": 5477000.0,
        "Reconciled Cost Of Revenue": 168128000.0,
        "EBITDA": 6711000.0,
        "EBIT": 1234000.0,
        "Net Interest Income": -4352000.0,
        "Interest Expense": 4352000.0,
        "Normalized Income": 6461790.0,
        "Net Income From Continuing And Discontinued Operation": -3177000.0,
        "Total Expenses": 187078000.0,
        "Total Operating Income As Reported": 13435000.0,
        "Diluted Average Shares": 97471000.0,
        "Basic Average Shares": 97471000.0,
        "Diluted EPS": -0.03,
        "Basic EPS": -0.03,
        "Diluted NI Availto Com Stockholders": -3177000.0,
        "Average Dilution Earnings": 0.0,
        "Net Income Common Stockholders": -3177000.0,
        "Net Income": -3177000.0,
        "Net Income Including Noncontrolling Interests": -3177000.0,
        "Net Income Continuous Operations": -3177000.0,
        "Tax Provision": 59000.0,
        "Pretax Income": -3118000.0,
        "Other Income Expense": -12201000.0,
        "Gain On Sale Of Security": -12201000.0,
        "Net Non Operating Interest Income Expense": -4352000.0,
        "Interest Expense Non Operating": 4352000.0,
        "Operating Income": 13435000.0,
        "Operating Expense": 17679000.0,
        "Depreciation Amortization Depletion Income Statement": 4206000.0,
        "Depreciation And Amortization In Income Statement": 4206000.0,
        "Amortization": 4206000.0,
        "Amortization Of Intangibles Income Statement": 4206000.0,
        "Selling General And Administration": 13473000.0,
        "General And Administrative Expense": 13473000.0,
        "Other Gand A": 4519000.0,
        "Salaries And Wages": 8954000.0,
        "Gross Profit": 31114000.0,
        "Cost Of Revenue": 169399000.0,
        "Total Revenue": 200513000.0,
        "Operating Revenue": 200513000.0
    },
    "2022-03-31": {
        "Diluted EPS": -0.07,
        "Total Revenue": 88,
        "Gross Profit": 10,
        "Operating Income": -6,
        "EBIT": -1,
        "Net Income": -6
    },
    "2021-12-31": {
        "Diluted EPS": -0.06,
        "Total Revenue": 86,
        "Gross Profit": 11,
        "Operating Income": -4,
        "EBIT": 2,
        "Net Income": -11
    },
    "2021-09-30": {
        "Diluted EPS": -0.14,
        "Total Revenue": 44,
        "Gross Profit": 2,
        "Operating Income": -12,
        "EBIT": -6,
        "Net Income": -12
    },
    "2021-06-30": {
        "Diluted EPS": -0.04,
        "Total Revenue": 9,
        "Gross Profit": -2,
        "Operating Income": -17,
        "EBIT": -11,
        "Net Income": 0
    },
    "2021-03-31": {
        "Diluted EPS": -0.52,
        "Total Revenue": 6,
        "Gross Profit": -3,
        "Operating Income": -19,
        "EBIT": -13,
        "Net Income": -46
    },
    "2020-12-31": {
        "Diluted EPS": 0.23,
        "Total Revenue": 4,
        "Gross Profit": -10,
        "Operating Income": -25,
        "EBIT": -19,
        "Net Income": -71
    },
    "2020-09-30": {
        "Diluted EPS": -0.56,
        "Total Revenue": 2,
        "Gross Profit": -7,
        "Operating Income": -19,
        "EBIT": -13,
        "Net Income": -48
    },
    "2020-06-30": {
        "Diluted EPS": -0.31,
        "Total Revenue": 1,
        "Gross Profit": -13,
        "Operating Income": -27,
        "EBIT": -21,
        "Net Income": -21
    },
    "2020-03-31": {
        "Diluted EPS": -3.23,
        "Total Revenue": 114,
        "Gross Profit": 12,
        "Operating Income": -193,
        "EBIT": 4,
        "Net Income": -148
    },
    "2019-12-31": {
        "Diluted EPS": -1.07,
        "Total Revenue": 139,
        "Gross Profit": 16,
        "Operating Income": 6,
        "EBIT": 13,
        "Net Income": -19
    },
    "2019-09-30": {
        "Diluted EPS": 0.03,
        "Total Revenue": 145,
        "Gross Profit": 21,
        "Operating Income": 8,
        "EBIT": 14,
        "Net Income": 2
    },
    "2019-06-30": {
        "Diluted EPS": 0.05,
        "Total Revenue": 140,
        "Gross Profit": 21,
        "Operating Income": 8,
        "EBIT": 15,
        "Net Income": 4
    },
    "2019-03-31": {
        "Diluted EPS": 0.0,
        "Total Revenue": 137,
        "Gross Profit": 21,
        "Operating Income": -36,
        "EBIT": -33,
        "Net Income": -48
    },
    "2018-12-31": {
        "Diluted EPS": 0.0,
        "Total Revenue": 134,
        "Gross Profit": 19,
        "Operating Income": 12,
        "EBIT": 15,
        "Net Income": 2
    },
    "2018-09-30": {
        "Diluted EPS": 0.0,
        "Total Revenue": 143,
        "Gross Profit": 20,
        "Operating Income": 13,
        "EBIT": 16,
        "Net Income": 3
    },
    "2018-06-30": {
        "Diluted EPS": 0.0,
        "Total Revenue": 135,
        "Gross Profit": 20,
        "Operating Income": 12,
        "EBIT": 15,
        "Net Income": 3
    },
    "2018-03-31": {
        "Diluted EPS": 0.0,
        "Total Revenue": 129,
        "Gross Profit": 19,
        "Operating Income": 12,
        "EBIT": 14,
        "Net Income": 3
    },
    "2017-12-31": {
        "Diluted EPS": 0.0,
        "Total Revenue": NaN,
        "Gross Profit": NaN,
        "Operating Income": NaN,
        "EBIT": NaN,
        "Net Income": NaN
    },
    "2017-09-30": {
        "Diluted EPS": 0.0,
        "Total Revenue": NaN,
        "Gross Profit": NaN,
        "Operating Income": NaN,
        "EBIT": NaN,
        "Net Income": NaN
    },
    "2017-06-30": {
        "Diluted EPS": 0.0,
        "Total Revenue": NaN,
        "Gross Profit": NaN,
        "Operating Income": NaN,
        "EBIT": NaN,
        "Net Income": NaN
    },
    "2023-09-30": {
        "Tax Effect Of Unusual Items": 1546650.0,
        "Tax Rate For Calcs": 0.21,
        "Normalized EBITDA": 22466000.0,
        "Total Unusual Items": 7365000.0,
        "Total Unusual Items Excluding Goodwill": 7365000.0,
        "Net Income From Continuing Operation Net Minority Interest": 23411000.0,
        "Reconciled Depreciation": 5512000.0,
        "Reconciled Cost Of Revenue": 179299000.0,
        "EBITDA": 29831000.0,
        "EBIT": 24319000.0,
        "Net Interest Income": -3726000.0,
        "Interest Expense": 3726000.0,
        "Normalized Income": 17592650.0,
        "Net Income From Continuing And Discontinued Operation": 23411000.0,
        "Total Expenses": 199317000.0,
        "Total Operating Income As Reported": 16954000.0,
        "Diluted Average Shares": 101369000.0,
        "Basic Average Shares": 99963000.0,
        "Diluted EPS": 0.16,
        "Basic EPS": 0.23,
        "Diluted NI Availto Com Stockholders": 23411000.0,
        "Average Dilution Earnings": NaN,
        "Net Income Common Stockholders": 23411000.0,
        "Net Income": 23411000.0,
        "Net Income Including Noncontrolling Interests": 23411000.0,
        "Net Income Continuous Operations": 23411000.0,
        "Tax Provision": -2818000.0,
        "Pretax Income": 20593000.0,
        "Other Income Expense": 7365000.0,
        "Gain On Sale Of Security": 7365000.0,
        "Net Non Operating Interest Income Expense": -3726000.0,
        "Interest Expense Non Operating": 3726000.0,
        "Operating Income": 16954000.0,
        "Operating Expense": 18712000.0,
        "Depreciation Amortization Depletion Income Statement": 4206000.0,
        "Depreciation And Amortization In Income Statement": 4206000.0,
        "Amortization": 4206000.0,
        "Amortization Of Intangibles Income Statement": 4206000.0,
        "Selling General And Administration": 14506000.0,
        "General And Administrative Expense": 14506000.0,
        "Other Gand A": 4673000.0,
        "Salaries And Wages": 9833000.0,
        "Gross Profit": 35666000.0,
        "Cost Of Revenue": 180605000.0,
        "Total Revenue": 216271000.0,
        "Operating Revenue": 216271000.0
    },
    "2023-12-31": {
        "Tax Effect Of Unusual Items": -2719500.0,
        "Tax Rate For Calcs": 0.21,
        "Normalized EBITDA": 20569000.0,
        "Total Unusual Items": -12950000.0,
        "Total Unusual Items Excluding Goodwill": -12950000.0,
        "Net Income From Continuing Operation Net Minority Interest": -7304000.0,
        "Reconciled Depreciation": 5542000.0,
        "Reconciled Cost Of Revenue": 161071000.0,
        "EBITDA": 7619000.0,
        "EBIT": 2077000.0,
        "Net Interest Income": -8427000.0,
        "Interest Expense": 8707000.0,
        "Normalized Income": 2926500.0,
        "Net Income From Continuing And Discontinued Operation": -7304000.0,
        "Total Expenses": 180059000.0,
        "Total Operating Income As Reported": 12618000.0,
        "Diluted Average Shares": 100232000.0,
        "Basic Average Shares": 100232000.0,
        "Diluted EPS": -0.07,
        "Basic EPS": -0.07,
        "Diluted NI Availto Com Stockholders": -7304000.0,
        "Average Dilution Earnings": NaN,
        "Net Income Common Stockholders": -7304000.0,
        "Net Income": -7304000.0,
        "Net Income Including Noncontrolling Interests": -7304000.0,
        "Net Income Continuous Operations": -7304000.0,
        "Tax Provision": 674000.0,
        "Pretax Income": -6630000.0,
        "Other Income Expense": -12950000.0,
        "Gain On Sale Of Security": -10821000.0,
        "Net Non Operating Interest Income Expense": -8427000.0,
        "Interest Expense Non Operating": 8707000.0,
        "Operating Income": 14747000.0,
        "Operating Expense": 17651000.0,
        "Depreciation Amortization Depletion Income Statement": 4205000.0,
        "Depreciation And Amortization In Income Statement": 4205000.0,
        "Amortization": 4205000.0,
        "Amortization Of Intangibles Income Statement": 4205000.0,
        "Selling General And Administration": 13446000.0,
        "General And Administrative Expense": 13446000.0,
        "Other Gand A": 4349000.0,
        "Salaries And Wages": 9097000.0,
        "Gross Profit": 32398000.0,
        "Cost Of Revenue": 162408000.0,
        "Total Revenue": 194806000.0,
        "Operating Revenue": 194806000.0
    }
}