{
    "2023-06-30": {
        "Tax Effect Of Unusual Items": 45683.06281,
        "Tax Rate For Calcs": 0.003138,
        "Normalized EBITDA": -74535000.0,
        "Total Unusual Items": 14557000.0,
        "Total Unusual Items Excluding Goodwill": 14557000.0,
        "Net Income From Continuing Operation Net Minority Interest": -86719000.0,
        "Reconciled Depreciation": 12464000.0,
        "Reconciled Cost Of Revenue": 158331000.0,
        "EBITDA": -59978000.0,
        "EBIT": -72442000.0,
        "Net Interest Income": -29892000.0,
        "Interest Expense": 14550000.0,
        "Interest Income": 2808000.0,
        "Normalized Income": -101230316.93719,
        "Net Income From Continuing And Discontinued Operation": -86719000.0,
        "Total Expenses": 271467000.0,
        "Total Operating Income As Reported": -75480000.0,
        "Diluted Average Shares": 593189505.0,
        "Basic Average Shares": 593189505.0,
        "Diluted EPS": -0.15,
        "Basic EPS": -0.15,
        "Diluted NI Availto Com Stockholders": -86719000.0,
        "Average Dilution Earnings": NaN,
        "Net Income Common Stockholders": -86719000.0,
        "Net Income": -86719000.0,
        "Minority Interests": NaN,
        "Net Income Including Noncontrolling Interests": -86719000.0,
        "Net Income Continuous Operations": -86719000.0,
        "Tax Provision": -273000.0,
        "Pretax Income": -86992000.0,
        "Other Income Expense": 18380000.0,
        "Other Non Operating Income Expenses": 3823000.0,
        "Gain On Sale Of Security": 14557000.0,
        "Net Non Operating Interest Income Expense": -29892000.0,
        "Total Other Finance Cost": 18150000.0,
        "Interest Expense Non Operating": 14550000.0,
        "Interest Income Non Operating": 2808000.0,
        "Operating Income": -75480000.0,
        "Operating Expense": 113136000.0,
        "Other Operating Expenses": 1120000.0,
        "Research And Development": 5321000.0,
        "Selling General And Administration": 106695000.0,
        "Gross Profit": 37656000.0,
        "Cost Of Revenue": 158331000.0,
        "Total Revenue": 195987000.0,
        "Operating Revenue": 184987000.0
    },
    "2023-03-31": {
        "Tax Effect Of Unusual Items": 0.0,
        "Tax Rate For Calcs": 0.206,
        "Normalized EBITDA": -59336000.0,
        "Total Unusual Items": 2072000.0,
        "Total Unusual Items Excluding Goodwill": 2072000.0,
        "Net Income From Continuing Operation Net Minority Interest": -75577000.0,
        "Reconciled Depreciation": 12233000.0,
        "Reconciled Cost Of Revenue": 161557000.0,
        "EBITDA": -59336000.0,
        "EBIT": -71569000.0,
        "Net Interest Income": -1996000.0,
        "Interest Expense": 4169000.0,
        "Interest Income": 346000.0,
        "Normalized Income": -75577000.0,
        "Net Income From Continuing And Discontinued Operation": -75577000.0,
        "Total Expenses": 267214000.0,
        "Total Operating Income As Reported": -71569000.0,
        "Diluted Average Shares": 592319923.0,
        "Basic Average Shares": 592319923.0,
        "Diluted EPS": -0.13,
        "Basic EPS": -0.13,
        "Diluted NI Availto Com Stockholders": -75577000.0,
        "Average Dilution Earnings": NaN,
        "Net Income Common Stockholders": -75577000.0,
        "Net Income": -75577000.0,
        "Minority Interests": 0.0,
        "Net Income Including Noncontrolling Interests": -75577000.0,
        "Net Income Continuous Operations": -75577000.0,
        "Tax Provision": 2012000.0,
        "Pretax Income": -73565000.0,
        "Other Income Expense": 2072000.0,
        "Other Non Operating Income Expenses": NaN,
        "Gain On Sale Of Security": 2072000.0,
        "Net Non Operating Interest Income Expense": -1996000.0,
        "Total Other Finance Cost": 1996000.0,
        "Interest Expense Non Operating": 4169000.0,
        "Interest Income Non Operating": 346000.0,
        "Operating Income": -71569000.0,
        "Operating Expense": 105657000.0,
        "Other Operating Expenses": 1088000.0,
        "Research And Development": 5714000.0,
        "Selling General And Administration": 98855000.0,
        "Gross Profit": 34088000.0,
        "Cost Of Revenue": 161557000.0,
        "Total Revenue": 195645000.0,
        "Operating Revenue": 195645000.0
    },
    "2022-12-31": {
        "Tax Effect Of Unusual Items": NaN,
        "Tax Rate For Calcs": NaN,
        "Normalized EBITDA": NaN,
        "Total Unusual Items": 7065000.0,
        "Total Unusual Items Excluding Goodwill": 7065000.0,
        "Net Income From Continuing Operation Net Minority Interest": NaN,
        "Reconciled Depreciation": NaN,
        "Reconciled Cost Of Revenue": NaN,
        "EBITDA": NaN,
        "EBIT": NaN,
        "Net Interest Income": NaN,
        "Interest Expense": NaN,
        "Interest Income": 368000.0,
        "Normalized Income": NaN,
        "Net Income From Continuing And Discontinued Operation": NaN,
        "Total Expenses": NaN,
        "Total Operating Income As Reported": NaN,
        "Diluted Average Shares": NaN,
        "Basic Average Shares": NaN,
        "Diluted EPS": NaN,
        "Basic EPS": NaN,
        "Diluted NI Availto Com Stockholders": NaN,
        "Average Dilution Earnings": NaN,
        "Net Income Common Stockholders": NaN,
        "Net Income": NaN,
        "Minority Interests": NaN,
        "Net Income Including Noncontrolling Interests": NaN,
        "Net Income Continuous Operations": NaN,
        "Tax Provision": NaN,
        "Pretax Income": NaN,
        "Other Income Expense": 7065000.0,
        "Other Non Operating Income Expenses": NaN,
        "Gain On Sale Of Security": 7065000.0,
        "Net Non Operating Interest Income Expense": NaN,
        "Total Other Finance Cost": NaN,
        "Interest Expense Non Operating": NaN,
        "Interest Income Non Operating": 368000.0,
        "Operating Income": NaN,
        "Operating Expense": NaN,
        "Other Operating Expenses": NaN,
        "Research And Development": NaN,
        "Selling General And Administration": NaN,
        "Gross Profit": NaN,
        "Cost Of Revenue": NaN,
        "Total Revenue": NaN,
        "Operating Revenue": NaN
    },
    "2022-09-30": {
        "Tax Effect Of Unusual Items": NaN,
        "Tax Rate For Calcs": NaN,
        "Normalized EBITDA": NaN,
        "Total Unusual Items": NaN,
        "Total Unusual Items Excluding Goodwill": NaN,
        "Net Income From Continuing Operation Net Minority Interest": NaN,
        "Reconciled Depreciation": NaN,
        "Reconciled Cost Of Revenue": NaN,
        "EBITDA": NaN,
        "EBIT": NaN,
        "Net Interest Income": NaN,
        "Interest Expense": NaN,
        "Interest Income": NaN,
        "Normalized Income": NaN,
        "Net Income From Continuing And Discontinued Operation": NaN,
        "Total Expenses": NaN,
        "Total Operating Income As Reported": NaN,
        "Diluted Average Shares": NaN,
        "Basic Average Shares": NaN,
        "Diluted EPS": NaN,
        "Basic EPS": NaN,
        "Diluted NI Availto Com Stockholders": NaN,
        "Average Dilution Earnings": 0.0,
        "Net Income Common Stockholders": NaN,
        "Net Income": NaN,
        "Minority Interests": 0.0,
        "Net Income Including Noncontrolling Interests": NaN,
        "Net Income Continuous Operations": NaN,
        "Tax Provision": NaN,
        "Pretax Income": NaN,
        "Other Income Expense": NaN,
        "Other Non Operating Income Expenses": NaN,
        "Gain On Sale Of Security": NaN,
        "Net Non Operating Interest Income Expense": NaN,
        "Total Other Finance Cost": NaN,
        "Interest Expense Non Operating": NaN,
        "Interest Income Non Operating": NaN,
        "Operating Income": NaN,
        "Operating Expense": NaN,
        "Other Operating Expenses": NaN,
        "Research And Development": NaN,
        "Selling General And Administration": NaN,
        "Gross Profit": NaN,
        "Cost Of Revenue": NaN,
        "Total Revenue": NaN,
        "Operating Revenue": NaN
    },
    "2022-06-30": {
        "Tax Effect Of Unusual Items": 85921.889579,
        "Tax Rate For Calcs": 0.040415,
        "Normalized EBITDA": -73889000.0,
        "Total Unusual Items": 2126000.0,
        "Total Unusual Items Excluding Goodwill": 2126000.0,
        "Net Income From Continuing Operation Net Minority Interest": -71990000.0,
        "Reconciled Depreciation": 11876000.0,
        "Reconciled Cost Of Revenue": 149814000.0,
        "EBITDA": -71763000.0,
        "EBIT": -71763000.0,
        "Net Interest Income": -2719000.0,
        "Interest Expense": 3259000.0,
        "Interest Income": 678000.0,
        "Normalized Income": -74030078.110421,
        "Net Income From Continuing And Discontinued Operation": -71990000.0,
        "Total Expenses": 252387000.0,
        "Total Operating Income As Reported": -74429000.0,
        "Diluted Average Shares": 591945667.0,
        "Basic Average Shares": 591945667.0,
        "Diluted EPS": -0.12,
        "Basic EPS": -0.12,
        "Diluted NI Availto Com Stockholders": -71990000.0,
        "Net Income Common Stockholders": -71990000.0,
        "Net Income": -71990000.0,
        "Net Income Including Noncontrolling Interests": -71990000.0,
        "Net Income Continuous Operations": -71990000.0,
        "Tax Provision": -3032000.0,
        "Pretax Income": -75022000.0,
        "Other Income Expense": 2126000.0,
        "Other Non Operating Income Expenses": NaN,
        "Gain On Sale Of Security": 2126000.0,
        "Net Non Operating Interest Income Expense": -2719000.0,
        "Total Other Finance Cost": 138000.0,
        "Interest Expense Non Operating": 3259000.0,
        "Interest Income Non Operating": 678000.0,
        "Operating Income": -74429000.0,
        "Operating Expense": 102573000.0,
        "Other Operating Expenses": -205000.0,
        "Research And Development": 5718000.0,
        "Selling General And Administration": 97060000.0,
        "Gross Profit": 28144000.0,
        "Cost Of Revenue": 149814000.0,
        "Total Revenue": 177958000.0,
        "Operating Revenue": 177958000.0
    },
    "2022-03-31": {
        "Diluted EPS": -0.15,
        "Total Revenue": 166,
        "Gross Profit": 16,
        "Operating Income": -92,
        "EBIT": -81,
        "Net Income": -87
    },
    "2021-12-31": {
        "Diluted EPS": -0.14,
        "Total Revenue": 186,
        "Gross Profit": 30,
        "Operating Income": -93,
        "EBIT": -82,
        "Net Income": -80
    },
    "2021-09-30": {
        "Diluted EPS": -0.07,
        "Total Revenue": 171,
        "Gross Profit": 45,
        "Operating Income": -44,
        "EBIT": -37,
        "Net Income": -41
    },
    "2021-06-30": {
        "Diluted EPS": -0.11,
        "Total Revenue": 146,
        "Gross Profit": 39,
        "Operating Income": -48,
        "EBIT": -43,
        "Net Income": -59
    },
    "2021-03-31": {
        "Diluted EPS": -0.07,
        "Total Revenue": 140,
        "Gross Profit": 42,
        "Operating Income": -29,
        "EBIT": -25,
        "Net Income": -32
    },
    "2020-12-31": {
        "Diluted EPS": -0.08,
        "Total Revenue": 127,
        "Gross Profit": 35,
        "Operating Income": -30,
        "EBIT": -26,
        "Net Income": -37
    },
    "2020-09-30": {
        "Diluted EPS": -0.02,
        "Total Revenue": 115,
        "Gross Profit": 36,
        "Operating Income": -8,
        "EBIT": -5,
        "Net Income": -10
    },
    "2020-06-30": {
        "Diluted EPS": -0.01,
        "Total Revenue": 95,
        "Gross Profit": 31,
        "Operating Income": -4,
        "EBIT": -1,
        "Net Income": -5
    },
    "2020-03-31": {
        "Diluted EPS": -0.02,
        "Total Revenue": 84,
        "Gross Profit": 27,
        "Operating Income": -5,
        "EBIT": -2,
        "Net Income": -8
    },
    "2019-12-31": {
        "Diluted EPS": 0.0,
        "Total Revenue": NaN,
        "Gross Profit": NaN,
        "Operating Income": NaN,
        "EBIT": NaN,
        "Net Income": NaN
    },
    "2023-09-30": {
        "Tax Effect Of Unusual Items": 0.0,
        "Tax Rate For Calcs": 0.032576,
        "Normalized EBITDA": -54789000.0,
        "Total Unusual Items": 124157000.0,
        "Total Unusual Items Excluding Goodwill": 124157000.0,
        "Net Income From Continuing Operation Net Minority Interest": 44085000.0,
        "Reconciled Depreciation": 12559000.0,
        "Reconciled Cost Of Revenue": 155034000.0,
        "EBITDA": -54789000.0,
        "EBIT": -67348000.0,
        "Net Interest Income": 112841000.0,
        "Interest Expense": 14907000.0,
        "Interest Income": 4383000.0,
        "Normalized Income": 44085000.0,
        "Net Income From Continuing And Discontinued Operation": 44085000.0,
        "Total Expenses": 254943000.0,
        "Total Operating Income As Reported": -67348000.0,
        "Diluted Average Shares": 994871584.0,
        "Basic Average Shares": 594255240.0,
        "Diluted EPS": -0.07,
        "Basic EPS": 0.07,
        "Diluted NI Availto Com Stockholders": 44085000.0,
        "Average Dilution Earnings": -118052000.0,
        "Net Income Common Stockholders": 44085000.0,
        "Net Income": 44085000.0,
        "Minority Interests": 74000.0,
        "Net Income Including Noncontrolling Interests": 44011000.0,
        "Net Income Continuous Operations": 44011000.0,
        "Tax Provision": 1482000.0,
        "Pretax Income": 45493000.0,
        "Other Income Expense": 124157000.0,
        "Other Non Operating Income Expenses": NaN,
        "Gain On Sale Of Security": 124157000.0,
        "Net Non Operating Interest Income Expense": 112841000.0,
        "Total Other Finance Cost": -112841000.0,
        "Interest Expense Non Operating": 14907000.0,
        "Interest Income Non Operating": 4383000.0,
        "Operating Income": -67348000.0,
        "Operating Expense": 99909000.0,
        "Other Operating Expenses": 8100000.0,
        "Research And Development": 4684000.0,
        "Selling General And Administration": 87125000.0,
        "Gross Profit": 32561000.0,
        "Cost Of Revenue": 155034000.0,
        "Total Revenue": 187595000.0,
        "Operating Revenue": 187595000.0
    },
    "2023-12-31": {
        "Tax Effect Of Unusual Items": 0.0,
        "Tax Rate For Calcs": 0.206,
        "Normalized EBITDA": -129989000.0,
        "Total Unusual Items": -224558000.0,
        "Total Unusual Items Excluding Goodwill": -224558000.0,
        "Net Income From Continuing Operation Net Minority Interest": -298663000.0,
        "Reconciled Depreciation": 14446000.0,
        "Reconciled Cost Of Revenue": 156343000.0,
        "EBITDA": -129989000.0,
        "EBIT": -144435000.0,
        "Net Interest Income": -155367000.0,
        "Interest Expense": 15706000.0,
        "Interest Income": 5129000.0,
        "Normalized Income": -298663000.0,
        "Net Income From Continuing And Discontinued Operation": -298663000.0,
        "Total Expenses": 261907000.0,
        "Total Operating Income As Reported": -242615000.0,
        "Diluted Average Shares": 594606465.0,
        "Basic Average Shares": 594606465.0,
        "Diluted EPS": -0.5,
        "Basic EPS": -0.5,
        "Diluted NI Availto Com Stockholders": -298663000.0,
        "Average Dilution Earnings": NaN,
        "Net Income Common Stockholders": -298663000.0,
        "Net Income": -298663000.0,
        "Minority Interests": 112000.0,
        "Net Income Including Noncontrolling Interests": -298775000.0,
        "Net Income Continuous Operations": -298775000.0,
        "Tax Provision": 5674000.0,
        "Pretax Income": -293101000.0,
        "Other Income Expense": -224558000.0,
        "Other Non Operating Income Expenses": NaN,
        "Gain On Sale Of Security": -42720000.0,
        "Net Non Operating Interest Income Expense": -155367000.0,
        "Total Other Finance Cost": 118700000.0,
        "Interest Expense Non Operating": 15706000.0,
        "Interest Income Non Operating": 5129000.0,
        "Operating Income": -57786000.0,
        "Operating Expense": 105564000.0,
        "Other Operating Expenses": 19515000.0,
        "Research And Development": 5328000.0,
        "Selling General And Administration": 80721000.0,
        "Gross Profit": 47778000.0,
        "Cost Of Revenue": 156343000.0,
        "Total Revenue": 204121000.0,
        "Operating Revenue": 204121000.0
    },
    "2024-03-31": {
        "Tax Effect Of Unusual Items": 0.0,
        "Tax Rate For Calcs": 0.4,
        "Normalized EBITDA": -20477000.0,
        "Total Unusual Items": NaN,
        "Total Unusual Items Excluding Goodwill": NaN,
        "Net Income From Continuing Operation Net Minority Interest": -45799000.0,
        "Reconciled Depreciation": 13013000.0,
        "Reconciled Cost Of Revenue": 145257000.0,
        "EBITDA": -20477000.0,
        "EBIT": -33490000.0,
        "Net Interest Income": -17400000.0,
        "Interest Expense": 12300000.0,
        "Interest Income": NaN,
        "Normalized Income": -45799000.0,
        "Net Income From Continuing And Discontinued Operation": -45799000.0,
        "Total Expenses": 227568000.0,
        "Total Operating Income As Reported": -28413000.0,
        "Diluted Average Shares": 595060257.0,
        "Basic Average Shares": 595060257.0,
        "Diluted EPS": -0.08,
        "Basic EPS": -0.08,
        "Diluted NI Availto Com Stockholders": -45799000.0,
        "Average Dilution Earnings": NaN,
        "Net Income Common Stockholders": -45799000.0,
        "Net Income": -45799000.0,
        "Minority Interests": 45000.0,
        "Net Income Including Noncontrolling Interests": -45844000.0,
        "Net Income Continuous Operations": -45844000.0,
        "Tax Provision": 54000.0,
        "Pretax Income": -45790000.0,
        "Other Income Expense": NaN,
        "Other Non Operating Income Expenses": NaN,
        "Gain On Sale Of Security": NaN,
        "Net Non Operating Interest Income Expense": -17400000.0,
        "Total Other Finance Cost": 5100000.0,
        "Interest Expense Non Operating": 12300000.0,
        "Interest Income Non Operating": NaN,
        "Operating Income": -28413000.0,
        "Operating Expense": 82311000.0,
        "Other Operating Expenses": -1073000.0,
        "Research And Development": 4642000.0,
        "Selling General And Administration": 78742000.0,
        "Gross Profit": 53898000.0,
        "Cost Of Revenue": 145257000.0,
        "Total Revenue": 199155000.0,
        "Operating Revenue": 199155000.0
    }
}