{
    "2023-03-31": {
        "Tax Effect Of Unusual Items": 0.0,
        "Tax Rate For Calcs": 0.176,
        "Normalized EBITDA": 109056000.0,
        "Net Income From Continuing Operation Net Minority Interest": 62481000.0,
        "Reconciled Depreciation": 23856000.0,
        "Reconciled Cost Of Revenue": 211235000.0,
        "EBITDA": 109056000.0,
        "EBIT": 85200000.0,
        "Net Interest Income": -9415000.0,
        "Interest Expense": 9415000.0,
        "Normalized Income": 62481000.0,
        "Net Income From Continuing And Discontinued Operation": 62481000.0,
        "Total Expenses": 255999000.0,
        "Total Operating Income As Reported": 80670000.0,
        "Diluted Average Shares": 41977000.0,
        "Basic Average Shares": 41632000.0,
        "Diluted EPS": 1.49,
        "Basic EPS": 1.5,
        "Diluted NI Availto Com Stockholders": 62481000.0,
        "Net Income Common Stockholders": 62481000.0,
        "Net Income": 62481000.0,
        "Net Income Including Noncontrolling Interests": 62481000.0,
        "Net Income Continuous Operations": 62481000.0,
        "Tax Provision": 13304000.0,
        "Pretax Income": 75785000.0,
        "Other Income Expense": 2118000.0,
        "Other Non Operating Income Expenses": 2118000.0,
        "Net Non Operating Interest Income Expense": -9415000.0,
        "Interest Expense Non Operating": 9415000.0,
        "Operating Income": 83082000.0,
        "Operating Expense": 44764000.0,
        "Other Operating Expenses": 18699000.0,
        "Other Taxes": 4621000.0,
        "Depreciation Amortization Depletion Income Statement": 23856000.0,
        "Depreciation And Amortization In Income Statement": 23856000.0,
        "Selling General And Administration": 16287000.0,
        "General And Administrative Expense": 16287000.0,
        "Other Gand A": 18699000.0,
        "Salaries And Wages": -2412000.0,
        "Gross Profit": 127846000.0,
        "Cost Of Revenue": 211235000.0,
        "Total Revenue": 339081000.0,
        "Operating Revenue": 339081000.0
    },
    "2022-12-31": {
        "Tax Effect Of Unusual Items": 0.0,
        "Tax Rate For Calcs": 0.146465,
        "Normalized EBITDA": 80799000.0,
        "Net Income From Continuing Operation Net Minority Interest": 42005000.0,
        "Reconciled Depreciation": 22768000.0,
        "Reconciled Cost Of Revenue": 200525000.0,
        "EBITDA": 80799000.0,
        "EBIT": 58031000.0,
        "Net Interest Income": -8818000.0,
        "Interest Expense": 8818000.0,
        "Normalized Income": 42005000.0,
        "Net Income From Continuing And Discontinued Operation": 42005000.0,
        "Total Expenses": 246217000.0,
        "Total Operating Income As Reported": 54941000.0,
        "Diluted Average Shares": 41932000.0,
        "Basic Average Shares": 41600000.0,
        "Diluted EPS": 1.0,
        "Basic EPS": 1.01,
        "Diluted NI Availto Com Stockholders": 42005000.0,
        "Net Income Common Stockholders": 42005000.0,
        "Net Income": 42005000.0,
        "Net Income Including Noncontrolling Interests": 42005000.0,
        "Net Income Continuous Operations": 42005000.0,
        "Tax Provision": 7208000.0,
        "Pretax Income": 49213000.0,
        "Other Income Expense": 2839000.0,
        "Other Non Operating Income Expenses": 2839000.0,
        "Net Non Operating Interest Income Expense": -8818000.0,
        "Interest Expense Non Operating": 8818000.0,
        "Operating Income": 55192000.0,
        "Operating Expense": 45692000.0,
        "Other Operating Expenses": 18737000.0,
        "Other Taxes": 4438000.0,
        "Depreciation Amortization Depletion Income Statement": 22768000.0,
        "Depreciation And Amortization In Income Statement": 22768000.0,
        "Selling General And Administration": -251000.0,
        "General And Administrative Expense": -251000.0,
        "Salaries And Wages": -251000.0,
        "Gross Profit": 100884000.0,
        "Cost Of Revenue": 200525000.0,
        "Total Revenue": 301409000.0,
        "Operating Revenue": 301409000.0
    },
    "2022-09-30": {
        "Tax Effect Of Unusual Items": 0.0,
        "Tax Rate For Calcs": 0.210891,
        "Normalized EBITDA": 138727000.0,
        "Net Income From Continuing Operation Net Minority Interest": 84239000.0,
        "Reconciled Depreciation": 22716000.0,
        "Reconciled Cost Of Revenue": 224045000.0,
        "EBITDA": 138727000.0,
        "EBIT": 116011000.0,
        "Net Interest Income": -9259000.0,
        "Interest Expense": 9259000.0,
        "Normalized Income": 84239000.0,
        "Net Income From Continuing And Discontinued Operation": 84239000.0,
        "Total Expenses": 267723000.0,
        "Total Operating Income As Reported": 116133000.0,
        "Diluted Average Shares": 41974000.0,
        "Basic Average Shares": 41600000.0,
        "Diluted EPS": 2.01,
        "Basic EPS": 2.02,
        "Diluted NI Availto Com Stockholders": 84239000.0,
        "Net Income Common Stockholders": 84239000.0,
        "Net Income": 84239000.0,
        "Net Income Including Noncontrolling Interests": 84239000.0,
        "Net Income Continuous Operations": 84239000.0,
        "Tax Provision": 22513000.0,
        "Pretax Income": 106752000.0,
        "Other Income Expense": -122000.0,
        "Other Non Operating Income Expenses": -122000.0,
        "Net Non Operating Interest Income Expense": -9259000.0,
        "Interest Expense Non Operating": 9259000.0,
        "Operating Income": 116133000.0,
        "Operating Expense": 43678000.0,
        "Other Operating Expenses": 16524000.0,
        "Other Taxes": 4438000.0,
        "Depreciation Amortization Depletion Income Statement": 22716000.0,
        "Depreciation And Amortization In Income Statement": 22716000.0,
        "Gross Profit": 159811000.0,
        "Cost Of Revenue": 224045000.0,
        "Total Revenue": 383856000.0,
        "Operating Revenue": 383856000.0
    },
    "2022-06-30": {
        "Tax Effect Of Unusual Items": 0.0,
        "Tax Rate For Calcs": 0.232274,
        "Normalized EBITDA": 144494000.0,
        "Net Income From Continuing Operation Net Minority Interest": 85937000.0,
        "Reconciled Depreciation": 23565000.0,
        "Reconciled Cost Of Revenue": 233722000.0,
        "EBITDA": 144494000.0,
        "EBIT": 120928000.0,
        "Net Interest Income": -8991000.0,
        "Interest Expense": 8991000.0,
        "Normalized Income": 85937000.0,
        "Net Income From Continuing And Discontinued Operation": 85937000.0,
        "Total Expenses": 278974000.0,
        "Total Operating Income As Reported": 121066000.0,
        "Diluted Average Shares": 41944000.0,
        "Basic Average Shares": 41597000.0,
        "Diluted EPS": 2.05,
        "Basic EPS": 2.07,
        "Diluted NI Availto Com Stockholders": 85937000.0,
        "Net Income Common Stockholders": 85937000.0,
        "Net Income": 85937000.0,
        "Net Income Including Noncontrolling Interests": 85937000.0,
        "Net Income Continuous Operations": 85937000.0,
        "Tax Provision": 26000000.0,
        "Pretax Income": 111937000.0,
        "Other Income Expense": -138000.0,
        "Other Non Operating Income Expenses": -138000.0,
        "Net Non Operating Interest Income Expense": -8991000.0,
        "Interest Expense Non Operating": 8991000.0,
        "Operating Income": 121066000.0,
        "Operating Expense": 45253000.0,
        "Other Operating Expenses": 17252000.0,
        "Other Taxes": 4435000.0,
        "Depreciation Amortization Depletion Income Statement": 23566000.0,
        "Depreciation And Amortization In Income Statement": 23566000.0,
        "Gross Profit": 166319000.0,
        "Cost Of Revenue": 233721000.0,
        "Total Revenue": 400040000.0,
        "Operating Revenue": 400040000.0
    },
    "2023-06-30": {
        "Tax Effect Of Unusual Items": 0.0,
        "Tax Rate For Calcs": 0.197,
        "Normalized EBITDA": 135960000.0,
        "Net Income From Continuing Operation Net Minority Interest": 81969000.0,
        "Reconciled Depreciation": 24233000.0,
        "Reconciled Cost Of Revenue": 186224000.0,
        "EBITDA": 135960000.0,
        "EBIT": 111727000.0,
        "Net Interest Income": -9696000.0,
        "Interest Expense": 9696000.0,
        "Normalized Income": 81969000.0,
        "Net Income From Continuing And Discontinued Operation": 81969000.0,
        "Total Expenses": 229242000.0,
        "Total Operating Income As Reported": 106053000.0,
        "Diluted Average Shares": 42053000.0,
        "Basic Average Shares": 41678000.0,
        "Diluted EPS": 1.95,
        "Basic EPS": 1.97,
        "Diluted NI Availto Com Stockholders": 81969000.0,
        "Net Income Common Stockholders": 81969000.0,
        "Net Income": 81969000.0,
        "Net Income Including Noncontrolling Interests": 81969000.0,
        "Net Income Continuous Operations": 81969000.0,
        "Tax Provision": 20062000.0,
        "Pretax Income": 102031000.0,
        "Other Income Expense": 3253000.0,
        "Other Non Operating Income Expenses": 3253000.0,
        "Net Non Operating Interest Income Expense": -9696000.0,
        "Interest Expense Non Operating": 9696000.0,
        "Operating Income": 108474000.0,
        "Operating Expense": 43017000.0,
        "Other Operating Expenses": 16870000.0,
        "Other Taxes": 4336000.0,
        "Depreciation Amortization Depletion Income Statement": 24232000.0,
        "Depreciation And Amortization In Income Statement": 24232000.0,
        "Selling General And Administration": -2421000.0,
        "General And Administrative Expense": -2421000.0,
        "Other Gand A": NaN,
        "Salaries And Wages": -2421000.0,
        "Gross Profit": 151491000.0,
        "Cost Of Revenue": 186225000.0,
        "Total Revenue": 337716000.0,
        "Operating Revenue": 337716000.0
    },
    "2022-03-31": {
        "Diluted EPS": 1.72,
        "Total Revenue": 375,
        "Gross Profit": 188,
        "Operating Income": 98,
        "EBIT": 122,
        "Net Income": 72
    },
    "2021-12-31": {
        "Diluted EPS": 1.23,
        "Total Revenue": 333,
        "Gross Profit": 164,
        "Operating Income": 71,
        "EBIT": 94,
        "Net Income": 52
    },
    "2021-09-30": {
        "Diluted EPS": 1.26,
        "Total Revenue": 316,
        "Gross Profit": 155,
        "Operating Income": 75,
        "EBIT": 97,
        "Net Income": 53
    },
    "2021-06-30": {
        "Diluted EPS": 1.01,
        "Total Revenue": 286,
        "Gross Profit": 140,
        "Operating Income": 60,
        "EBIT": 83,
        "Net Income": 42
    },
    "2021-03-31": {
        "Diluted EPS": 0.73,
        "Total Revenue": 262,
        "Gross Profit": 126,
        "Operating Income": 44,
        "EBIT": 66,
        "Net Income": 30
    },
    "2020-12-31": {
        "Diluted EPS": 0.45,
        "Total Revenue": 227,
        "Gross Profit": 116,
        "Operating Income": 28,
        "EBIT": 49,
        "Net Income": 19
    },
    "2020-09-30": {
        "Diluted EPS": 0.87,
        "Total Revenue": 236,
        "Gross Profit": 124,
        "Operating Income": 53,
        "EBIT": 73,
        "Net Income": 36
    },
    "2020-06-30": {
        "Diluted EPS": 0.42,
        "Total Revenue": 193,
        "Gross Profit": 96,
        "Operating Income": 28,
        "EBIT": 48,
        "Net Income": 17
    },
    "2020-03-31": {
        "Diluted EPS": 0.6,
        "Total Revenue": 235,
        "Gross Profit": 116,
        "Operating Income": 39,
        "EBIT": 60,
        "Net Income": 24
    },
    "2019-12-31": {
        "Diluted EPS": 0.5,
        "Total Revenue": 216,
        "Gross Profit": 107,
        "Operating Income": 31,
        "EBIT": 51,
        "Net Income": 20
    },
    "2019-09-30": {
        "Diluted EPS": 0.62,
        "Total Revenue": 229,
        "Gross Profit": 108,
        "Operating Income": 37,
        "EBIT": 57,
        "Net Income": 25
    },
    "2019-06-30": {
        "Diluted EPS": 0.39,
        "Total Revenue": 229,
        "Gross Profit": 103,
        "Operating Income": 27,
        "EBIT": 46,
        "Net Income": 15
    },
    "2019-03-31": {
        "Diluted EPS": 0.66,
        "Total Revenue": 246,
        "Gross Profit": 115,
        "Operating Income": 40,
        "EBIT": 59,
        "Net Income": 26
    },
    "2018-12-31": {
        "Diluted EPS": 0.35,
        "Total Revenue": 221,
        "Gross Profit": 105,
        "Operating Income": 23,
        "EBIT": 42,
        "Net Income": 14
    },
    "2018-09-30": {
        "Diluted EPS": 0.58,
        "Total Revenue": 228,
        "Gross Profit": 108,
        "Operating Income": 38,
        "EBIT": 57,
        "Net Income": 23
    },
    "2018-06-30": {
        "Diluted EPS": 0.47,
        "Total Revenue": 226,
        "Gross Profit": 103,
        "Operating Income": 30,
        "EBIT": 49,
        "Net Income": 19
    },
    "2018-03-31": {
        "Diluted EPS": 0.66,
        "Total Revenue": 241,
        "Gross Profit": 112,
        "Operating Income": 38,
        "EBIT": 56,
        "Net Income": 26
    },
    "2017-12-31": {
        "Diluted EPS": 0.46,
        "Total Revenue": 207,
        "Gross Profit": 105,
        "Operating Income": 34,
        "EBIT": 53,
        "Net Income": 18
    },
    "2017-09-30": {
        "Diluted EPS": 0.45,
        "Total Revenue": 216,
        "Gross Profit": 101,
        "Operating Income": 33,
        "EBIT": 51,
        "Net Income": 18
    },
    "2017-06-30": {
        "Diluted EPS": 0.42,
        "Total Revenue": 212,
        "Gross Profit": 99,
        "Operating Income": 31,
        "EBIT": 49,
        "Net Income": 17
    },
    "2017-03-31": {
        "Diluted EPS": 0.49,
        "Total Revenue": 214,
        "Gross Profit": 103,
        "Operating Income": 34,
        "EBIT": 52,
        "Net Income": 20
    },
    "2016-12-31": {
        "Diluted EPS": 0.45,
        "Total Revenue": 197,
        "Gross Profit": 96,
        "Operating Income": 35,
        "EBIT": 53,
        "Net Income": 18
    },
    "2016-09-30": {
        "Diluted EPS": 0.37,
        "Total Revenue": 197,
        "Gross Profit": 96,
        "Operating Income": 27,
        "EBIT": 46,
        "Net Income": 15
    },
    "2016-06-30": {
        "Diluted EPS": 0.41,
        "Total Revenue": 203,
        "Gross Profit": 97,
        "Operating Income": 27,
        "EBIT": 46,
        "Net Income": 16
    },
    "2016-03-31": {
        "Diluted EPS": 0.38,
        "Total Revenue": 206,
        "Gross Profit": 101,
        "Operating Income": 28,
        "EBIT": 46,
        "Net Income": 15
    },
    "2015-12-31": {
        "Diluted EPS": 0.39,
        "Total Revenue": 189,
        "Gross Profit": 90,
        "Operating Income": 30,
        "EBIT": 46,
        "Net Income": 15
    },
    "2015-09-30": {
        "Diluted EPS": 0.41,
        "Total Revenue": 200,
        "Gross Profit": 92,
        "Operating Income": 30,
        "EBIT": 45,
        "Net Income": 15
    },
    "2015-06-30": {
        "Diluted EPS": 0.3,
        "Total Revenue": 188,
        "Gross Profit": 89,
        "Operating Income": 25,
        "EBIT": 39,
        "Net Income": 11
    },
    "2015-03-31": {
        "Diluted EPS": 0.48,
        "Total Revenue": 203,
        "Gross Profit": 93,
        "Operating Income": 25,
        "EBIT": 40,
        "Net Income": 18
    },
    "2014-12-31": {
        "Diluted EPS": 0.28,
        "Total Revenue": 193,
        "Gross Profit": 91,
        "Operating Income": 25,
        "EBIT": 40,
        "Net Income": 10
    },
    "2014-09-30": {
        "Diluted EPS": 0.43,
        "Total Revenue": 197,
        "Gross Profit": 85,
        "Operating Income": 25,
        "EBIT": 39,
        "Net Income": 16
    },
    "2014-06-30": {
        "Diluted EPS": 0.27,
        "Total Revenue": 194,
        "Gross Profit": 85,
        "Operating Income": 15,
        "EBIT": 29,
        "Net Income": 10
    },
    "2014-03-31": {
        "Diluted EPS": 0.59,
        "Total Revenue": 215,
        "Gross Profit": 97,
        "Operating Income": 35,
        "EBIT": 50,
        "Net Income": 21
    },
    "2013-12-31": {
        "Diluted EPS": 0.35,
        "Total Revenue": 83,
        "Gross Profit": 77,
        "Operating Income": 26,
        "EBIT": 39,
        "Net Income": 13
    },
    "2013-09-30": {
        "Diluted EPS": 0.42,
        "Total Revenue": 230,
        "Gross Profit": 87,
        "Operating Income": 25,
        "EBIT": 40,
        "Net Income": 15
    },
    "2013-06-30": {
        "Diluted EPS": 0.21,
        "Total Revenue": 212,
        "Gross Profit": 82,
        "Operating Income": 16,
        "EBIT": 31,
        "Net Income": 8
    },
    "2013-03-31": {
        "Diluted EPS": 0.41,
        "Total Revenue": 218,
        "Gross Profit": 91,
        "Operating Income": 27,
        "EBIT": 42,
        "Net Income": 15
    },
    "2012-12-31": {
        "Diluted EPS": 0.08,
        "Total Revenue": 213,
        "Gross Profit": 85,
        "Operating Income": 24,
        "EBIT": 37,
        "Net Income": 3
    },
    "2012-09-30": {
        "Diluted EPS": 0.05,
        "Total Revenue": 215,
        "Gross Profit": 83,
        "Operating Income": 24,
        "EBIT": 39,
        "Net Income": 2
    },
    "2012-06-30": {
        "Diluted EPS": -0.49,
        "Total Revenue": 211,
        "Gross Profit": 78,
        "Operating Income": 15,
        "EBIT": 30,
        "Net Income": -18
    },
    "2012-03-31": {
        "Diluted EPS": 0.2,
        "Total Revenue": 220,
        "Gross Profit": 80,
        "Operating Income": 18,
        "EBIT": 33,
        "Net Income": 7
    },
    "2011-12-31": {
        "Diluted EPS": -1.23,
        "Total Revenue": 207,
        "Gross Profit": 74,
        "Operating Income": 13,
        "EBIT": 19,
        "Net Income": -44
    },
    "2011-09-30": {
        "Diluted EPS": 0.17,
        "Total Revenue": 282,
        "Gross Profit": 85,
        "Operating Income": 18,
        "EBIT": 36,
        "Net Income": 6
    },
    "2011-06-30": {
        "Diluted EPS": 0.51,
        "Total Revenue": 283,
        "Gross Profit": 79,
        "Operating Income": 13,
        "EBIT": 31,
        "Net Income": 18
    },
    "2011-03-31": {
        "Diluted EPS": 0.15,
        "Total Revenue": 249,
        "Gross Profit": 77,
        "Operating Income": 16,
        "EBIT": 33,
        "Net Income": 6
    },
    "2010-12-31": {
        "Diluted EPS": 0.05,
        "Total Revenue": 240,
        "Gross Profit": 78,
        "Operating Income": 14,
        "EBIT": 15,
        "Net Income": 2
    },
    "2010-09-30": {
        "Diluted EPS": 0.16,
        "Total Revenue": 260,
        "Gross Profit": 93,
        "Operating Income": 12,
        "EBIT": 31,
        "Net Income": 6
    },
    "2010-06-30": {
        "Diluted EPS": -0.4,
        "Total Revenue": 251,
        "Gross Profit": 87,
        "Operating Income": -15,
        "EBIT": 3,
        "Net Income": -14
    },
    "2010-03-31": {
        "Diluted EPS": 0.13,
        "Total Revenue": 244,
        "Gross Profit": 93,
        "Operating Income": 14,
        "EBIT": 33,
        "Net Income": 5
    },
    "2009-12-31": {
        "Diluted EPS": 0.23,
        "Total Revenue": 37,
        "Gross Profit": 21,
        "Operating Income": 11,
        "EBIT": 21,
        "Net Income": 8
    },
    "2009-09-30": {
        "Diluted EPS": 0.29,
        "Total Revenue": 257,
        "Gross Profit": 92,
        "Operating Income": 17,
        "EBIT": 36,
        "Net Income": 10
    },
    "2009-06-30": {
        "Diluted EPS": 0.07,
        "Total Revenue": 247,
        "Gross Profit": 88,
        "Operating Income": 6,
        "EBIT": 24,
        "Net Income": 3
    },
    "2009-03-31": {
        "Diluted EPS": 0.12,
        "Total Revenue": 277,
        "Gross Profit": 88,
        "Operating Income": 9,
        "EBIT": 26,
        "Net Income": 4
    },
    "2023-09-30": {
        "Tax Effect Of Unusual Items": 0.0,
        "Tax Rate For Calcs": 0.212,
        "Normalized EBITDA": 150424000.0,
        "Net Income From Continuing Operation Net Minority Interest": 91974000.0,
        "Reconciled Depreciation": 24547000.0,
        "Reconciled Cost Of Revenue": 192336000.0,
        "EBITDA": 150424000.0,
        "EBIT": 125876000.0,
        "Net Interest Income": -9175000.0,
        "Interest Expense": 9175000.0,
        "Normalized Income": 91974000.0,
        "Net Income From Continuing And Discontinued Operation": 91974000.0,
        "Total Expenses": 234651000.0,
        "Total Operating Income As Reported": 121116000.0,
        "Diluted Average Shares": 42058000.0,
        "Basic Average Shares": 41680000.0,
        "Diluted EPS": 2.19,
        "Basic EPS": 2.21,
        "Diluted NI Availto Com Stockholders": 91974000.0,
        "Net Income Common Stockholders": 91974000.0,
        "Net Income": 91974000.0,
        "Net Income Including Noncontrolling Interests": 91974000.0,
        "Net Income Continuous Operations": 91974000.0,
        "Tax Provision": 24727000.0,
        "Pretax Income": 116701000.0,
        "Other Income Expense": 2471000.0,
        "Other Non Operating Income Expenses": 2471000.0,
        "Net Non Operating Interest Income Expense": -9175000.0,
        "Interest Expense Non Operating": 9175000.0,
        "Operating Income": 123405000.0,
        "Operating Expense": 42316000.0,
        "Other Operating Expenses": 15863000.0,
        "Other Taxes": 4194000.0,
        "Depreciation Amortization Depletion Income Statement": 24548000.0,
        "Depreciation And Amortization In Income Statement": 24548000.0,
        "Selling General And Administration": -2289000.0,
        "General And Administrative Expense": -2289000.0,
        "Other Gand A": NaN,
        "Salaries And Wages": -2289000.0,
        "Gross Profit": 165721000.0,
        "Cost Of Revenue": 192335000.0,
        "Total Revenue": 358056000.0,
        "Operating Revenue": 358056000.0
    },
    "2023-12-31": {
        "Tax Effect Of Unusual Items": 0.0,
        "Tax Rate For Calcs": 0.162457,
        "Normalized EBITDA": 103682000.0,
        "Net Income From Continuing Operation Net Minority Interest": 57767000.0,
        "Reconciled Depreciation": 25318000.0,
        "Reconciled Cost Of Revenue": 194222000.0,
        "EBITDA": 103682000.0,
        "EBIT": 78364000.0,
        "Net Interest Income": -9392000.0,
        "Interest Expense": 9392000.0,
        "Normalized Income": 57767000.0,
        "Net Income From Continuing And Discontinued Operation": 57767000.0,
        "Total Expenses": 240758000.0,
        "Total Operating Income As Reported": 70080000.0,
        "Diluted Average Shares": 42065000.0,
        "Basic Average Shares": 41680000.0,
        "Diluted EPS": 1.37,
        "Basic EPS": 1.39,
        "Diluted NI Availto Com Stockholders": 57767000.0,
        "Net Income Common Stockholders": 57767000.0,
        "Net Income": 57767000.0,
        "Net Income Including Noncontrolling Interests": 57767000.0,
        "Net Income Continuous Operations": 57767000.0,
        "Tax Provision": 11205000.0,
        "Pretax Income": 68972000.0,
        "Other Income Expense": 4809000.0,
        "Other Non Operating Income Expenses": 4809000.0,
        "Net Non Operating Interest Income Expense": -9392000.0,
        "Interest Expense Non Operating": 9392000.0,
        "Operating Income": 73555000.0,
        "Operating Expense": 46536000.0,
        "Other Operating Expenses": NaN,
        "Other Taxes": 3463000.0,
        "Depreciation Amortization Depletion Income Statement": 25318000.0,
        "Depreciation And Amortization In Income Statement": 25318000.0,
        "Selling General And Administration": 69188000.0,
        "General And Administrative Expense": 69188000.0,
        "Other Gand A": NaN,
        "Salaries And Wages": -3475000.0,
        "Gross Profit": 120091000.0,
        "Cost Of Revenue": 194222000.0,
        "Total Revenue": 314313000.0,
        "Operating Revenue": 314313000.0
    },
    "2024-03-31": {
        "Tax Effect Of Unusual Items": 0.0,
        "Tax Rate For Calcs": 0.193,
        "Normalized EBITDA": 127893000.0,
        "Net Income From Continuing Operation Net Minority Interest": 74338000.0,
        "Reconciled Depreciation": 25897000.0,
        "Reconciled Cost Of Revenue": 202915000.0,
        "EBITDA": 127893000.0,
        "EBIT": 101996000.0,
        "Net Interest Income": -9850000.0,
        "Interest Expense": 9850000.0,
        "Normalized Income": 74338000.0,
        "Net Income From Continuing And Discontinued Operation": 74338000.0,
        "Total Expenses": 249651000.0,
        "Total Operating Income As Reported": 94975000.0,
        "Diluted Average Shares": 42033000.0,
        "Basic Average Shares": 41724000.0,
        "Diluted EPS": 1.77,
        "Basic EPS": 1.78,
        "Diluted NI Availto Com Stockholders": 74338000.0,
        "Net Income Common Stockholders": 74338000.0,
        "Net Income": 74338000.0,
        "Net Income Including Noncontrolling Interests": 74338000.0,
        "Net Income Continuous Operations": 74338000.0,
        "Tax Provision": 17808000.0,
        "Pretax Income": 92146000.0,
        "Other Income Expense": 4579000.0,
        "Other Non Operating Income Expenses": 4579000.0,
        "Net Non Operating Interest Income Expense": -9850000.0,
        "Interest Expense Non Operating": 9850000.0,
        "Operating Income": 97417000.0,
        "Operating Expense": 46736000.0,
        "Other Operating Expenses": NaN,
        "Other Taxes": 4367000.0,
        "Depreciation Amortization Depletion Income Statement": 25897000.0,
        "Depreciation And Amortization In Income Statement": 25897000.0,
        "Selling General And Administration": 16472000.0,
        "General And Administrative Expense": 16472000.0,
        "Other Gand A": 18914000.0,
        "Salaries And Wages": -2442000.0,
        "Gross Profit": 144153000.0,
        "Cost Of Revenue": 202915000.0,
        "Total Revenue": 347068000.0,
        "Operating Revenue": 347068000.0
    }
}