{
    "2023-06-30": {
        "Tax Effect Of Unusual Items": 0.0,
        "Tax Rate For Calcs": 0.164352,
        "Net Income From Continuing Operation Net Minority Interest": 3249000.0,
        "Reconciled Depreciation": 6000.0,
        "Net Interest Income": 11539000.0,
        "Interest Expense": 3403000.0,
        "Interest Income": 14942000.0,
        "Normalized Income": 3249000.0,
        "Net Income From Continuing And Discontinued Operation": 3249000.0,
        "Diluted Average Shares": 4776520.0,
        "Basic Average Shares": 4776520.0,
        "Diluted EPS": 0.68,
        "Basic EPS": 0.68,
        "Diluted NI Availto Com Stockholders": 3249000.0,
        "Net Income Common Stockholders": 3249000.0,
        "Net Income": 3249000.0,
        "Net Income Including Noncontrolling Interests": 3249000.0,
        "Net Income Continuous Operations": 3249000.0,
        "Tax Provision": 639000.0,
        "Pretax Income": 3888000.0,
        "Gain On Sale Of Security": 0.0,
        "Depreciation Amortization Depletion Income Statement": 6000.0,
        "Depreciation And Amortization In Income Statement": 6000.0,
        "Amortization": 6000.0,
        "Amortization Of Intangibles Income Statement": 6000.0,
        "Selling General And Administration": 6224000.0,
        "Selling And Marketing Expense": 241000.0,
        "General And Administrative Expense": 5983000.0,
        "Insurance And Claims": 142000.0,
        "Salaries And Wages": 5841000.0,
        "Total Revenue": 14327000.0,
        "Operating Revenue": 14327000.0
    },
    "2023-03-31": {
        "Tax Effect Of Unusual Items": 0.0,
        "Tax Rate For Calcs": 0.173435,
        "Net Income From Continuing Operation Net Minority Interest": 3908000.0,
        "Reconciled Depreciation": 7000.0,
        "Net Interest Income": 11632000.0,
        "Interest Expense": 2072000.0,
        "Interest Income": 13704000.0,
        "Normalized Income": 3908000.0,
        "Net Income From Continuing And Discontinued Operation": 3908000.0,
        "Diluted Average Shares": 4773461.0,
        "Basic Average Shares": 4773461.0,
        "Diluted EPS": 0.82,
        "Basic EPS": 0.82,
        "Diluted NI Availto Com Stockholders": 3908000.0,
        "Net Income Common Stockholders": 3908000.0,
        "Net Income": 3908000.0,
        "Net Income Including Noncontrolling Interests": 3908000.0,
        "Net Income Continuous Operations": 3908000.0,
        "Tax Provision": 820000.0,
        "Pretax Income": 4728000.0,
        "Gain On Sale Of Security": 0.0,
        "Depreciation Amortization Depletion Income Statement": 7000.0,
        "Depreciation And Amortization In Income Statement": 7000.0,
        "Amortization": 7000.0,
        "Amortization Of Intangibles Income Statement": 7000.0,
        "Selling General And Administration": 6263000.0,
        "Selling And Marketing Expense": 241000.0,
        "General And Administrative Expense": 6022000.0,
        "Insurance And Claims": 138000.0,
        "Salaries And Wages": 5884000.0,
        "Total Revenue": 15489000.0,
        "Operating Revenue": 15489000.0
    },
    "2022-12-31": {
        "Tax Effect Of Unusual Items": 0.0,
        "Tax Rate For Calcs": 0.127723,
        "Net Income From Continuing Operation Net Minority Interest": 3524000.0,
        "Reconciled Depreciation": 7000.0,
        "Net Interest Income": 12296000.0,
        "Interest Expense": 816000.0,
        "Interest Income": 13112000.0,
        "Normalized Income": 3524000.0,
        "Net Income From Continuing And Discontinued Operation": 3524000.0,
        "Diluted Average Shares": 4771774.0,
        "Basic Average Shares": 4771774.0,
        "Diluted EPS": 0.74,
        "Basic EPS": 0.74,
        "Diluted NI Availto Com Stockholders": 3524000.0,
        "Net Income Common Stockholders": 3524000.0,
        "Net Income": 3524000.0,
        "Net Income Including Noncontrolling Interests": 3524000.0,
        "Net Income Continuous Operations": 3524000.0,
        "Tax Provision": 516000.0,
        "Pretax Income": 4040000.0,
        "Gain On Sale Of Security": -1537000.0,
        "Depreciation Amortization Depletion Income Statement": 7000.0,
        "Depreciation And Amortization In Income Statement": 7000.0,
        "Amortization": 7000.0,
        "Amortization Of Intangibles Income Statement": 7000.0,
        "Selling General And Administration": 3731000.0,
        "Selling And Marketing Expense": 710000.0,
        "General And Administrative Expense": 3021000.0,
        "Other Gand A": -1559000.0,
        "Insurance And Claims": 85000.0,
        "Salaries And Wages": 4495000.0,
        "Total Revenue": 13581000.0,
        "Operating Revenue": 13581000.0
    },
    "2022-09-30": {
        "Tax Effect Of Unusual Items": 0.0,
        "Tax Rate For Calcs": 0.178357,
        "Total Unusual Items": 0.0,
        "Total Unusual Items Excluding Goodwill": 0.0,
        "Net Income From Continuing Operation Net Minority Interest": 3690000.0,
        "Reconciled Depreciation": 8000.0,
        "Net Interest Income": 11845000.0,
        "Interest Expense": 687000.0,
        "Interest Income": 12532000.0,
        "Normalized Income": 3690000.0,
        "Net Income From Continuing And Discontinued Operation": 3690000.0,
        "Diluted Average Shares": 4771774.0,
        "Basic Average Shares": 4771774.0,
        "Diluted EPS": 0.77,
        "Basic EPS": 0.77,
        "Diluted NI Availto Com Stockholders": 3690000.0,
        "Net Income Common Stockholders": 3690000.0,
        "Net Income": 3690000.0,
        "Net Income Including Noncontrolling Interests": 3690000.0,
        "Net Income Continuous Operations": 3690000.0,
        "Tax Provision": 801000.0,
        "Pretax Income": 4491000.0,
        "Gain On Sale Of Security": 0.0,
        "Depreciation Amortization Depletion Income Statement": 8000.0,
        "Depreciation And Amortization In Income Statement": 8000.0,
        "Amortization": 8000.0,
        "Amortization Of Intangibles Income Statement": 8000.0,
        "Selling General And Administration": 7544000.0,
        "Selling And Marketing Expense": 260000.0,
        "General And Administrative Expense": 7284000.0,
        "Other Gand A": 1337000.0,
        "Insurance And Claims": 80000.0,
        "Salaries And Wages": 5867000.0,
        "Total Revenue": 14460000.0,
        "Operating Revenue": 14460000.0
    },
    "2022-06-30": {
        "Tax Effect Of Unusual Items": 0.0,
        "Tax Rate For Calcs": 0.150446,
        "Total Unusual Items": 0.0,
        "Total Unusual Items Excluding Goodwill": 0.0,
        "Net Income From Continuing Operation Net Minority Interest": 1999000.0,
        "Reconciled Depreciation": 10000.0,
        "Net Interest Income": 10553000.0,
        "Interest Expense": 668000.0,
        "Interest Income": 11221000.0,
        "Normalized Income": 1999000.0,
        "Net Income From Continuing And Discontinued Operation": 1999000.0,
        "Diluted Average Shares": 4771774.0,
        "Basic Average Shares": 4771774.0,
        "Diluted EPS": 0.42,
        "Basic EPS": 0.42,
        "Diluted NI Availto Com Stockholders": 1999000.0,
        "Net Income Common Stockholders": 1999000.0,
        "Net Income": 1999000.0,
        "Net Income Including Noncontrolling Interests": 1999000.0,
        "Net Income Continuous Operations": 1999000.0,
        "Tax Provision": 354000.0,
        "Pretax Income": 2353000.0,
        "Gain On Sale Of Security": 0.0,
        "Depreciation Amortization Depletion Income Statement": 10000.0,
        "Depreciation And Amortization In Income Statement": 10000.0,
        "Amortization": 10000.0,
        "Amortization Of Intangibles Income Statement": 10000.0,
        "Selling General And Administration": 7244000.0,
        "Selling And Marketing Expense": 229000.0,
        "General And Administrative Expense": 7015000.0,
        "Other Gand A": 1244000.0,
        "Insurance And Claims": 88000.0,
        "Salaries And Wages": 5683000.0,
        "Total Revenue": 13189000.0,
        "Operating Revenue": 13189000.0
    },
    "2022-03-31": {
        "Diluted EPS": 0.87,
        "Total Revenue": 14,
        "Gross Profit": 14,
        "Operating Income": 5,
        "EBIT": NaN,
        "Net Income": 4
    },
    "2021-12-31": {
        "Diluted EPS": 0.48,
        "Total Revenue": 13,
        "Gross Profit": 12,
        "Operating Income": 3,
        "EBIT": NaN,
        "Net Income": 2
    },
    "2021-09-30": {
        "Diluted EPS": 0.63,
        "Total Revenue": 14,
        "Gross Profit": 13,
        "Operating Income": 4,
        "EBIT": NaN,
        "Net Income": 3
    },
    "2021-06-30": {
        "Diluted EPS": 0.6,
        "Total Revenue": 14,
        "Gross Profit": 13,
        "Operating Income": 3,
        "EBIT": NaN,
        "Net Income": 3
    },
    "2021-03-31": {
        "Diluted EPS": 0.74,
        "Total Revenue": 14,
        "Gross Profit": 13,
        "Operating Income": 4,
        "EBIT": NaN,
        "Net Income": 4
    },
    "2020-12-31": {
        "Diluted EPS": 0.98,
        "Total Revenue": 14,
        "Gross Profit": 12,
        "Operating Income": 5,
        "EBIT": NaN,
        "Net Income": 5
    },
    "2020-09-30": {
        "Diluted EPS": 0.48,
        "Total Revenue": 14,
        "Gross Profit": 13,
        "Operating Income": 3,
        "EBIT": NaN,
        "Net Income": 2
    },
    "2020-06-30": {
        "Diluted EPS": 0.47,
        "Total Revenue": 14,
        "Gross Profit": 12,
        "Operating Income": 3,
        "EBIT": NaN,
        "Net Income": 2
    },
    "2020-03-31": {
        "Diluted EPS": 0.21,
        "Total Revenue": 16,
        "Gross Profit": 14,
        "Operating Income": 1,
        "EBIT": NaN,
        "Net Income": 1
    },
    "2019-12-31": {
        "Diluted EPS": 0.73,
        "Total Revenue": 15,
        "Gross Profit": 14,
        "Operating Income": 4,
        "EBIT": NaN,
        "Net Income": 3
    },
    "2019-09-30": {
        "Diluted EPS": 0.45,
        "Total Revenue": 15,
        "Gross Profit": 13,
        "Operating Income": 3,
        "EBIT": NaN,
        "Net Income": 2
    },
    "2019-06-30": {
        "Diluted EPS": 0.65,
        "Total Revenue": 14,
        "Gross Profit": 13,
        "Operating Income": 4,
        "EBIT": NaN,
        "Net Income": 3
    },
    "2019-03-31": {
        "Diluted EPS": 0.25,
        "Total Revenue": 15,
        "Gross Profit": 13,
        "Operating Income": 1,
        "EBIT": NaN,
        "Net Income": 1
    },
    "2018-12-31": {
        "Diluted EPS": 0.82,
        "Total Revenue": 14,
        "Gross Profit": 12,
        "Operating Income": 5,
        "EBIT": NaN,
        "Net Income": 4
    },
    "2018-09-30": {
        "Diluted EPS": 0.37,
        "Total Revenue": 14,
        "Gross Profit": 13,
        "Operating Income": 2,
        "EBIT": NaN,
        "Net Income": 2
    },
    "2018-06-30": {
        "Diluted EPS": 0.63,
        "Total Revenue": 14,
        "Gross Profit": 13,
        "Operating Income": 4,
        "EBIT": NaN,
        "Net Income": 3
    },
    "2018-03-31": {
        "Diluted EPS": 0.71,
        "Total Revenue": 16,
        "Gross Profit": 15,
        "Operating Income": 4,
        "EBIT": NaN,
        "Net Income": 3
    },
    "2017-12-31": {
        "Diluted EPS": 0.19,
        "Total Revenue": 14,
        "Gross Profit": 12,
        "Operating Income": 5,
        "EBIT": NaN,
        "Net Income": 1
    },
    "2017-09-30": {
        "Diluted EPS": 0.35,
        "Total Revenue": 14,
        "Gross Profit": 13,
        "Operating Income": 2,
        "EBIT": NaN,
        "Net Income": 2
    },
    "2017-06-30": {
        "Diluted EPS": 0.37,
        "Total Revenue": 13,
        "Gross Profit": 12,
        "Operating Income": 2,
        "EBIT": NaN,
        "Net Income": 2
    },
    "2017-03-31": {
        "Diluted EPS": 0.69,
        "Total Revenue": 15,
        "Gross Profit": 14,
        "Operating Income": 4,
        "EBIT": NaN,
        "Net Income": 3
    },
    "2016-12-31": {
        "Diluted EPS": 0.41,
        "Total Revenue": 12,
        "Gross Profit": 11,
        "Operating Income": 3,
        "EBIT": NaN,
        "Net Income": 2
    },
    "2016-09-30": {
        "Diluted EPS": 0.08,
        "Total Revenue": 12,
        "Gross Profit": 11,
        "Operating Income": 1,
        "EBIT": NaN,
        "Net Income": 0
    },
    "2016-06-30": {
        "Diluted EPS": 0.41,
        "Total Revenue": 11,
        "Gross Profit": 10,
        "Operating Income": 2,
        "EBIT": NaN,
        "Net Income": 2
    },
    "2016-03-31": {
        "Diluted EPS": 0.69,
        "Total Revenue": 13,
        "Gross Profit": 12,
        "Operating Income": 4,
        "EBIT": NaN,
        "Net Income": 3
    },
    "2015-12-31": {
        "Diluted EPS": 0.46,
        "Total Revenue": 10,
        "Gross Profit": 10,
        "Operating Income": 2,
        "EBIT": NaN,
        "Net Income": 2
    },
    "2015-09-30": {
        "Diluted EPS": 0.4,
        "Total Revenue": 11,
        "Gross Profit": 10,
        "Operating Income": 2,
        "EBIT": NaN,
        "Net Income": 2
    },
    "2015-06-30": {
        "Diluted EPS": 0.34,
        "Total Revenue": 11,
        "Gross Profit": 10,
        "Operating Income": 2,
        "EBIT": NaN,
        "Net Income": 1
    },
    "2015-03-31": {
        "Diluted EPS": 0.88,
        "Total Revenue": 13,
        "Gross Profit": 12,
        "Operating Income": 5,
        "EBIT": NaN,
        "Net Income": 4
    },
    "2014-12-31": {
        "Diluted EPS": 0.1,
        "Total Revenue": 11,
        "Gross Profit": 10,
        "Operating Income": 1,
        "EBIT": NaN,
        "Net Income": 0
    },
    "2014-09-30": {
        "Diluted EPS": 0.67,
        "Total Revenue": 11,
        "Gross Profit": 10,
        "Operating Income": 4,
        "EBIT": NaN,
        "Net Income": 3
    },
    "2014-06-30": {
        "Diluted EPS": 0.33,
        "Total Revenue": 11,
        "Gross Profit": 10,
        "Operating Income": 2,
        "EBIT": NaN,
        "Net Income": 1
    },
    "2014-03-31": {
        "Diluted EPS": 0.87,
        "Total Revenue": 14,
        "Gross Profit": 13,
        "Operating Income": 5,
        "EBIT": NaN,
        "Net Income": 4
    },
    "2013-12-31": {
        "Diluted EPS": 0.47,
        "Total Revenue": 10,
        "Gross Profit": 9,
        "Operating Income": 3,
        "EBIT": NaN,
        "Net Income": 2
    },
    "2013-09-30": {
        "Diluted EPS": 0.26,
        "Total Revenue": 10,
        "Gross Profit": 10,
        "Operating Income": 1,
        "EBIT": NaN,
        "Net Income": 1
    },
    "2013-06-30": {
        "Diluted EPS": 0.48,
        "Total Revenue": 11,
        "Gross Profit": 10,
        "Operating Income": 3,
        "EBIT": NaN,
        "Net Income": 2
    },
    "2013-03-31": {
        "Diluted EPS": 0.79,
        "Total Revenue": 13,
        "Gross Profit": 12,
        "Operating Income": 4,
        "EBIT": NaN,
        "Net Income": 3
    },
    "2012-12-31": {
        "Diluted EPS": 0.4,
        "Total Revenue": 11,
        "Gross Profit": 9,
        "Operating Income": 2,
        "EBIT": NaN,
        "Net Income": 2
    },
    "2012-09-30": {
        "Diluted EPS": 0.27,
        "Total Revenue": 11,
        "Gross Profit": 10,
        "Operating Income": 1,
        "EBIT": NaN,
        "Net Income": 1
    },
    "2012-06-30": {
        "Diluted EPS": 0.43,
        "Total Revenue": 12,
        "Gross Profit": 10,
        "Operating Income": 2,
        "EBIT": NaN,
        "Net Income": 2
    },
    "2012-03-31": {
        "Diluted EPS": 0.65,
        "Total Revenue": 14,
        "Gross Profit": 12,
        "Operating Income": 4,
        "EBIT": NaN,
        "Net Income": 3
    },
    "2011-12-31": {
        "Diluted EPS": 0.34,
        "Total Revenue": 11,
        "Gross Profit": 9,
        "Operating Income": 2,
        "EBIT": NaN,
        "Net Income": 1
    },
    "2011-09-30": {
        "Diluted EPS": 0.22,
        "Total Revenue": 12,
        "Gross Profit": 9,
        "Operating Income": 1,
        "EBIT": NaN,
        "Net Income": 1
    },
    "2011-06-30": {
        "Diluted EPS": 0.39,
        "Total Revenue": 13,
        "Gross Profit": 10,
        "Operating Income": 2,
        "EBIT": NaN,
        "Net Income": 2
    },
    "2011-03-31": {
        "Diluted EPS": 0.51,
        "Total Revenue": 16,
        "Gross Profit": 13,
        "Operating Income": 3,
        "EBIT": NaN,
        "Net Income": 2
    },
    "2010-12-31": {
        "Diluted EPS": 0.33,
        "Total Revenue": 13,
        "Gross Profit": 9,
        "Operating Income": 2,
        "EBIT": NaN,
        "Net Income": 1
    },
    "2010-09-30": {
        "Diluted EPS": 0.1,
        "Total Revenue": 13,
        "Gross Profit": 9,
        "Operating Income": 0,
        "EBIT": NaN,
        "Net Income": 0
    },
    "2010-06-30": {
        "Diluted EPS": 0.37,
        "Total Revenue": 13,
        "Gross Profit": 10,
        "Operating Income": 2,
        "EBIT": NaN,
        "Net Income": 1
    },
    "2010-03-31": {
        "Diluted EPS": 0.48,
        "Total Revenue": 14,
        "Gross Profit": 10,
        "Operating Income": 3,
        "EBIT": NaN,
        "Net Income": 2
    },
    "2009-12-31": {
        "Diluted EPS": 0.38,
        "Total Revenue": 13,
        "Gross Profit": 9,
        "Operating Income": 2,
        "EBIT": NaN,
        "Net Income": 1
    },
    "2009-09-30": {
        "Diluted EPS": 0.43,
        "Total Revenue": 14,
        "Gross Profit": 10,
        "Operating Income": 2,
        "EBIT": NaN,
        "Net Income": 2
    },
    "2009-06-30": {
        "Diluted EPS": 0.35,
        "Total Revenue": 14,
        "Gross Profit": 9,
        "Operating Income": 2,
        "EBIT": NaN,
        "Net Income": 1
    },
    "2009-03-31": {
        "Diluted EPS": 0.51,
        "Total Revenue": 15,
        "Gross Profit": 10,
        "Operating Income": 3,
        "EBIT": NaN,
        "Net Income": 2
    },
    "2023-09-30": {
        "Tax Effect Of Unusual Items": 0.0,
        "Tax Rate For Calcs": 0.159133,
        "Net Income From Continuing Operation Net Minority Interest": 2251000.0,
        "Reconciled Depreciation": 5000.0,
        "Net Interest Income": 11305000.0,
        "Interest Expense": 4556000.0,
        "Interest Income": 15861000.0,
        "Normalized Income": 2251000.0,
        "Net Income From Continuing And Discontinued Operation": 2251000.0,
        "Diluted Average Shares": 4775308.0,
        "Basic Average Shares": 4775308.0,
        "Diluted EPS": 0.47,
        "Basic EPS": 0.47,
        "Diluted NI Availto Com Stockholders": 2251000.0,
        "Net Income Common Stockholders": 2251000.0,
        "Net Income": 2251000.0,
        "Net Income Including Noncontrolling Interests": 2251000.0,
        "Net Income Continuous Operations": 2251000.0,
        "Tax Provision": 426000.0,
        "Pretax Income": 2677000.0,
        "Gain On Sale Of Security": 0.0,
        "Depreciation Amortization Depletion Income Statement": 5000.0,
        "Depreciation And Amortization In Income Statement": 5000.0,
        "Amortization": 5000.0,
        "Amortization Of Intangibles Income Statement": 5000.0,
        "Selling General And Administration": 6291000.0,
        "Selling And Marketing Expense": 241000.0,
        "General And Administrative Expense": 6050000.0,
        "Insurance And Claims": 141000.0,
        "Salaries And Wages": 5909000.0,
        "Total Revenue": 13944000.0,
        "Operating Revenue": 13944000.0
    },
    "2023-12-31": {
        "Tax Effect Of Unusual Items": 0.0,
        "Tax Rate For Calcs": 0.174648,
        "Net Income From Continuing Operation Net Minority Interest": 3223000.0,
        "Reconciled Depreciation": 3000.0,
        "Net Interest Income": 11227000.0,
        "Interest Expense": 5807000.0,
        "Interest Income": 17034000.0,
        "Normalized Income": 3223000.0,
        "Net Income From Continuing And Discontinued Operation": 3223000.0,
        "Diluted Average Shares": 4773132.0,
        "Basic Average Shares": 4773132.0,
        "Diluted EPS": 0.68,
        "Basic EPS": 0.68,
        "Diluted NI Availto Com Stockholders": 3223000.0,
        "Net Income Common Stockholders": 3223000.0,
        "Net Income": 3223000.0,
        "Net Income Including Noncontrolling Interests": 3223000.0,
        "Net Income Continuous Operations": 3223000.0,
        "Tax Provision": 682000.0,
        "Pretax Income": 3905000.0,
        "Gain On Sale Of Security": -23000.0,
        "Depreciation Amortization Depletion Income Statement": 3000.0,
        "Depreciation And Amortization In Income Statement": 3000.0,
        "Amortization": 3000.0,
        "Amortization Of Intangibles Income Statement": 3000.0,
        "Selling General And Administration": 6192000.0,
        "Selling And Marketing Expense": 287000.0,
        "General And Administrative Expense": 5905000.0,
        "Insurance And Claims": 148000.0,
        "Salaries And Wages": 5757000.0,
        "Total Revenue": 14896000.0,
        "Operating Revenue": 14896000.0
    },
    "2024-03-31": {
        "Tax Effect Of Unusual Items": 0.0,
        "Tax Rate For Calcs": 0.177077,
        "Net Income From Continuing Operation Net Minority Interest": 2793000.0,
        "Reconciled Depreciation": 3000.0,
        "Net Interest Income": 11092000.0,
        "Interest Expense": 6494000.0,
        "Interest Income": 17586000.0,
        "Normalized Income": 2793000.0,
        "Net Income From Continuing And Discontinued Operation": 2793000.0,
        "Diluted Average Shares": 4785773.0,
        "Basic Average Shares": 4785773.0,
        "Diluted EPS": 0.58,
        "Basic EPS": 0.58,
        "Diluted NI Availto Com Stockholders": 2793000.0,
        "Net Income Common Stockholders": 2793000.0,
        "Net Income": 2793000.0,
        "Net Income Including Noncontrolling Interests": 2793000.0,
        "Net Income Continuous Operations": 2793000.0,
        "Tax Provision": 601000.0,
        "Pretax Income": 3394000.0,
        "Gain On Sale Of Security": 0.0,
        "Depreciation Amortization Depletion Income Statement": 3000.0,
        "Depreciation And Amortization In Income Statement": 3000.0,
        "Amortization": 3000.0,
        "Amortization Of Intangibles Income Statement": 3000.0,
        "Selling General And Administration": 6540000.0,
        "Selling And Marketing Expense": 225000.0,
        "General And Administrative Expense": 6315000.0,
        "Insurance And Claims": 148000.0,
        "Salaries And Wages": 6167000.0,
        "Total Revenue": 14886000.0,
        "Operating Revenue": 14886000.0
    }
}