{
    "2023-03-31": {
        "Tax Effect Of Unusual Items": 66199.0,
        "Tax Rate For Calcs": 0.193,
        "Total Unusual Items": 343000.0,
        "Total Unusual Items Excluding Goodwill": 343000.0,
        "Net Income From Continuing Operation Net Minority Interest": 169900000.0,
        "Reconciled Depreciation": 17253000.0,
        "Net Interest Income": 344852000.0,
        "Interest Expense": 103867000.0,
        "Interest Income": 448719000.0,
        "Normalized Income": 169623199.0,
        "Net Income From Continuing And Discontinued Operation": 169900000.0,
        "Diluted Average Shares": 117405000.0,
        "Basic Average Shares": 117078000.0,
        "Diluted EPS": 1.41,
        "Basic EPS": 1.42,
        "Diluted NI Availto Com Stockholders": 165853000.0,
        "Net Income Common Stockholders": 165853000.0,
        "Preferred Stock Dividends": 4047000.0,
        "Net Income": 169900000.0,
        "Minority Interests": -12000.0,
        "Net Income Including Noncontrolling Interests": 169912000.0,
        "Net Income Continuous Operations": 169912000.0,
        "Tax Provision": 40703000.0,
        "Pretax Income": 210615000.0,
        "Special Income Charges": -941000.0,
        "Write Off": 941000.0,
        "Securities Amortization": 6414000.0,
        "Gain On Sale Of Security": 1716000.0,
        "Depreciation Amortization Depletion Income Statement": 1189000.0,
        "Depreciation And Amortization In Income Statement": 1189000.0,
        "Amortization": 1189000.0,
        "Amortization Of Intangibles Income Statement": 1189000.0,
        "Selling General And Administration": 71433000.0,
        "Selling And Marketing Expense": 4036000.0,
        "General And Administrative Expense": 67397000.0,
        "Insurance And Claims": 4148000.0,
        "Salaries And Wages": 63249000.0,
        "Total Revenue": 372661000.0,
        "Operating Revenue": 372661000.0
    },
    "2022-12-31": {
        "Tax Effect Of Unusual Items": -43821.18929,
        "Tax Rate For Calcs": 0.219106,
        "Total Unusual Items": -200000.0,
        "Total Unusual Items Excluding Goodwill": -200000.0,
        "Net Income From Continuing Operation Net Minority Interest": 162879000.0,
        "Reconciled Depreciation": 10839000.0,
        "Net Interest Income": 332488000.0,
        "Interest Expense": 66434000.0,
        "Interest Income": 398922000.0,
        "Normalized Income": 163035178.81071,
        "Net Income From Continuing And Discontinued Operation": 162879000.0,
        "Diluted Average Shares": NaN,
        "Basic Average Shares": NaN,
        "Diluted EPS": NaN,
        "Basic EPS": NaN,
        "Diluted NI Availto Com Stockholders": 158832000.0,
        "Net Income Common Stockholders": 158832000.0,
        "Preferred Stock Dividends": 4047000.0,
        "Net Income": 162879000.0,
        "Minority Interests": 54000.0,
        "Net Income Including Noncontrolling Interests": 162825000.0,
        "Net Income Continuous Operations": 162825000.0,
        "Tax Provision": 45686000.0,
        "Pretax Income": 208511000.0,
        "Special Income Charges": -710000.0,
        "Write Off": 710000.0,
        "Securities Amortization": 5408000.0,
        "Gain On Sale Of Security": 1257000.0,
        "Depreciation Amortization Depletion Income Statement": 1189000.0,
        "Depreciation And Amortization In Income Statement": 1189000.0,
        "Amortization": 1189000.0,
        "Amortization Of Intangibles Income Statement": 1189000.0,
        "Selling General And Administration": 65643000.0,
        "Selling And Marketing Expense": 2987000.0,
        "General And Administrative Expense": 62656000.0,
        "Insurance And Claims": 2710000.0,
        "Salaries And Wages": 59946000.0,
        "Total Revenue": 357892000.0,
        "Operating Revenue": 357892000.0
    },
    "2022-09-30": {
        "Tax Effect Of Unusual Items": 662330.0,
        "Tax Rate For Calcs": 0.214,
        "Total Unusual Items": 3095000.0,
        "Total Unusual Items Excluding Goodwill": 3095000.0,
        "Net Income From Continuing Operation Net Minority Interest": 132349000.0,
        "Reconciled Depreciation": 10880000.0,
        "Net Interest Income": 294617000.0,
        "Interest Expense": 28670000.0,
        "Interest Income": 323287000.0,
        "Normalized Income": 129916330.0,
        "Net Income From Continuing And Discontinued Operation": 132349000.0,
        "Diluted Average Shares": 118856000.0,
        "Basic Average Shares": 118480000.0,
        "Diluted EPS": 1.08,
        "Basic EPS": 1.08,
        "Diluted NI Availto Com Stockholders": 128302000.0,
        "Net Income Common Stockholders": 128302000.0,
        "Preferred Stock Dividends": 4047000.0,
        "Net Income": 132349000.0,
        "Minority Interests": 0.0,
        "Net Income Including Noncontrolling Interests": 132349000.0,
        "Net Income Continuous Operations": 132349000.0,
        "Tax Provision": 35969000.0,
        "Pretax Income": 168318000.0,
        "Special Income Charges": -87000.0,
        "Write Off": 87000.0,
        "Securities Amortization": 5155000.0,
        "Gain On Sale Of Security": 321000.0,
        "Depreciation Amortization Depletion Income Statement": 1298000.0,
        "Depreciation And Amortization In Income Statement": 1298000.0,
        "Amortization": 1298000.0,
        "Amortization Of Intangibles Income Statement": 1298000.0,
        "Selling General And Administration": 63465000.0,
        "Selling And Marketing Expense": 3448000.0,
        "General And Administrative Expense": 60017000.0,
        "Other Gand A": 11962000.0,
        "Insurance And Claims": 2650000.0,
        "Salaries And Wages": 57367000.0,
        "Total Revenue": 321878000.0,
        "Operating Revenue": 321878000.0
    },
    "2022-06-30": {
        "Tax Effect Of Unusual Items": 175616.0,
        "Tax Rate For Calcs": 0.224,
        "Total Unusual Items": 784000.0,
        "Total Unusual Items Excluding Goodwill": 784000.0,
        "Net Income From Continuing Operation Net Minority Interest": 136405000.0,
        "Reconciled Depreciation": 11108000.0,
        "Net Interest Income": 265793000.0,
        "Interest Expense": 15695000.0,
        "Interest Income": 281488000.0,
        "Normalized Income": 135796616.0,
        "Net Income From Continuing And Discontinued Operation": 136405000.0,
        "Diluted Average Shares": 120827000.0,
        "Basic Average Shares": 120445000.0,
        "Diluted EPS": 1.1,
        "Basic EPS": 1.1,
        "Diluted NI Availto Com Stockholders": 132358000.0,
        "Net Income Common Stockholders": 132358000.0,
        "Preferred Stock Dividends": 4047000.0,
        "Net Income": 136405000.0,
        "Minority Interests": -8000.0,
        "Net Income Including Noncontrolling Interests": 136413000.0,
        "Net Income Continuous Operations": 136413000.0,
        "Tax Provision": 39375000.0,
        "Pretax Income": 175788000.0,
        "Special Income Charges": 0.0,
        "Write Off": 0.0,
        "Securities Amortization": 4628000.0,
        "Gain On Sale Of Security": 531000.0,
        "Depreciation Amortization Depletion Income Statement": 1516000.0,
        "Depreciation And Amortization In Income Statement": 1516000.0,
        "Amortization": 1516000.0,
        "Amortization Of Intangibles Income Statement": 1516000.0,
        "Selling General And Administration": 57615000.0,
        "Selling And Marketing Expense": 1103000.0,
        "General And Administrative Expense": 56512000.0,
        "Other Gand A": 11837000.0,
        "Insurance And Claims": 2100000.0,
        "Salaries And Wages": 54412000.0,
        "Total Revenue": 290272000.0,
        "Operating Revenue": 290272000.0
    },
    "2023-06-30": {
        "Tax Effect Of Unusual Items": 1051890.0,
        "Tax Rate For Calcs": 0.21,
        "Total Unusual Items": 5009000.0,
        "Total Unusual Items Excluding Goodwill": 5009000.0,
        "Net Income From Continuing Operation Net Minority Interest": 171964000.0,
        "Reconciled Depreciation": 5156000.0,
        "Net Interest Income": 356824000.0,
        "Interest Expense": 151622000.0,
        "Interest Income": 508446000.0,
        "Normalized Income": 168006890.0,
        "Net Income From Continuing And Discontinued Operation": 171964000.0,
        "Diluted Average Shares": 114284000.0,
        "Basic Average Shares": 114054000.0,
        "Diluted EPS": 1.47,
        "Basic EPS": 1.47,
        "Diluted NI Availto Com Stockholders": 167917000.0,
        "Net Income Common Stockholders": 167917000.0,
        "Preferred Stock Dividends": 4047000.0,
        "Net Income": 171964000.0,
        "Minority Interests": -1000.0,
        "Net Income Including Noncontrolling Interests": 171965000.0,
        "Net Income Continuous Operations": 171965000.0,
        "Tax Provision": 45717000.0,
        "Pretax Income": 217682000.0,
        "Special Income Charges": -24000.0,
        "Write Off": 24000.0,
        "Securities Amortization": 5566000.0,
        "Gain On Sale Of Security": 620000.0,
        "Depreciation Amortization Depletion Income Statement": 1189000.0,
        "Depreciation And Amortization In Income Statement": 1189000.0,
        "Amortization": 1189000.0,
        "Amortization Of Intangibles Income Statement": 1189000.0,
        "Selling General And Administration": 73303000.0,
        "Selling And Marketing Expense": 3184000.0,
        "General And Administrative Expense": 70119000.0,
        "Insurance And Claims": 4900000.0,
        "Salaries And Wages": 65219000.0,
        "Total Revenue": 386635000.0,
        "Operating Revenue": 386635000.0
    },
    "2022-03-31": {
        "Diluted EPS": 1.02,
        "Total Revenue": 294,
        "Gross Profit": 281,
        "Operating Income": 169,
        "EBIT": NaN,
        "Net Income": 128
    },
    "2021-12-31": {
        "Diluted EPS": 1.17,
        "Total Revenue": 310,
        "Gross Profit": 296,
        "Operating Income": 194,
        "EBIT": NaN,
        "Net Income": 150
    },
    "2021-09-30": {
        "Diluted EPS": 1.0,
        "Total Revenue": 289,
        "Gross Profit": 274,
        "Operating Income": 171,
        "EBIT": NaN,
        "Net Income": 130
    },
    "2021-06-30": {
        "Diluted EPS": 1.16,
        "Total Revenue": 292,
        "Gross Profit": 268,
        "Operating Income": 196,
        "EBIT": NaN,
        "Net Income": 151
    },
    "2021-03-31": {
        "Diluted EPS": 1.14,
        "Total Revenue": 296,
        "Gross Profit": 267,
        "Operating Income": 192,
        "EBIT": NaN,
        "Net Income": 148
    },
    "2020-12-31": {
        "Diluted EPS": 0.94,
        "Total Revenue": 302,
        "Gross Profit": 266,
        "Operating Income": 156,
        "EBIT": NaN,
        "Net Income": 121
    },
    "2020-09-30": {
        "Diluted EPS": 0.84,
        "Total Revenue": 295,
        "Gross Profit": 251,
        "Operating Income": 138,
        "EBIT": NaN,
        "Net Income": 109
    },
    "2020-06-30": {
        "Diluted EPS": 0.39,
        "Total Revenue": 289,
        "Gross Profit": 238,
        "Operating Income": 65,
        "EBIT": NaN,
        "Net Income": 50
    },
    "2020-03-31": {
        "Diluted EPS": 0.09,
        "Total Revenue": 300,
        "Gross Profit": 237,
        "Operating Income": 16,
        "EBIT": NaN,
        "Net Income": 12
    },
    "2019-12-31": {
        "Diluted EPS": 0.77,
        "Total Revenue": 311,
        "Gross Profit": 245,
        "Operating Income": 136,
        "EBIT": NaN,
        "Net Income": 101
    },
    "2019-09-30": {
        "Diluted EPS": 0.81,
        "Total Revenue": 316,
        "Gross Profit": 245,
        "Operating Income": 136,
        "EBIT": NaN,
        "Net Income": 104
    },
    "2019-06-30": {
        "Diluted EPS": 0.86,
        "Total Revenue": 323,
        "Gross Profit": 251,
        "Operating Income": 145,
        "EBIT": NaN,
        "Net Income": 111
    },
    "2019-03-31": {
        "Diluted EPS": 0.86,
        "Total Revenue": 319,
        "Gross Profit": 250,
        "Operating Income": 147,
        "EBIT": NaN,
        "Net Income": 111
    },
    "2018-12-31": {
        "Diluted EPS": 0.89,
        "Total Revenue": 320,
        "Gross Profit": 256,
        "Operating Income": 154,
        "EBIT": NaN,
        "Net Income": 115
    },
    "2018-09-30": {
        "Diluted EPS": 0.58,
        "Total Revenue": 302,
        "Gross Profit": 245,
        "Operating Income": 100,
        "EBIT": NaN,
        "Net Income": 74
    },
    "2018-06-30": {
        "Diluted EPS": 0.89,
        "Total Revenue": 301,
        "Gross Profit": 252,
        "Operating Income": 153,
        "EBIT": NaN,
        "Net Income": 115
    },
    "2018-03-31": {
        "Diluted EPS": 0.88,
        "Total Revenue": 286,
        "Gross Profit": 246,
        "Operating Income": 147,
        "EBIT": NaN,
        "Net Income": 113
    },
    "2017-12-31": {
        "Diluted EPS": 1.14,
        "Total Revenue": 279,
        "Gross Profit": 245,
        "Operating Income": 150,
        "EBIT": NaN,
        "Net Income": 146
    },
    "2017-09-30": {
        "Diluted EPS": 0.75,
        "Total Revenue": 274,
        "Gross Profit": 242,
        "Operating Income": 150,
        "EBIT": NaN,
        "Net Income": 96
    },
    "2017-06-30": {
        "Diluted EPS": 0.73,
        "Total Revenue": 260,
        "Gross Profit": 234,
        "Operating Income": 144,
        "EBIT": NaN,
        "Net Income": 91
    },
    "2017-03-31": {
        "Diluted EPS": 0.73,
        "Total Revenue": 243,
        "Gross Profit": 220,
        "Operating Income": 137,
        "EBIT": NaN,
        "Net Income": 89
    },
    "2016-12-31": {
        "Diluted EPS": 0.75,
        "Total Revenue": 246,
        "Gross Profit": 225,
        "Operating Income": 137,
        "EBIT": NaN,
        "Net Income": 88
    },
    "2016-09-30": {
        "Diluted EPS": 0.66,
        "Total Revenue": 224,
        "Gross Profit": 204,
        "Operating Income": 119,
        "EBIT": NaN,
        "Net Income": 76
    },
    "2016-06-30": {
        "Diluted EPS": 0.6,
        "Total Revenue": 154,
        "Gross Profit": 142,
        "Operating Income": 86,
        "EBIT": NaN,
        "Net Income": 54
    },
    "2016-03-31": {
        "Diluted EPS": 0.57,
        "Total Revenue": 142,
        "Gross Profit": 132,
        "Operating Income": 83,
        "EBIT": NaN,
        "Net Income": 52
    },
    "2015-12-31": {
        "Diluted EPS": 0.59,
        "Total Revenue": 145,
        "Gross Profit": 137,
        "Operating Income": 80,
        "EBIT": NaN,
        "Net Income": 51
    },
    "2015-09-30": {
        "Diluted EPS": 0.52,
        "Total Revenue": 126,
        "Gross Profit": 119,
        "Operating Income": 70,
        "EBIT": NaN,
        "Net Income": 46
    },
    "2015-06-30": {
        "Diluted EPS": 0.51,
        "Total Revenue": 123,
        "Gross Profit": 117,
        "Operating Income": 69,
        "EBIT": NaN,
        "Net Income": 45
    },
    "2015-03-31": {
        "Diluted EPS": 0.47,
        "Total Revenue": 121,
        "Gross Profit": 115,
        "Operating Income": 58,
        "EBIT": NaN,
        "Net Income": 40
    },
    "2014-12-31": {
        "Diluted EPS": 0.44,
        "Total Revenue": 112,
        "Gross Profit": 107,
        "Operating Income": 52,
        "EBIT": NaN,
        "Net Income": 35
    },
    "2014-09-30": {
        "Diluted EPS": 0.4,
        "Total Revenue": 99,
        "Gross Profit": 94,
        "Operating Income": 48,
        "EBIT": NaN,
        "Net Income": 32
    },
    "2014-06-30": {
        "Diluted EPS": 0.34,
        "Total Revenue": 87,
        "Gross Profit": 82,
        "Operating Income": 39,
        "EBIT": NaN,
        "Net Income": 26
    },
    "2014-03-31": {
        "Diluted EPS": 0.34,
        "Total Revenue": 77,
        "Gross Profit": 73,
        "Operating Income": 34,
        "EBIT": NaN,
        "Net Income": 25
    },
    "2013-12-31": {
        "Diluted EPS": 0.33,
        "Total Revenue": 79,
        "Gross Profit": 74,
        "Operating Income": 36,
        "EBIT": NaN,
        "Net Income": 24
    },
    "2013-09-30": {
        "Diluted EPS": 0.36,
        "Total Revenue": 77,
        "Gross Profit": 73,
        "Operating Income": 37,
        "EBIT": NaN,
        "Net Income": 26
    },
    "2013-06-30": {
        "Diluted EPS": 0.29,
        "Total Revenue": 67,
        "Gross Profit": 62,
        "Operating Income": 30,
        "EBIT": NaN,
        "Net Income": 20
    },
    "2013-03-31": {
        "Diluted EPS": 0.28,
        "Total Revenue": 65,
        "Gross Profit": 60,
        "Operating Income": 29,
        "EBIT": NaN,
        "Net Income": 20
    },
    "2012-12-31": {
        "Diluted EPS": 0.29,
        "Total Revenue": 68,
        "Gross Profit": 63,
        "Operating Income": 30,
        "EBIT": NaN,
        "Net Income": 21
    },
    "2012-09-30": {
        "Diluted EPS": 0.28,
        "Total Revenue": 64,
        "Gross Profit": 59,
        "Operating Income": 27,
        "EBIT": NaN,
        "Net Income": 19
    },
    "2012-06-30": {
        "Diluted EPS": 0.28,
        "Total Revenue": 63,
        "Gross Profit": 58,
        "Operating Income": 28,
        "EBIT": NaN,
        "Net Income": 19
    },
    "2012-03-31": {
        "Diluted EPS": 0.26,
        "Total Revenue": 64,
        "Gross Profit": 58,
        "Operating Income": 26,
        "EBIT": NaN,
        "Net Income": 18
    },
    "2011-12-31": {
        "Diluted EPS": 0.25,
        "Total Revenue": 65,
        "Gross Profit": 59,
        "Operating Income": 25,
        "EBIT": NaN,
        "Net Income": 18
    },
    "2011-09-30": {
        "Diluted EPS": 0.28,
        "Total Revenue": 68,
        "Gross Profit": 60,
        "Operating Income": 27,
        "EBIT": NaN,
        "Net Income": 19
    },
    "2011-06-30": {
        "Diluted EPS": 0.73,
        "Total Revenue": 126,
        "Gross Profit": 118,
        "Operating Income": 79,
        "EBIT": NaN,
        "Net Income": 50
    },
    "2011-03-31": {
        "Diluted EPS": 0.22,
        "Total Revenue": 57,
        "Gross Profit": 49,
        "Operating Income": 21,
        "EBIT": NaN,
        "Net Income": 15
    },
    "2010-12-31": {
        "Diluted EPS": 0.25,
        "Total Revenue": 61,
        "Gross Profit": 53,
        "Operating Income": 23,
        "EBIT": NaN,
        "Net Income": 17
    },
    "2010-09-30": {
        "Diluted EPS": 0.3,
        "Total Revenue": 66,
        "Gross Profit": 58,
        "Operating Income": 30,
        "EBIT": NaN,
        "Net Income": 20
    },
    "2010-06-30": {
        "Diluted EPS": 0.16,
        "Total Revenue": 48,
        "Gross Profit": 39,
        "Operating Income": 14,
        "EBIT": NaN,
        "Net Income": 11
    },
    "2010-03-31": {
        "Diluted EPS": 0.24,
        "Total Revenue": 54,
        "Gross Profit": 45,
        "Operating Income": 23,
        "EBIT": NaN,
        "Net Income": 16
    },
    "2009-12-31": {
        "Diluted EPS": 0.14,
        "Total Revenue": 51,
        "Gross Profit": 42,
        "Operating Income": 17,
        "EBIT": NaN,
        "Net Income": 10
    },
    "2009-09-30": {
        "Diluted EPS": 0.13,
        "Total Revenue": 46,
        "Gross Profit": 35,
        "Operating Income": 12,
        "EBIT": NaN,
        "Net Income": 8
    },
    "2009-06-30": {
        "Diluted EPS": 0.14,
        "Total Revenue": 65,
        "Gross Profit": 53,
        "Operating Income": 14,
        "EBIT": NaN,
        "Net Income": 10
    },
    "2009-03-31": {
        "Diluted EPS": 0.14,
        "Total Revenue": 55,
        "Gross Profit": 40,
        "Operating Income": 13,
        "EBIT": NaN,
        "Net Income": 9
    },
    "2023-09-30": {
        "Tax Effect Of Unusual Items": 46830.0,
        "Tax Rate For Calcs": 0.21,
        "Total Unusual Items": 223000.0,
        "Total Unusual Items Excluding Goodwill": 223000.0,
        "Net Income From Continuing Operation Net Minority Interest": 173793000.0,
        "Reconciled Depreciation": 9487000.0,
        "Net Interest Income": 367261000.0,
        "Interest Expense": 198252000.0,
        "Interest Income": 565513000.0,
        "Normalized Income": 173616830.0,
        "Net Income From Continuing And Discontinued Operation": 173793000.0,
        "Diluted Average Shares": 113770000.0,
        "Basic Average Shares": 113380000.0,
        "Diluted EPS": 1.49,
        "Basic EPS": 1.5,
        "Diluted NI Availto Com Stockholders": 169746000.0,
        "Net Income Common Stockholders": 169746000.0,
        "Preferred Stock Dividends": 4047000.0,
        "Net Income": 173793000.0,
        "Minority Interests": -37000.0,
        "Net Income Including Noncontrolling Interests": 173830000.0,
        "Net Income Continuous Operations": 173830000.0,
        "Tax Provision": 46144000.0,
        "Pretax Income": 219974000.0,
        "Special Income Charges": -141000.0,
        "Write Off": 141000.0,
        "Securities Amortization": 8171000.0,
        "Gain On Sale Of Security": -270000.0,
        "Depreciation Amortization Depletion Income Statement": 376000.0,
        "Depreciation And Amortization In Income Statement": 376000.0,
        "Amortization": 376000.0,
        "Amortization Of Intangibles Income Statement": 376000.0,
        "Selling General And Administration": 73386000.0,
        "Selling And Marketing Expense": 3779000.0,
        "General And Administrative Expense": 69607000.0,
        "Insurance And Claims": 5500000.0,
        "Salaries And Wages": 64107000.0,
        "Total Revenue": 389851000.0,
        "Operating Revenue": 389851000.0
    },
    "2023-12-31": {
        "Tax Effect Of Unusual Items": 876062.377989,
        "Tax Rate For Calcs": 0.199332,
        "Total Unusual Items": 4395000.0,
        "Total Unusual Items Excluding Goodwill": 4395000.0,
        "Net Income From Continuing Operation Net Minority Interest": 175125000.0,
        "Reconciled Depreciation": 9129000.0,
        "Net Interest Income": 370548000.0,
        "Interest Expense": 234947000.0,
        "Interest Income": 605495000.0,
        "Normalized Income": 171606062.377989,
        "Net Income From Continuing And Discontinued Operation": 175125000.0,
        "Diluted Average Shares": NaN,
        "Basic Average Shares": NaN,
        "Diluted EPS": NaN,
        "Basic EPS": NaN,
        "Diluted NI Availto Com Stockholders": 171079000.0,
        "Net Income Common Stockholders": 171079000.0,
        "Preferred Stock Dividends": 4046000.0,
        "Net Income": 175125000.0,
        "Minority Interests": -6000.0,
        "Net Income Including Noncontrolling Interests": 175131000.0,
        "Net Income Continuous Operations": 175131000.0,
        "Tax Provision": 43600000.0,
        "Pretax Income": 218731000.0,
        "Special Income Charges": NaN,
        "Write Off": NaN,
        "Securities Amortization": 7617000.0,
        "Gain On Sale Of Security": 1177000.0,
        "Depreciation Amortization Depletion Income Statement": NaN,
        "Depreciation And Amortization In Income Statement": NaN,
        "Amortization": NaN,
        "Amortization Of Intangibles Income Statement": NaN,
        "Selling General And Administration": 87225000.0,
        "Selling And Marketing Expense": 5152000.0,
        "General And Administrative Expense": 82073000.0,
        "Insurance And Claims": 15803000.0,
        "Salaries And Wages": 66270000.0,
        "Total Revenue": 415413000.0,
        "Operating Revenue": 415413000.0
    },
    "2024-03-31": {
        "Tax Effect Of Unusual Items": 108324.0,
        "Tax Rate For Calcs": 0.236,
        "Total Unusual Items": 459000.0,
        "Total Unusual Items Excluding Goodwill": 459000.0,
        "Net Income From Continuing Operation Net Minority Interest": 175537000.0,
        "Reconciled Depreciation": 18872000.0,
        "Net Interest Income": 376934000.0,
        "Interest Expense": 260119000.0,
        "Interest Income": 637053000.0,
        "Normalized Income": 175186324.0,
        "Net Income From Continuing And Discontinued Operation": 175537000.0,
        "Diluted Average Shares": 113883000.0,
        "Basic Average Shares": 113559000.0,
        "Diluted EPS": 1.51,
        "Basic EPS": 1.51,
        "Diluted NI Availto Com Stockholders": 171490000.0,
        "Net Income Common Stockholders": 171490000.0,
        "Preferred Stock Dividends": 4047000.0,
        "Net Income": 175537000.0,
        "Minority Interests": -18000.0,
        "Net Income Including Noncontrolling Interests": 175555000.0,
        "Net Income Continuous Operations": 175555000.0,
        "Tax Provision": 54226000.0,
        "Pretax Income": 229781000.0,
        "Special Income Charges": NaN,
        "Write Off": NaN,
        "Securities Amortization": 0.0,
        "Gain On Sale Of Security": 410000.0,
        "Depreciation Amortization Depletion Income Statement": NaN,
        "Depreciation And Amortization In Income Statement": NaN,
        "Amortization": NaN,
        "Amortization Of Intangibles Income Statement": NaN,
        "Selling General And Administration": 81711000.0,
        "Selling And Marketing Expense": 3897000.0,
        "General And Administrative Expense": 77814000.0,
        "Insurance And Claims": 8250000.0,
        "Salaries And Wages": 69564000.0,
        "Total Revenue": 406018000.0,
        "Operating Revenue": 406018000.0
    }
}