{
    "2023-03-31": {
        "Tax Effect Of Unusual Items": -2692857.142857,
        "Tax Rate For Calcs": 0.345238,
        "Normalized EBITDA": 108900000.0,
        "Total Unusual Items": -7800000.0,
        "Total Unusual Items Excluding Goodwill": -7800000.0,
        "Net Income From Continuing Operation Net Minority Interest": 16400000.0,
        "Reconciled Depreciation": 73100000.0,
        "Reconciled Cost Of Revenue": 313100000.0,
        "EBIT": 28000000.0,
        "Net Interest Income": -3300000.0,
        "Interest Expense": 2800000.0,
        "Normalized Income": 21507142.857143,
        "Net Income From Continuing And Discontinued Operation": 16400000.0,
        "Total Expenses": 353600000.0,
        "Total Operating Income As Reported": 27500000.0,
        "Diluted Average Shares": 210704000.0,
        "Basic Average Shares": 210681000.0,
        "Diluted EPS": 0.08,
        "Basic EPS": 0.08,
        "Diluted NI Availto Com Stockholders": 16400000.0,
        "Net Income Common Stockholders": 16400000.0,
        "Net Income": 16400000.0,
        "Minority Interests": -100000.0,
        "Net Income Including Noncontrolling Interests": 16500000.0,
        "Net Income Continuous Operations": 16500000.0,
        "Tax Provision": 8700000.0,
        "Pretax Income": 25200000.0,
        "Other Income Expense": -8200000.0,
        "Special Income Charges": -18700000.0,
        "Gain On Sale Of Ppe": 200000.0,
        "Impairment Of Capital Assets": NaN,
        "Restructuring And Mergern Acquisition": 18900000.0,
        "Earnings From Equity Interest": -400000.0,
        "Gain On Sale Of Security": 10900000.0,
        "Net Non Operating Interest Income Expense": -3300000.0,
        "Total Other Finance Cost": 500000.0,
        "Interest Expense Non Operating": 2800000.0,
        "Operating Income": 36700000.0,
        "Operating Expense": 40500000.0,
        "Other Operating Expenses": 8100000.0,
        "Selling General And Administration": 10400000.0,
        "General And Administrative Expense": 10400000.0,
        "Other Gand A": 10400000.0,
        "Gross Profit": 77200000.0,
        "Cost Of Revenue": 313100000.0,
        "Total Revenue": 390300000.0,
        "Operating Revenue": 390300000.0
    },
    "2022-12-31": {
        "Tax Effect Of Unusual Items": -60243200.0,
        "Tax Rate For Calcs": 0.4,
        "Normalized EBITDA": 83121000.0,
        "Total Unusual Items": -150608000.0,
        "Total Unusual Items Excluding Goodwill": -150608000.0,
        "Net Income From Continuing Operation Net Minority Interest": -172756000.0,
        "Reconciled Depreciation": 79281000.0,
        "Reconciled Cost Of Revenue": 340425000.0,
        "EBIT": -146768000.0,
        "Net Interest Income": -6402000.0,
        "Interest Expense": 6402000.0,
        "Normalized Income": -82391200.0,
        "Net Income From Continuing And Discontinued Operation": -172756000.0,
        "Total Expenses": 371632000.0,
        "Total Operating Income As Reported": -148015000.0,
        "Diluted Average Shares": 210573000.0,
        "Basic Average Shares": 210573000.0,
        "Diluted EPS": -0.82,
        "Basic EPS": -0.82,
        "Diluted NI Availto Com Stockholders": -172756000.0,
        "Net Income Common Stockholders": -172756000.0,
        "Net Income": -172756000.0,
        "Minority Interests": -696000.0,
        "Net Income Including Noncontrolling Interests": -172060000.0,
        "Net Income Continuous Operations": -172060000.0,
        "Tax Provision": 18890000.0,
        "Pretax Income": -153170000.0,
        "Other Income Expense": -150608000.0,
        "Special Income Charges": -158468000.0,
        "Gain On Sale Of Ppe": -1134000.0,
        "Impairment Of Capital Assets": 0.0,
        "Restructuring And Mergern Acquisition": 157334000.0,
        "Earnings From Equity Interest": 0.0,
        "Gain On Sale Of Security": 7860000.0,
        "Net Non Operating Interest Income Expense": -6402000.0,
        "Total Other Finance Cost": 492000.0,
        "Interest Expense Non Operating": 6402000.0,
        "Operating Income": 3840000.0,
        "Operating Expense": 31207000.0,
        "Other Operating Expenses": 17727000.0,
        "Selling General And Administration": 3002000.0,
        "General And Administrative Expense": 3002000.0,
        "Other Gand A": 3002000.0,
        "Gross Profit": 35047000.0,
        "Cost Of Revenue": 340425000.0,
        "Total Revenue": 375472000.0,
        "Operating Revenue": 375472000.0
    },
    "2022-09-30": {
        "Tax Effect Of Unusual Items": -8798400.0,
        "Tax Rate For Calcs": 0.4,
        "Normalized EBITDA": 31818000.0,
        "Total Unusual Items": -21996000.0,
        "Total Unusual Items Excluding Goodwill": -21996000.0,
        "Net Income From Continuing Operation Net Minority Interest": -71527000.0,
        "Reconciled Depreciation": 77902000.0,
        "Reconciled Cost Of Revenue": 360677000.0,
        "EBIT": -68080000.0,
        "Net Interest Income": -1856000.0,
        "Interest Expense": 1202000.0,
        "Normalized Income": -58329400.0,
        "Net Income From Continuing And Discontinued Operation": -71527000.0,
        "Total Expenses": 384319000.0,
        "Total Operating Income As Reported": -51075000.0,
        "Diluted Average Shares": 210531000.0,
        "Basic Average Shares": 210531000.0,
        "Diluted EPS": -0.34,
        "Basic EPS": -0.34,
        "Diluted NI Availto Com Stockholders": -71527000.0,
        "Net Income Common Stockholders": -71527000.0,
        "Net Income": -71527000.0,
        "Minority Interests": -325000.0,
        "Net Income Including Noncontrolling Interests": -71202000.0,
        "Net Income Continuous Operations": -71202000.0,
        "Tax Provision": 1920000.0,
        "Pretax Income": -69282000.0,
        "Other Income Expense": -21996000.0,
        "Special Income Charges": -606000.0,
        "Gain On Sale Of Ppe": -606000.0,
        "Impairment Of Capital Assets": 0.0,
        "Restructuring And Mergern Acquisition": NaN,
        "Earnings From Equity Interest": 0.0,
        "Gain On Sale Of Security": -21390000.0,
        "Net Non Operating Interest Income Expense": -1856000.0,
        "Total Other Finance Cost": 654000.0,
        "Interest Expense Non Operating": 1202000.0,
        "Operating Income": -45430000.0,
        "Operating Expense": 23642000.0,
        "Other Operating Expenses": 4191000.0,
        "Selling General And Administration": 6765000.0,
        "General And Administrative Expense": 6765000.0,
        "Other Gand A": 6765000.0,
        "Gross Profit": -21788000.0,
        "Cost Of Revenue": 360677000.0,
        "Total Revenue": 338889000.0,
        "Operating Revenue": 338889000.0
    },
    "2022-06-30": {
        "Tax Effect Of Unusual Items": -43472800.0,
        "Tax Rate For Calcs": 0.4,
        "Normalized EBITDA": 17259000.0,
        "Total Unusual Items": -108682000.0,
        "Total Unusual Items Excluding Goodwill": -108682000.0,
        "Net Income From Continuing Operation Net Minority Interest": -173982000.0,
        "Reconciled Depreciation": 74327000.0,
        "Reconciled Cost Of Revenue": 372121000.0,
        "EBIT": -165750000.0,
        "Net Interest Income": -1589000.0,
        "Interest Expense": 1014000.0,
        "Normalized Income": -108772800.0,
        "Net Income From Continuing And Discontinued Operation": -173982000.0,
        "Total Expenses": 396962000.0,
        "Total Operating Income As Reported": -153811000.0,
        "Diluted Average Shares": 210514000.0,
        "Basic Average Shares": 210514000.0,
        "Diluted EPS": -0.83,
        "Basic EPS": -0.83,
        "Diluted NI Availto Com Stockholders": -173982000.0,
        "Net Income Common Stockholders": -173982000.0,
        "Net Income": -173982000.0,
        "Minority Interests": -350000.0,
        "Net Income Including Noncontrolling Interests": -173632000.0,
        "Net Income Continuous Operations": -173632000.0,
        "Tax Provision": 6868000.0,
        "Pretax Income": -166764000.0,
        "Other Income Expense": -108682000.0,
        "Special Income Charges": -99586000.0,
        "Gain On Sale Of Ppe": -522000.0,
        "Impairment Of Capital Assets": 99064000.0,
        "Restructuring And Mergern Acquisition": NaN,
        "Earnings From Equity Interest": 0.0,
        "Gain On Sale Of Security": -9096000.0,
        "Net Non Operating Interest Income Expense": -1589000.0,
        "Total Other Finance Cost": 575000.0,
        "Interest Expense Non Operating": 1014000.0,
        "Operating Income": -56493000.0,
        "Operating Expense": 24841000.0,
        "Other Operating Expenses": 4235000.0,
        "Selling General And Administration": 8315000.0,
        "General And Administrative Expense": 8315000.0,
        "Other Gand A": 8315000.0,
        "Gross Profit": -31652000.0,
        "Cost Of Revenue": 372121000.0,
        "Total Revenue": 340469000.0,
        "Operating Revenue": 340469000.0
    },
    "2022-03-31": {
        "Diluted EPS": 0.36,
        "Total Revenue": 440,
        "Gross Profit": 151,
        "Operating Income": 41,
        "EBIT": 126,
        "Net Income": 77
    },
    "2021-12-31": {
        "Diluted EPS": 0.06,
        "Total Revenue": 422,
        "Gross Profit": 149,
        "Operating Income": 51,
        "EBIT": 127,
        "Net Income": 14
    },
    "2021-09-30": {
        "Diluted EPS": 0.1,
        "Total Revenue": 460,
        "Gross Profit": 183,
        "Operating Income": 74,
        "EBIT": 157,
        "Net Income": 20
    },
    "2021-06-30": {
        "Diluted EPS": 0.34,
        "Total Revenue": 382,
        "Gross Profit": 175,
        "Operating Income": 83,
        "EBIT": 152,
        "Net Income": 71
    },
    "2021-03-31": {
        "Diluted EPS": -0.04,
        "Total Revenue": 368,
        "Gross Profit": 168,
        "Operating Income": 71,
        "EBIT": 146,
        "Net Income": -8
    },
    "2020-12-31": {
        "Diluted EPS": 0.81,
        "Total Revenue": 430,
        "Gross Profit": 217,
        "Operating Income": 112,
        "EBIT": 190,
        "Net Income": 169
    },
    "2020-09-30": {
        "Diluted EPS": 0.31,
        "Total Revenue": 300,
        "Gross Profit": 156,
        "Operating Income": 83,
        "EBIT": 137,
        "Net Income": 66
    },
    "2020-06-30": {
        "Diluted EPS": 0.1,
        "Total Revenue": 250,
        "Gross Profit": 49,
        "Operating Income": -20,
        "EBIT": 41,
        "Net Income": 20
    },
    "2020-03-31": {
        "Diluted EPS": -0.37,
        "Total Revenue": 358,
        "Gross Profit": 118,
        "Operating Income": 14,
        "EBIT": 92,
        "Net Income": -77
    },
    "2019-12-31": {
        "Diluted EPS": 0.26,
        "Total Revenue": 404,
        "Gross Profit": 167,
        "Operating Income": 77,
        "EBIT": 145,
        "Net Income": 52
    },
    "2019-09-30": {
        "Diluted EPS": 0.18,
        "Total Revenue": 352,
        "Gross Profit": 141,
        "Operating Income": 40,
        "EBIT": 118,
        "Net Income": 38
    },
    "2019-06-30": {
        "Diluted EPS": 0.09,
        "Total Revenue": 340,
        "Gross Profit": 110,
        "Operating Income": 31,
        "EBIT": 89,
        "Net Income": 18
    },
    "2019-03-31": {
        "Diluted EPS": 0.02,
        "Total Revenue": 254,
        "Gross Profit": 68,
        "Operating Income": 1,
        "EBIT": 50,
        "Net Income": 3
    },
    "2018-12-31": {
        "Diluted EPS": -0.42,
        "Total Revenue": 173,
        "Gross Profit": 37,
        "Operating Income": -26,
        "EBIT": 12,
        "Net Income": -64
    },
    "2018-09-30": {
        "Diluted EPS": -0.06,
        "Total Revenue": 188,
        "Gross Profit": 37,
        "Operating Income": -15,
        "EBIT": 23,
        "Net Income": -9
    },
    "2018-06-30": {
        "Diluted EPS": 0.24,
        "Total Revenue": 216,
        "Gross Profit": 100,
        "Operating Income": 42,
        "EBIT": 80,
        "Net Income": 36
    },
    "2018-03-31": {
        "Diluted EPS": 0.31,
        "Total Revenue": 207,
        "Gross Profit": 95,
        "Operating Income": 47,
        "EBIT": 82,
        "Net Income": 47
    },
    "2017-12-31": {
        "Diluted EPS": 0.32,
        "Total Revenue": 226,
        "Gross Profit": 86,
        "Operating Income": 29,
        "EBIT": 63,
        "Net Income": 49
    },
    "2017-09-30": {
        "Diluted EPS": 0.11,
        "Total Revenue": 191,
        "Gross Profit": 81,
        "Operating Income": 30,
        "EBIT": 59,
        "Net Income": 17
    },
    "2017-06-30": {
        "Diluted EPS": 0.23,
        "Total Revenue": 201,
        "Gross Profit": 79,
        "Operating Income": 36,
        "EBIT": 67,
        "Net Income": 35
    },
    "2017-03-31": {
        "Diluted EPS": 0.13,
        "Total Revenue": 199,
        "Gross Profit": 69,
        "Operating Income": 29,
        "EBIT": 59,
        "Net Income": 19
    },
    "2016-12-31": {
        "Diluted EPS": 0.15,
        "Total Revenue": 191,
        "Gross Profit": 80,
        "Operating Income": 37,
        "EBIT": 60,
        "Net Income": 22
    },
    "2016-09-30": {
        "Diluted EPS": 0.28,
        "Total Revenue": 234,
        "Gross Profit": 131,
        "Operating Income": 75,
        "EBIT": 108,
        "Net Income": 43
    },
    "2016-06-30": {
        "Diluted EPS": 0.22,
        "Total Revenue": 192,
        "Gross Profit": 83,
        "Operating Income": 32,
        "EBIT": 62,
        "Net Income": 34
    },
    "2016-03-31": {
        "Diluted EPS": 0.01,
        "Total Revenue": 158,
        "Gross Profit": 52,
        "Operating Income": 7,
        "EBIT": 37,
        "Net Income": 2
    },
    "2015-12-31": {
        "Diluted EPS": -0.88,
        "Total Revenue": 163,
        "Gross Profit": 35,
        "Operating Income": -22,
        "EBIT": 14,
        "Net Income": -133
    },
    "2015-09-30": {
        "Diluted EPS": -0.44,
        "Total Revenue": 159,
        "Gross Profit": 16,
        "Operating Income": -40,
        "EBIT": -3,
        "Net Income": -67
    },
    "2015-06-30": {
        "Diluted EPS": -0.05,
        "Total Revenue": 174,
        "Gross Profit": 42,
        "Operating Income": -7,
        "EBIT": 30,
        "Net Income": -7
    },
    "2015-03-31": {
        "Diluted EPS": -0.13,
        "Total Revenue": 178,
        "Gross Profit": 49,
        "Operating Income": -12,
        "EBIT": 29,
        "Net Income": -19
    },
    "2014-12-31": {
        "Diluted EPS": -3.48,
        "Total Revenue": 163,
        "Gross Profit": 22,
        "Operating Income": -66,
        "EBIT": -27,
        "Net Income": -527
    },
    "2014-09-30": {
        "Diluted EPS": -0.15,
        "Total Revenue": 178,
        "Gross Profit": 28,
        "Operating Income": -14,
        "EBIT": 20,
        "Net Income": -20
    },
    "2014-06-30": {
        "Diluted EPS": -0.04,
        "Total Revenue": 201,
        "Gross Profit": 55,
        "Operating Income": 9,
        "EBIT": 47,
        "Net Income": -6
    },
    "2014-03-31": {
        "Diluted EPS": 0.05,
        "Total Revenue": 210,
        "Gross Profit": 79,
        "Operating Income": 33,
        "EBIT": 70,
        "Net Income": 7
    },
    "2013-12-31": {
        "Diluted EPS": -1.94,
        "Total Revenue": 192,
        "Gross Profit": 56,
        "Operating Income": 20,
        "EBIT": 52,
        "Net Income": -294
    },
    "2013-09-30": {
        "Diluted EPS": 0.09,
        "Total Revenue": 214,
        "Gross Profit": 84,
        "Operating Income": 35,
        "EBIT": 77,
        "Net Income": 14
    },
    "2013-06-30": {
        "Diluted EPS": -1.23,
        "Total Revenue": 176,
        "Gross Profit": 40,
        "Operating Income": -3,
        "EBIT": 30,
        "Net Income": -187
    },
    "2013-03-31": {
        "Diluted EPS": 0.13,
        "Total Revenue": 243,
        "Gross Profit": 114,
        "Operating Income": 72,
        "EBIT": 102,
        "Net Income": 20
    },
    "2012-12-31": {
        "Diluted EPS": -0.24,
        "Total Revenue": 247,
        "Gross Profit": 123,
        "Operating Income": 76,
        "EBIT": 108,
        "Net Income": -29
    },
    "2012-09-30": {
        "Diluted EPS": 0.15,
        "Total Revenue": 252,
        "Gross Profit": 114,
        "Operating Income": 70,
        "EBIT": 101,
        "Net Income": 23
    },
    "2012-06-30": {
        "Diluted EPS": 0.23,
        "Total Revenue": 201,
        "Gross Profit": 87,
        "Operating Income": 45,
        "EBIT": 70,
        "Net Income": 44
    },
    "2012-03-31": {
        "Diluted EPS": 0.47,
        "Total Revenue": 229,
        "Gross Profit": 131,
        "Operating Income": 98,
        "EBIT": 119,
        "Net Income": 50
    },
    "2011-12-31": {
        "Diluted EPS": 0.9,
        "Total Revenue": 212,
        "Gross Profit": 170,
        "Operating Income": 92,
        "EBIT": 116,
        "Net Income": 95
    },
    "2011-09-30": {
        "Diluted EPS": 0.48,
        "Total Revenue": 221,
        "Gross Profit": 106,
        "Operating Income": 92,
        "EBIT": 112,
        "Net Income": 52
    },
    "2011-06-30": {
        "Diluted EPS": 1.04,
        "Total Revenue": 232,
        "Gross Profit": 119,
        "Operating Income": 107,
        "EBIT": 127,
        "Net Income": 113
    },
    "2011-03-31": {
        "Diluted EPS": 0.86,
        "Total Revenue": 191,
        "Gross Profit": 119,
        "Operating Income": 93,
        "EBIT": 113,
        "Net Income": 93
    },
    "2010-12-31": {
        "Diluted EPS": 0.43,
        "Total Revenue": 191,
        "Gross Profit": 112,
        "Operating Income": 85,
        "EBIT": 106,
        "Net Income": 46
    },
    "2010-09-30": {
        "Diluted EPS": 0.27,
        "Total Revenue": 161,
        "Gross Profit": 84,
        "Operating Income": 47,
        "EBIT": 70,
        "Net Income": 29
    },
    "2010-06-30": {
        "Diluted EPS": 0.17,
        "Total Revenue": 147,
        "Gross Profit": 74,
        "Operating Income": 34,
        "EBIT": 57,
        "Net Income": 18
    },
    "2010-03-31": {
        "Diluted EPS": 0.18,
        "Total Revenue": 132,
        "Gross Profit": 57,
        "Operating Income": 28,
        "EBIT": 48,
        "Net Income": 19
    },
    "2009-12-31": {
        "Diluted EPS": 0.31,
        "Total Revenue": 154,
        "Gross Profit": 82,
        "Operating Income": 50,
        "EBIT": 74,
        "Net Income": 28
    },
    "2009-09-30": {
        "Diluted EPS": 0.2,
        "Total Revenue": 119,
        "Gross Profit": 57,
        "Operating Income": 28,
        "EBIT": 50,
        "Net Income": 17
    },
    "2009-06-30": {
        "Diluted EPS": 0.12,
        "Total Revenue": 111,
        "Gross Profit": 45,
        "Operating Income": 14,
        "EBIT": 36,
        "Net Income": 10
    },
    "2009-03-31": {
        "Diluted EPS": 0.08,
        "Total Revenue": 70,
        "Gross Profit": 25,
        "Operating Income": 7,
        "EBIT": 22,
        "Net Income": 7
    }
}