{
    "2023-03-31": {
        "Tax Effect Of Unusual Items": NaN,
        "Tax Rate For Calcs": NaN,
        "Normalized EBITDA": NaN,
        "Net Income From Continuing Operation Net Minority Interest": NaN,
        "Reconciled Depreciation": NaN,
        "Reconciled Cost Of Revenue": NaN,
        "EBITDA": NaN,
        "EBIT": NaN,
        "Net Interest Income": NaN,
        "Normalized Income": NaN,
        "Net Income From Continuing And Discontinued Operation": NaN,
        "Total Expenses": NaN,
        "Total Operating Income As Reported": NaN,
        "Diluted Average Shares": NaN,
        "Basic Average Shares": NaN,
        "Diluted EPS": NaN,
        "Basic EPS": NaN,
        "Diluted NI Availto Com Stockholders": NaN,
        "Net Income Common Stockholders": NaN,
        "Net Income": NaN,
        "Net Income Including Noncontrolling Interests": NaN,
        "Net Income Continuous Operations": NaN,
        "Tax Provision": NaN,
        "Pretax Income": NaN,
        "Other Income Expense": -5144000.0,
        "Other Non Operating Income Expenses": -5144000.0,
        "Net Non Operating Interest Income Expense": NaN,
        "Total Other Finance Cost": NaN,
        "Operating Income": NaN,
        "Operating Expense": NaN,
        "Other Operating Expenses": NaN,
        "Other Taxes": NaN,
        "Gross Profit": NaN,
        "Cost Of Revenue": NaN,
        "Total Revenue": NaN,
        "Operating Revenue": NaN
    },
    "2022-12-31": {
        "Tax Effect Of Unusual Items": 0.0,
        "Tax Rate For Calcs": 0.369658,
        "Normalized EBITDA": 5092465000.0,
        "Net Income From Continuing Operation Net Minority Interest": 1658350000.0,
        "Reconciled Depreciation": 597988000.0,
        "Reconciled Cost Of Revenue": 3528885000.0,
        "EBITDA": 5092465000.0,
        "EBIT": 4494477000.0,
        "Net Interest Income": -834221000.0,
        "Normalized Income": 1658350000.0,
        "Net Income From Continuing And Discontinued Operation": 1658350000.0,
        "Total Expenses": 4341199000.0,
        "Total Operating Income As Reported": 3654366000.0,
        "Diluted Average Shares": 50527746.0,
        "Basic Average Shares": 50527746.0,
        "Diluted EPS": 36.231163,
        "Basic EPS": 36.231163,
        "Diluted NI Availto Com Stockholders": 1658350000.0,
        "Net Income Common Stockholders": 1658350000.0,
        "Net Income": 1658350000.0,
        "Net Income Including Noncontrolling Interests": 1830677000.0,
        "Net Income Continuous Operations": 1830677000.0,
        "Tax Provision": 1073585000.0,
        "Pretax Income": 2904262000.0,
        "Other Income Expense": NaN,
        "Other Non Operating Income Expenses": NaN,
        "Net Non Operating Interest Income Expense": -834221000.0,
        "Total Other Finance Cost": -756424000.0,
        "Operating Income": 3664454000.0,
        "Operating Expense": 812314000.0,
        "Other Operating Expenses": 770870000.0,
        "Gross Profit": 4476768000.0,
        "Cost Of Revenue": 3528885000.0,
        "Total Revenue": 8005653000.0,
        "Operating Revenue": 8005653000.0
    },
    "2022-09-30": {
        "Tax Effect Of Unusual Items": 0.0,
        "Tax Rate For Calcs": 0.185719,
        "Normalized EBITDA": 4085040000.0,
        "Net Income From Continuing Operation Net Minority Interest": 2662711000.0,
        "Reconciled Depreciation": 587686000.0,
        "Reconciled Cost Of Revenue": 3066698000.0,
        "EBITDA": 4085040000.0,
        "EBIT": 3497354000.0,
        "Net Interest Income": -227340000.0,
        "Normalized Income": 2662711000.0,
        "Net Income From Continuing And Discontinued Operation": 2662711000.0,
        "Total Expenses": 3254686000.0,
        "Total Operating Income As Reported": 3497354000.0,
        "Diluted Average Shares": 50527746.0,
        "Basic Average Shares": 50527746.0,
        "Diluted EPS": 52.697997,
        "Basic EPS": 52.697997,
        "Diluted NI Availto Com Stockholders": 2662711000.0,
        "Net Income Common Stockholders": 2662711000.0,
        "Net Income": 2662711000.0,
        "Net Income Including Noncontrolling Interests": 2662711000.0,
        "Net Income Continuous Operations": 2662711000.0,
        "Tax Provision": 607303000.0,
        "Pretax Income": 3270014000.0,
        "Other Income Expense": NaN,
        "Other Non Operating Income Expenses": NaN,
        "Net Non Operating Interest Income Expense": -227340000.0,
        "Total Other Finance Cost": 227340000.0,
        "Operating Income": 3497354000.0,
        "Operating Expense": 187988000.0,
        "Other Operating Expenses": 187988000.0,
        "Gross Profit": 3685342000.0,
        "Cost Of Revenue": 3066698000.0,
        "Total Revenue": 6752040000.0,
        "Operating Revenue": 6752040000.0
    },
    "2022-06-30": {
        "Tax Effect Of Unusual Items": 0.0,
        "Tax Rate For Calcs": 0.268021,
        "Normalized EBITDA": 4081701000.0,
        "Net Income From Continuing Operation Net Minority Interest": 2364636000.0,
        "Reconciled Depreciation": 563114000.0,
        "Reconciled Cost Of Revenue": 2906032000.0,
        "EBITDA": 4081701000.0,
        "EBIT": 3518587000.0,
        "Net Interest Income": -288116000.0,
        "Normalized Income": 2364636000.0,
        "Net Income From Continuing And Discontinued Operation": 2364636000.0,
        "Total Expenses": 3091497000.0,
        "Total Operating Income As Reported": 3518587000.0,
        "Diluted Average Shares": 50851001.0,
        "Basic Average Shares": 50851001.0,
        "Diluted EPS": 46.501248,
        "Basic EPS": 46.501248,
        "Diluted NI Availto Com Stockholders": 2364636000.0,
        "Net Income Common Stockholders": 2364636000.0,
        "Net Income": 2364636000.0,
        "Net Income Including Noncontrolling Interests": 2364636000.0,
        "Net Income Continuous Operations": 2364636000.0,
        "Tax Provision": 865835000.0,
        "Pretax Income": 3230471000.0,
        "Other Income Expense": NaN,
        "Other Non Operating Income Expenses": NaN,
        "Net Non Operating Interest Income Expense": -288116000.0,
        "Total Other Finance Cost": 288116000.0,
        "Operating Income": 3518587000.0,
        "Operating Expense": 185465000.0,
        "Other Operating Expenses": 185465000.0,
        "Gross Profit": 3704052000.0,
        "Cost Of Revenue": 2906032000.0,
        "Total Revenue": 6610084000.0,
        "Operating Revenue": 6610084000.0
    },
    "2022-03-31": {
        "Diluted EPS": 2.23,
        "Total Revenue": 293,
        "Gross Profit": 245,
        "Operating Income": 153,
        "EBIT": 181,
        "Net Income": 114
    },
    "2021-12-31": {
        "Diluted EPS": -15.84,
        "Total Revenue": NaN,
        "Gross Profit": NaN,
        "Operating Income": NaN,
        "EBIT": NaN,
        "Net Income": -902
    },
    "2021-09-30": {
        "Diluted EPS": 1.73,
        "Total Revenue": 265,
        "Gross Profit": 180,
        "Operating Income": 129,
        "EBIT": 154,
        "Net Income": 89
    },
    "2021-06-30": {
        "Diluted EPS": 0.0,
        "Total Revenue": 245,
        "Gross Profit": 162,
        "Operating Income": 114,
        "EBIT": 140,
        "Net Income": 71
    },
    "2021-03-31": {
        "Diluted EPS": 19.8,
        "Total Revenue": NaN,
        "Gross Profit": NaN,
        "Operating Income": NaN,
        "EBIT": NaN,
        "Net Income": NaN
    },
    "2020-12-31": {
        "Diluted EPS": 0.7,
        "Total Revenue": 103,
        "Gross Profit": 86,
        "Operating Income": 50,
        "EBIT": 76,
        "Net Income": 10
    },
    "2020-09-30": {
        "Diluted EPS": 0.29,
        "Total Revenue": 139,
        "Gross Profit": 60,
        "Operating Income": 27,
        "EBIT": 52,
        "Net Income": 16
    },
    "2020-06-30": {
        "Diluted EPS": -0.86,
        "Total Revenue": 64,
        "Gross Profit": 10,
        "Operating Income": -16,
        "EBIT": 2,
        "Net Income": -25
    },
    "2020-03-31": {
        "Diluted EPS": 1.63,
        "Total Revenue": 251,
        "Gross Profit": 172,
        "Operating Income": 118,
        "EBIT": 143,
        "Net Income": 91
    },
    "2019-12-31": {
        "Diluted EPS": 1.62,
        "Total Revenue": 239,
        "Gross Profit": 154,
        "Operating Income": 101,
        "EBIT": 133,
        "Net Income": 70
    },
    "2019-09-30": {
        "Diluted EPS": 1.25,
        "Total Revenue": 222,
        "Gross Profit": 147,
        "Operating Income": 103,
        "EBIT": 119,
        "Net Income": 70
    },
    "2019-06-30": {
        "Diluted EPS": 1.14,
        "Total Revenue": 191,
        "Gross Profit": 148,
        "Operating Income": 105,
        "EBIT": 127,
        "Net Income": 66
    },
    "2019-03-31": {
        "Diluted EPS": 1.3,
        "Total Revenue": 192,
        "Gross Profit": 153,
        "Operating Income": 108,
        "EBIT": 130,
        "Net Income": 73
    },
    "2018-12-31": {
        "Diluted EPS": 1.29,
        "Total Revenue": 189,
        "Gross Profit": 132,
        "Operating Income": 84,
        "EBIT": 104,
        "Net Income": 55
    },
    "2018-09-30": {
        "Diluted EPS": 1.25,
        "Total Revenue": 187,
        "Gross Profit": 133,
        "Operating Income": 94,
        "EBIT": 135,
        "Net Income": 70
    },
    "2018-06-30": {
        "Diluted EPS": 1.1,
        "Total Revenue": 178,
        "Gross Profit": 130,
        "Operating Income": 101,
        "EBIT": 101,
        "Net Income": 61
    },
    "2018-03-31": {
        "Diluted EPS": 1.36,
        "Total Revenue": 182,
        "Gross Profit": 138,
        "Operating Income": 99,
        "EBIT": 119,
        "Net Income": 76
    },
    "2017-12-31": {
        "Diluted EPS": 1.2,
        "Total Revenue": 162,
        "Gross Profit": 114,
        "Operating Income": 80,
        "EBIT": 137,
        "Net Income": 52
    },
    "2017-09-30": {
        "Diluted EPS": 1.18,
        "Total Revenue": 170,
        "Gross Profit": 123,
        "Operating Income": 86,
        "EBIT": 67,
        "Net Income": 64
    },
    "2017-06-30": {
        "Diluted EPS": 0.96,
        "Total Revenue": 167,
        "Gross Profit": 122,
        "Operating Income": 87,
        "EBIT": 107,
        "Net Income": 54
    },
    "2017-03-31": {
        "Diluted EPS": 1.37,
        "Total Revenue": 156,
        "Gross Profit": 115,
        "Operating Income": 81,
        "EBIT": 98,
        "Net Income": 77
    },
    "2016-12-31": {
        "Diluted EPS": 0.36,
        "Total Revenue": 121,
        "Gross Profit": 91,
        "Operating Income": 64,
        "EBIT": 79,
        "Net Income": 13
    },
    "2016-09-30": {
        "Diluted EPS": 0.98,
        "Total Revenue": 163,
        "Gross Profit": 110,
        "Operating Income": 75,
        "EBIT": 96,
        "Net Income": 52
    },
    "2016-06-30": {
        "Diluted EPS": 0.94,
        "Total Revenue": 151,
        "Gross Profit": 100,
        "Operating Income": 67,
        "EBIT": 85,
        "Net Income": 51
    },
    "2016-03-31": {
        "Diluted EPS": 1.07,
        "Total Revenue": 161,
        "Gross Profit": 109,
        "Operating Income": 74,
        "EBIT": 93,
        "Net Income": 60
    },
    "2015-12-31": {
        "Diluted EPS": 1.05,
        "Total Revenue": 123,
        "Gross Profit": 71,
        "Operating Income": 69,
        "EBIT": 86,
        "Net Income": 59
    },
    "2015-09-30": {
        "Diluted EPS": 1.04,
        "Total Revenue": 84,
        "Gross Profit": 59,
        "Operating Income": 29,
        "EBIT": 45,
        "Net Income": 55
    },
    "2015-06-30": {
        "Diluted EPS": 0.71,
        "Total Revenue": 140,
        "Gross Profit": 84,
        "Operating Income": 39,
        "EBIT": 62,
        "Net Income": 41
    },
    "2015-03-31": {
        "Diluted EPS": 0.77,
        "Total Revenue": 113,
        "Gross Profit": 93,
        "Operating Income": 69,
        "EBIT": 85,
        "Net Income": 43
    },
    "2014-12-31": {
        "Diluted EPS": 0.75,
        "Total Revenue": 89,
        "Gross Profit": 81,
        "Operating Income": 57,
        "EBIT": 76,
        "Net Income": 42
    },
    "2014-09-30": {
        "Diluted EPS": 0.7,
        "Total Revenue": 101,
        "Gross Profit": 78,
        "Operating Income": 52,
        "EBIT": 68,
        "Net Income": 39
    },
    "2014-06-30": {
        "Diluted EPS": 0.59,
        "Total Revenue": 109,
        "Gross Profit": 79,
        "Operating Income": 53,
        "EBIT": 70,
        "Net Income": 33
    },
    "2014-03-31": {
        "Diluted EPS": 0.89,
        "Total Revenue": 110,
        "Gross Profit": 84,
        "Operating Income": 58,
        "EBIT": 75,
        "Net Income": 50
    },
    "2013-12-31": {
        "Diluted EPS": 1.21,
        "Total Revenue": 101,
        "Gross Profit": 78,
        "Operating Income": 71,
        "EBIT": 89,
        "Net Income": 68
    },
    "2013-09-30": {
        "Diluted EPS": 0.64,
        "Total Revenue": 102,
        "Gross Profit": 80,
        "Operating Income": 45,
        "EBIT": 61,
        "Net Income": 36
    },
    "2013-06-30": {
        "Diluted EPS": 0.5,
        "Total Revenue": 102,
        "Gross Profit": 80,
        "Operating Income": 45,
        "EBIT": 62,
        "Net Income": 28
    },
    "2013-03-31": {
        "Diluted EPS": 0.78,
        "Total Revenue": 108,
        "Gross Profit": 88,
        "Operating Income": 62,
        "EBIT": 80,
        "Net Income": 44
    },
    "2012-12-31": {
        "Diluted EPS": 0.72,
        "Total Revenue": 92,
        "Gross Profit": 62,
        "Operating Income": 39,
        "EBIT": 55,
        "Net Income": 40
    },
    "2012-09-30": {
        "Diluted EPS": 0.65,
        "Total Revenue": 97,
        "Gross Profit": 67,
        "Operating Income": 43,
        "EBIT": 60,
        "Net Income": 36
    },
    "2012-06-30": {
        "Diluted EPS": 0.47,
        "Total Revenue": 90,
        "Gross Profit": 60,
        "Operating Income": 38,
        "EBIT": 52,
        "Net Income": 26
    },
    "2012-03-31": {
        "Diluted EPS": 0.59,
        "Total Revenue": 95,
        "Gross Profit": 62,
        "Operating Income": 39,
        "EBIT": 55,
        "Net Income": 32
    },
    "2011-12-31": {
        "Diluted EPS": 0.71,
        "Total Revenue": 97,
        "Gross Profit": 148,
        "Operating Income": 38,
        "EBIT": 58,
        "Net Income": 43
    },
    "2011-09-30": {
        "Diluted EPS": 0.44,
        "Total Revenue": 91,
        "Gross Profit": 48,
        "Operating Income": 22,
        "EBIT": 40,
        "Net Income": 25
    },
    "2011-06-30": {
        "Diluted EPS": 0.29,
        "Total Revenue": 104,
        "Gross Profit": 59,
        "Operating Income": 33,
        "EBIT": 53,
        "Net Income": 16
    },
    "2011-03-31": {
        "Diluted EPS": 0.83,
        "Total Revenue": 94,
        "Gross Profit": 52,
        "Operating Income": 26,
        "EBIT": 45,
        "Net Income": 48
    },
    "2010-12-31": {
        "Diluted EPS": 0.64,
        "Total Revenue": 91,
        "Gross Profit": 71,
        "Operating Income": 48,
        "EBIT": 66,
        "Net Income": 36
    },
    "2010-09-30": {
        "Diluted EPS": 0.46,
        "Total Revenue": 83,
        "Gross Profit": 63,
        "Operating Income": 40,
        "EBIT": 56,
        "Net Income": 25
    },
    "2010-06-30": {
        "Diluted EPS": 0.24,
        "Total Revenue": 74,
        "Gross Profit": 55,
        "Operating Income": 30,
        "EBIT": 49,
        "Net Income": 14
    },
    "2010-03-31": {
        "Diluted EPS": 0.81,
        "Total Revenue": 77,
        "Gross Profit": 59,
        "Operating Income": 36,
        "EBIT": 53,
        "Net Income": 45
    },
    "2009-12-31": {
        "Diluted EPS": 0.45,
        "Total Revenue": 64,
        "Gross Profit": 47,
        "Operating Income": 26,
        "EBIT": 40,
        "Net Income": 25
    },
    "2009-09-30": {
        "Diluted EPS": 0.41,
        "Total Revenue": 60,
        "Gross Profit": 46,
        "Operating Income": 25,
        "EBIT": 41,
        "Net Income": 24
    },
    "2009-06-30": {
        "Diluted EPS": 0.2,
        "Total Revenue": 57,
        "Gross Profit": 39,
        "Operating Income": 19,
        "EBIT": 35,
        "Net Income": 11
    },
    "2009-03-31": {
        "Diluted EPS": 0.51,
        "Total Revenue": 64,
        "Gross Profit": 49,
        "Operating Income": 29,
        "EBIT": 44,
        "Net Income": 29
    },
    "2023-06-30": {
        "Tax Effect Of Unusual Items": 0.0,
        "Tax Rate For Calcs": 0.278192,
        "Normalized EBITDA": 4576778000.0,
        "Net Income From Continuing Operation Net Minority Interest": 2488426000.0,
        "Reconciled Depreciation": 621155000.0,
        "Reconciled Cost Of Revenue": 3518659000.0,
        "EBITDA": 4576778000.0,
        "EBIT": 3955623000.0,
        "Net Interest Income": -508135000.0,
        "Normalized Income": 2488426000.0,
        "Net Income From Continuing And Discontinued Operation": 2488426000.0,
        "Total Expenses": 4404018000.0,
        "Total Operating Income As Reported": 3955623000.0,
        "Diluted Average Shares": 50527746.0,
        "Basic Average Shares": 50527746.0,
        "Diluted EPS": 49.248704,
        "Basic EPS": 49.248704,
        "Diluted NI Availto Com Stockholders": 2488426000.0,
        "Net Income Common Stockholders": 2488426000.0,
        "Net Income": 2488426000.0,
        "Net Income Including Noncontrolling Interests": 2488426000.0,
        "Net Income Continuous Operations": 2488426000.0,
        "Tax Provision": 959062000.0,
        "Pretax Income": 3447488000.0,
        "Other Income Expense": NaN,
        "Other Non Operating Income Expenses": NaN,
        "Net Non Operating Interest Income Expense": -508135000.0,
        "Total Other Finance Cost": 508135000.0,
        "Operating Income": 3955623000.0,
        "Operating Expense": 885359000.0,
        "Other Operating Expenses": 228131000.0,
        "Other Taxes": 657228000.0,
        "Gross Profit": 4840982000.0,
        "Cost Of Revenue": 3518659000.0,
        "Total Revenue": 8359641000.0,
        "Operating Revenue": 8359641000.0
    },
    "2023-09-30": {
        "Tax Effect Of Unusual Items": 0.0,
        "Tax Rate For Calcs": 0.234086,
        "Normalized EBITDA": 4269853000.0,
        "Net Income From Continuing Operation Net Minority Interest": 2378860000.0,
        "Reconciled Depreciation": 619755000.0,
        "Reconciled Cost Of Revenue": 2867309000.0,
        "EBITDA": 4269853000.0,
        "EBIT": 3650098000.0,
        "Net Interest Income": -544187000.0,
        "Normalized Income": 2378860000.0,
        "Net Income From Continuing And Discontinued Operation": 2378860000.0,
        "Total Expenses": 3742857000.0,
        "Total Operating Income As Reported": 3650098000.0,
        "Diluted Average Shares": 50527746.0,
        "Basic Average Shares": 50527746.0,
        "Diluted EPS": 47.080272,
        "Basic EPS": 47.080272,
        "Diluted NI Availto Com Stockholders": 2378860000.0,
        "Net Income Common Stockholders": 2378860000.0,
        "Net Income": 2378860000.0,
        "Net Income Including Noncontrolling Interests": 2378860000.0,
        "Net Income Continuous Operations": 2378860000.0,
        "Tax Provision": 727051000.0,
        "Pretax Income": 3105911000.0,
        "Other Income Expense": NaN,
        "Other Non Operating Income Expenses": NaN,
        "Net Non Operating Interest Income Expense": -544187000.0,
        "Total Other Finance Cost": 544187000.0,
        "Operating Income": 3650098000.0,
        "Operating Expense": 875548000.0,
        "Other Operating Expenses": 204150000.0,
        "Other Taxes": 671398000.0,
        "Gross Profit": 4525646000.0,
        "Cost Of Revenue": 2867309000.0,
        "Total Revenue": 7392955000.0,
        "Operating Revenue": 7392955000.0
    },
    "2024-03-31": {
        "Tax Effect Of Unusual Items": 0.0,
        "Tax Rate For Calcs": 0.271662,
        "Normalized EBITDA": 4645602000.0,
        "Net Income From Continuing Operation Net Minority Interest": 2470720000.0,
        "Reconciled Depreciation": 662948000.0,
        "Reconciled Cost Of Revenue": 3573336000.0,
        "EBITDA": 4645602000.0,
        "EBIT": 3982654000.0,
        "Net Interest Income": -593735000.0,
        "Normalized Income": 2470720000.0,
        "Net Income From Continuing And Discontinued Operation": 2470720000.0,
        "Total Expenses": 4512314000.0,
        "Total Operating Income As Reported": 3986004000.0,
        "Diluted Average Shares": 57685321.0,
        "Basic Average Shares": 57685321.0,
        "Diluted EPS": 42.831,
        "Basic EPS": 42.831,
        "Diluted NI Availto Com Stockholders": 2470720000.0,
        "Net Income Common Stockholders": 2470720000.0,
        "Net Income": 2470720000.0,
        "Net Income Including Noncontrolling Interests": 2470720000.0,
        "Net Income Continuous Operations": 2470720000.0,
        "Tax Provision": 921550000.0,
        "Pretax Income": 3392270000.0,
        "Other Income Expense": 3350000.0,
        "Other Non Operating Income Expenses": 3350000.0,
        "Net Non Operating Interest Income Expense": -593735000.0,
        "Total Other Finance Cost": 593735000.0,
        "Operating Income": 3982654000.0,
        "Operating Expense": 938978000.0,
        "Other Operating Expenses": 224362000.0,
        "Other Taxes": 714616000.0,
        "Gross Profit": 4921632000.0,
        "Cost Of Revenue": 3573336000.0,
        "Total Revenue": 8494968000.0,
        "Operating Revenue": 8494968000.0
    },
    "2023-12-31": {
        "Tax Effect Of Unusual Items": 0.0,
        "Tax Rate For Calcs": 0.195198,
        "Normalized EBITDA": 5133414000.0,
        "Net Income From Continuing Operation Net Minority Interest": 2110395000.0,
        "Reconciled Depreciation": 686722000.0,
        "Reconciled Cost Of Revenue": 4007576000.0,
        "EBITDA": 5133414000.0,
        "EBIT": 4446692000.0,
        "Net Interest Income": -563680000.0,
        "Normalized Income": 2110395000.0,
        "Net Income From Continuing And Discontinued Operation": 2110395000.0,
        "Total Expenses": 5692587000.0,
        "Total Operating Income As Reported": 3454919000.0,
        "Diluted Average Shares": 50527746.0,
        "Basic Average Shares": 50527746.0,
        "Diluted EPS": 44.67019,
        "Basic EPS": 44.67019,
        "Diluted NI Availto Com Stockholders": 2110395000.0,
        "Net Income Common Stockholders": 2110395000.0,
        "Net Income": 2110395000.0,
        "Net Income Including Noncontrolling Interests": 2257083000.0,
        "Net Income Continuous Operations": 2257083000.0,
        "Tax Provision": 547436000.0,
        "Pretax Income": 2804519000.0,
        "Other Income Expense": 23713000.0,
        "Other Non Operating Income Expenses": 23713000.0,
        "Net Non Operating Interest Income Expense": -563680000.0,
        "Total Other Finance Cost": -1666540000.0,
        "Operating Income": 3439041000.0,
        "Operating Expense": 1685011000.0,
        "Other Operating Expenses": 912832000.0,
        "Other Taxes": 594877000.0,
        "Gross Profit": 5124052000.0,
        "Cost Of Revenue": 4007576000.0,
        "Total Revenue": 9131628000.0,
        "Operating Revenue": 9131628000.0
    },
    "2024-06-30": {
        "Tax Effect Of Unusual Items": 0.0,
        "Tax Rate For Calcs": 0.208913,
        "Normalized EBITDA": 4198126000.0,
        "Net Income From Continuing Operation Net Minority Interest": 2252715000.0,
        "Reconciled Depreciation": 687351000.0,
        "Reconciled Cost Of Revenue": 2876520000.0,
        "EBITDA": 4198126000.0,
        "EBIT": 3510775000.0,
        "Net Interest Income": -663157000.0,
        "Normalized Income": 2252715000.0,
        "Net Income From Continuing And Discontinued Operation": 2252715000.0,
        "Total Expenses": 3748247000.0,
        "Total Operating Income As Reported": 3510775000.0,
        "Diluted Average Shares": 50527746.0,
        "Basic Average Shares": 50527746.0,
        "Diluted EPS": 44.583722,
        "Basic EPS": 44.583722,
        "Diluted NI Availto Com Stockholders": 2252715000.0,
        "Net Income Common Stockholders": 2252715000.0,
        "Net Income": 2252715000.0,
        "Net Income Including Noncontrolling Interests": 2252715000.0,
        "Net Income Continuous Operations": 2252715000.0,
        "Tax Provision": 594903000.0,
        "Pretax Income": 2847618000.0,
        "Other Income Expense": NaN,
        "Other Non Operating Income Expenses": NaN,
        "Net Non Operating Interest Income Expense": -663157000.0,
        "Total Other Finance Cost": 663157000.0,
        "Operating Income": 3510775000.0,
        "Operating Expense": 871727000.0,
        "Other Operating Expenses": 193132000.0,
        "Other Taxes": 678595000.0,
        "Gross Profit": 4382502000.0,
        "Cost Of Revenue": 2876520000.0,
        "Total Revenue": 7259022000.0,
        "Operating Revenue": 7259022000.0
    },
    "2024-09-30": {
        "Tax Effect Of Unusual Items": 0.0,
        "Tax Rate For Calcs": 0.254674,
        "Normalized EBITDA": 4507631000.0,
        "Net Income From Continuing Operation Net Minority Interest": 1982829000.0,
        "Reconciled Depreciation": 787295000.0,
        "Reconciled Cost Of Revenue": 3723687000.0,
        "EBITDA": 4507631000.0,
        "EBIT": 3720336000.0,
        "Net Interest Income": -1059983000.0,
        "Normalized Income": 1982829000.0,
        "Net Income From Continuing And Discontinued Operation": 1982829000.0,
        "Total Expenses": 4512331000.0,
        "Total Operating Income As Reported": 3720336000.0,
        "Diluted Average Shares": 50527746.0,
        "Basic Average Shares": 50527746.0,
        "Diluted EPS": 39.24238,
        "Basic EPS": 39.24238,
        "Diluted NI Availto Com Stockholders": 1982829000.0,
        "Net Income Common Stockholders": 1982829000.0,
        "Net Income": 1982829000.0,
        "Net Income Including Noncontrolling Interests": 1982829000.0,
        "Net Income Continuous Operations": 1982829000.0,
        "Tax Provision": 677524000.0,
        "Pretax Income": 2660353000.0,
        "Other Income Expense": NaN,
        "Other Non Operating Income Expenses": NaN,
        "Net Non Operating Interest Income Expense": -1059983000.0,
        "Total Other Finance Cost": 1059983000.0,
        "Operating Income": 3720336000.0,
        "Operating Expense": 788644000.0,
        "Other Operating Expenses": 190553000.0,
        "Other Taxes": 598091000.0,
        "Gross Profit": 4508980000.0,
        "Cost Of Revenue": 3723687000.0,
        "Total Revenue": 8232667000.0,
        "Operating Revenue": 8232667000.0
    }
}