{
    "2023-03-31": {
        "Tax Effect Of Unusual Items": 0.0,
        "Tax Rate For Calcs": 0.0,
        "Normalized EBITDA": -67613000.0,
        "Total Unusual Items": -12256000.0,
        "Total Unusual Items Excluding Goodwill": -12256000.0,
        "Net Income From Continuing Operation Net Minority Interest": -88015000.0,
        "Reconciled Depreciation": 4516000.0,
        "Reconciled Cost Of Revenue": 24623000.0,
        "EBITDA": -79869000.0,
        "EBIT": -84385000.0,
        "Net Interest Income": -3630000.0,
        "Interest Expense": 3630000.0,
        "Normalized Income": -75759000.0,
        "Net Income From Continuing And Discontinued Operation": -88015000.0,
        "Total Expenses": 117896000.0,
        "Total Operating Income As Reported": -91252000.0,
        "Diluted Average Shares": 242032000.0,
        "Basic Average Shares": 242032000.0,
        "Diluted EPS": -0.36,
        "Basic EPS": -0.36,
        "Diluted NI Availto Com Stockholders": -88015000.0,
        "Net Income Common Stockholders": -88015000.0,
        "Net Income": -88015000.0,
        "Net Income Including Noncontrolling Interests": -88015000.0,
        "Net Income Continuous Operations": -88015000.0,
        "Tax Provision": 0.0,
        "Pretax Income": -88015000.0,
        "Other Income Expense": -5389000.0,
        "Other Non Operating Income Expenses": 6867000.0,
        "Special Income Charges": -12256000.0,
        "Other Special Charges": NaN,
        "Restructuring And Mergern Acquisition": 12256000.0,
        "Net Non Operating Interest Income Expense": -3630000.0,
        "Total Other Finance Cost": 156000.0,
        "Interest Expense Non Operating": 3630000.0,
        "Operating Income": -78996000.0,
        "Operating Expense": 88757000.0,
        "Depreciation Amortization Depletion Income Statement": 0.0,
        "Depreciation And Amortization In Income Statement": 0.0,
        "Amortization": 0.0,
        "Amortization Of Intangibles Income Statement": 0.0,
        "Research And Development": 48939000.0,
        "Selling General And Administration": 39818000.0,
        "Gross Profit": 9761000.0,
        "Cost Of Revenue": 29139000.0,
        "Total Revenue": 38900000.0,
        "Operating Revenue": 38900000.0
    },
    "2022-12-31": {
        "Tax Effect Of Unusual Items": 0.0,
        "Tax Rate For Calcs": 0.0,
        "Normalized EBITDA": -71132000.0,
        "Total Unusual Items": -4598000.0,
        "Total Unusual Items Excluding Goodwill": -4598000.0,
        "Net Income From Continuing Operation Net Minority Interest": -84384000.0,
        "Reconciled Depreciation": 4544000.0,
        "Reconciled Cost Of Revenue": 22213000.0,
        "EBITDA": -75730000.0,
        "EBIT": -80274000.0,
        "Net Interest Income": -3648000.0,
        "Interest Expense": 4110000.0,
        "Normalized Income": -79786000.0,
        "Net Income From Continuing And Discontinued Operation": -84384000.0,
        "Total Expenses": 109839000.0,
        "Total Operating Income As Reported": -87084000.0,
        "Diluted Average Shares": 226241000.0,
        "Basic Average Shares": 226241000.0,
        "Diluted EPS": -0.37,
        "Basic EPS": -0.37,
        "Diluted NI Availto Com Stockholders": -84384000.0,
        "Net Income Common Stockholders": -84384000.0,
        "Net Income": -84384000.0,
        "Net Income Including Noncontrolling Interests": -84384000.0,
        "Net Income Continuous Operations": -84384000.0,
        "Tax Provision": 0.0,
        "Pretax Income": -84384000.0,
        "Other Income Expense": 1750000.0,
        "Other Non Operating Income Expenses": 6348000.0,
        "Special Income Charges": -4598000.0,
        "Other Special Charges": NaN,
        "Restructuring And Mergern Acquisition": 4598000.0,
        "Net Non Operating Interest Income Expense": -3648000.0,
        "Total Other Finance Cost": NaN,
        "Interest Expense Non Operating": 4110000.0,
        "Operating Income": -82486000.0,
        "Operating Expense": 87626000.0,
        "Depreciation Amortization Depletion Income Statement": NaN,
        "Depreciation And Amortization In Income Statement": NaN,
        "Amortization": NaN,
        "Amortization Of Intangibles Income Statement": NaN,
        "Research And Development": 42623000.0,
        "Selling General And Administration": 45003000.0,
        "Gross Profit": 5140000.0,
        "Cost Of Revenue": 22213000.0,
        "Total Revenue": 27353000.0,
        "Operating Revenue": 27353000.0
    },
    "2022-09-30": {
        "Tax Effect Of Unusual Items": NaN,
        "Tax Rate For Calcs": NaN,
        "Normalized EBITDA": NaN,
        "Total Unusual Items": NaN,
        "Total Unusual Items Excluding Goodwill": NaN,
        "Net Income From Continuing Operation Net Minority Interest": NaN,
        "Reconciled Depreciation": NaN,
        "Reconciled Cost Of Revenue": NaN,
        "EBITDA": NaN,
        "EBIT": NaN,
        "Net Interest Income": NaN,
        "Interest Expense": NaN,
        "Normalized Income": NaN,
        "Net Income From Continuing And Discontinued Operation": NaN,
        "Total Expenses": NaN,
        "Total Operating Income As Reported": NaN,
        "Diluted Average Shares": NaN,
        "Basic Average Shares": NaN,
        "Diluted EPS": NaN,
        "Basic EPS": NaN,
        "Diluted NI Availto Com Stockholders": NaN,
        "Net Income Common Stockholders": NaN,
        "Net Income": NaN,
        "Net Income Including Noncontrolling Interests": NaN,
        "Net Income Continuous Operations": NaN,
        "Tax Provision": NaN,
        "Pretax Income": NaN,
        "Other Income Expense": NaN,
        "Other Non Operating Income Expenses": NaN,
        "Special Income Charges": NaN,
        "Other Special Charges": NaN,
        "Restructuring And Mergern Acquisition": NaN,
        "Net Non Operating Interest Income Expense": NaN,
        "Total Other Finance Cost": 154000.0,
        "Interest Expense Non Operating": NaN,
        "Operating Income": NaN,
        "Operating Expense": NaN,
        "Depreciation Amortization Depletion Income Statement": 0.0,
        "Depreciation And Amortization In Income Statement": 0.0,
        "Amortization": 0.0,
        "Amortization Of Intangibles Income Statement": 0.0,
        "Research And Development": NaN,
        "Selling General And Administration": NaN,
        "Gross Profit": NaN,
        "Cost Of Revenue": NaN,
        "Total Revenue": NaN,
        "Operating Revenue": NaN
    },
    "2022-06-30": {
        "Tax Effect Of Unusual Items": 0.0,
        "Tax Rate For Calcs": 0.0,
        "Normalized EBITDA": -73151000.0,
        "Total Unusual Items": 5438000.0,
        "Total Unusual Items Excluding Goodwill": 5438000.0,
        "Net Income From Continuing Operation Net Minority Interest": -71394000.0,
        "Reconciled Depreciation": 4267000.0,
        "Reconciled Cost Of Revenue": 19274000.0,
        "EBITDA": -67713000.0,
        "EBIT": -67713000.0,
        "Net Interest Income": -3681000.0,
        "Interest Expense": 3681000.0,
        "Normalized Income": -76832000.0,
        "Net Income From Continuing And Discontinued Operation": -71394000.0,
        "Total Expenses": 108874000.0,
        "Total Operating Income As Reported": -67969000.0,
        "Diluted Average Shares": 224499000.0,
        "Basic Average Shares": 224499000.0,
        "Diluted EPS": -0.32,
        "Basic EPS": -0.32,
        "Diluted NI Availto Com Stockholders": -71394000.0,
        "Net Income Common Stockholders": -71394000.0,
        "Net Income": -71394000.0,
        "Net Income Including Noncontrolling Interests": -71394000.0,
        "Net Income Continuous Operations": -71394000.0,
        "Tax Provision": 0.0,
        "Pretax Income": -71394000.0,
        "Other Income Expense": 5694000.0,
        "Other Non Operating Income Expenses": 256000.0,
        "Special Income Charges": 5438000.0,
        "Other Special Charges": NaN,
        "Restructuring And Mergern Acquisition": -5438000.0,
        "Net Non Operating Interest Income Expense": -3681000.0,
        "Total Other Finance Cost": NaN,
        "Interest Expense Non Operating": 3681000.0,
        "Operating Income": -73407000.0,
        "Operating Expense": 89600000.0,
        "Research And Development": 50348000.0,
        "Selling General And Administration": 39252000.0,
        "Gross Profit": 16193000.0,
        "Cost Of Revenue": 19274000.0,
        "Total Revenue": 35467000.0,
        "Operating Revenue": 35467000.0
    },
    "2023-06-30": {
        "Tax Effect Of Unusual Items": 0.0,
        "Tax Rate For Calcs": 0.0,
        "Normalized EBITDA": -57562000.0,
        "Total Unusual Items": -4008000.0,
        "Total Unusual Items Excluding Goodwill": -4008000.0,
        "Net Income From Continuing Operation Net Minority Interest": -69833000.0,
        "Reconciled Depreciation": 4864000.0,
        "Reconciled Cost Of Revenue": 32027000.0,
        "EBITDA": -61570000.0,
        "EBIT": -66434000.0,
        "Net Interest Income": -3554000.0,
        "Interest Expense": 3399000.0,
        "Normalized Income": -65825000.0,
        "Net Income From Continuing And Discontinued Operation": -69833000.0,
        "Total Expenses": 118773000.0,
        "Total Operating Income As Reported": -73175000.0,
        "Diluted Average Shares": 250070000.0,
        "Basic Average Shares": 250070000.0,
        "Diluted EPS": -0.28,
        "Basic EPS": -0.28,
        "Diluted NI Availto Com Stockholders": -69833000.0,
        "Net Income Common Stockholders": -69833000.0,
        "Net Income": -69833000.0,
        "Net Income Including Noncontrolling Interests": -69833000.0,
        "Net Income Continuous Operations": -69833000.0,
        "Tax Provision": 0.0,
        "Pretax Income": -69833000.0,
        "Other Income Expense": 4921000.0,
        "Other Non Operating Income Expenses": 8929000.0,
        "Special Income Charges": -4008000.0,
        "Other Special Charges": 2033000.0,
        "Restructuring And Mergern Acquisition": 1975000.0,
        "Net Non Operating Interest Income Expense": -3554000.0,
        "Total Other Finance Cost": 155000.0,
        "Interest Expense Non Operating": 3399000.0,
        "Operating Income": -71200000.0,
        "Operating Expense": 86746000.0,
        "Depreciation Amortization Depletion Income Statement": NaN,
        "Depreciation And Amortization In Income Statement": NaN,
        "Amortization": NaN,
        "Amortization Of Intangibles Income Statement": NaN,
        "Research And Development": 46173000.0,
        "Selling General And Administration": 40573000.0,
        "Gross Profit": 15546000.0,
        "Cost Of Revenue": 32027000.0,
        "Total Revenue": 47573000.0,
        "Operating Revenue": 47573000.0
    },
    "2022-03-31": {
        "Diluted EPS": -0.37,
        "Total Revenue": 33,
        "Gross Profit": 14,
        "Operating Income": -78,
        "EBIT": -72,
        "Net Income": -81
    },
    "2021-12-31": {
        "Diluted EPS": -0.31,
        "Total Revenue": 36,
        "Gross Profit": 17,
        "Operating Income": -65,
        "EBIT": -60,
        "Net Income": -69
    },
    "2021-09-30": {
        "Diluted EPS": 0.08,
        "Total Revenue": 35,
        "Gross Profit": 15,
        "Operating Income": -74,
        "EBIT": -70,
        "Net Income": 17
    },
    "2021-06-30": {
        "Diluted EPS": -0.21,
        "Total Revenue": 31,
        "Gross Profit": 14,
        "Operating Income": -38,
        "EBIT": -34,
        "Net Income": -41
    },
    "2021-03-31": {
        "Diluted EPS": -0.45,
        "Total Revenue": 29,
        "Gross Profit": 13,
        "Operating Income": -34,
        "EBIT": -31,
        "Net Income": -87
    },
    "2020-12-31": {
        "Diluted EPS": 0.45,
        "Total Revenue": 27,
        "Gross Profit": 11,
        "Operating Income": -24,
        "EBIT": -22,
        "Net Income": 75
    },
    "2020-09-30": {
        "Diluted EPS": -0.14,
        "Total Revenue": 19,
        "Gross Profit": 7,
        "Operating Income": -24,
        "EBIT": -22,
        "Net Income": -24
    },
    "2020-06-30": {
        "Diluted EPS": -0.15,
        "Total Revenue": 17,
        "Gross Profit": 7,
        "Operating Income": -24,
        "EBIT": -21,
        "Net Income": -23
    },
    "2020-03-31": {
        "Diluted EPS": 0.01,
        "Total Revenue": 16,
        "Gross Profit": 7,
        "Operating Income": -33,
        "EBIT": -30,
        "Net Income": 1
    },
    "2019-12-31": {
        "Diluted EPS": 0.0,
        "Total Revenue": 28,
        "Gross Profit": 13,
        "Operating Income": -18,
        "EBIT": -15,
        "Net Income": 0
    },
    "2019-09-30": {
        "Diluted EPS": -0.19,
        "Total Revenue": 22,
        "Gross Profit": 7,
        "Operating Income": -28,
        "EBIT": -25,
        "Net Income": -29
    },
    "2019-06-30": {
        "Diluted EPS": -0.16,
        "Total Revenue": 25,
        "Gross Profit": 10,
        "Operating Income": -24,
        "EBIT": -22,
        "Net Income": -25
    },
    "2019-03-31": {
        "Diluted EPS": -0.2,
        "Total Revenue": 16,
        "Gross Profit": 5,
        "Operating Income": -30,
        "EBIT": -28,
        "Net Income": -30
    },
    "2018-12-31": {
        "Diluted EPS": -0.2,
        "Total Revenue": 20,
        "Gross Profit": 6,
        "Operating Income": -31,
        "EBIT": -29,
        "Net Income": -31
    },
    "2018-09-30": {
        "Diluted EPS": -0.19,
        "Total Revenue": 18,
        "Gross Profit": 3,
        "Operating Income": -25,
        "EBIT": -23,
        "Net Income": -25
    },
    "2018-06-30": {
        "Diluted EPS": -0.17,
        "Total Revenue": 22,
        "Gross Profit": 9,
        "Operating Income": -22,
        "EBIT": -20,
        "Net Income": -23
    },
    "2018-03-31": {
        "Diluted EPS": -0.2,
        "Total Revenue": 19,
        "Gross Profit": 7,
        "Operating Income": -24,
        "EBIT": -22,
        "Net Income": -24
    },
    "2017-12-31": {
        "Diluted EPS": -0.16,
        "Total Revenue": 25,
        "Gross Profit": 9,
        "Operating Income": -21,
        "EBIT": -18,
        "Net Income": -21
    },
    "2017-09-30": {
        "Diluted EPS": -0.19,
        "Total Revenue": 24,
        "Gross Profit": 8,
        "Operating Income": -22,
        "EBIT": -19,
        "Net Income": -22
    },
    "2017-06-30": {
        "Diluted EPS": -0.26,
        "Total Revenue": 20,
        "Gross Profit": 8,
        "Operating Income": -24,
        "EBIT": -22,
        "Net Income": -26
    },
    "2017-03-31": {
        "Diluted EPS": -0.26,
        "Total Revenue": 25,
        "Gross Profit": 9,
        "Operating Income": -23,
        "EBIT": -20,
        "Net Income": -24
    },
    "2016-12-31": {
        "Diluted EPS": -0.2,
        "Total Revenue": 26,
        "Gross Profit": 11,
        "Operating Income": -18,
        "EBIT": -17,
        "Net Income": -19
    },
    "2016-09-30": {
        "Diluted EPS": -0.19,
        "Total Revenue": 25,
        "Gross Profit": 13,
        "Operating Income": -17,
        "EBIT": -15,
        "Net Income": -17
    },
    "2016-06-30": {
        "Diluted EPS": -0.21,
        "Total Revenue": 21,
        "Gross Profit": 11,
        "Operating Income": -18,
        "EBIT": -17,
        "Net Income": -18
    },
    "2016-03-31": {
        "Diluted EPS": -0.23,
        "Total Revenue": 19,
        "Gross Profit": 10,
        "Operating Income": -19,
        "EBIT": -17,
        "Net Income": -19
    },
    "2015-12-31": {
        "Diluted EPS": -0.01,
        "Total Revenue": 36,
        "Gross Profit": 26,
        "Operating Income": -1,
        "EBIT": 0,
        "Net Income": -1
    },
    "2015-09-30": {
        "Diluted EPS": 0.02,
        "Total Revenue": 14,
        "Gross Profit": 7,
        "Operating Income": 3,
        "EBIT": 4,
        "Net Income": 2
    },
    "2015-06-30": {
        "Diluted EPS": -0.16,
        "Total Revenue": 25,
        "Gross Profit": 15,
        "Operating Income": -11,
        "EBIT": -10,
        "Net Income": -12
    },
    "2015-03-31": {
        "Diluted EPS": -0.27,
        "Total Revenue": 18,
        "Gross Profit": 6,
        "Operating Income": -19,
        "EBIT": -18,
        "Net Income": -20
    },
    "2014-12-31": {
        "Diluted EPS": -0.26,
        "Total Revenue": 17,
        "Gross Profit": 4,
        "Operating Income": -18,
        "EBIT": -17,
        "Net Income": -19
    },
    "2014-09-30": {
        "Diluted EPS": -0.13,
        "Total Revenue": 21,
        "Gross Profit": 13,
        "Operating Income": -8,
        "EBIT": -7,
        "Net Income": -9
    },
    "2014-06-30": {
        "Diluted EPS": -0.27,
        "Total Revenue": 11,
        "Gross Profit": 3,
        "Operating Income": -18,
        "EBIT": -17,
        "Net Income": -19
    },
    "2014-03-31": {
        "Diluted EPS": -0.28,
        "Total Revenue": 12,
        "Gross Profit": 3,
        "Operating Income": -18,
        "EBIT": -17,
        "Net Income": -19
    },
    "2013-12-31": {
        "Diluted EPS": -0.25,
        "Total Revenue": 9,
        "Gross Profit": 3,
        "Operating Income": -17,
        "EBIT": -15,
        "Net Income": -17
    },
    "2013-09-30": {
        "Diluted EPS": -0.31,
        "Total Revenue": 7,
        "Gross Profit": 1,
        "Operating Income": -20,
        "EBIT": -18,
        "Net Income": -20
    },
    "2013-06-30": {
        "Diluted EPS": -0.33,
        "Total Revenue": 6,
        "Gross Profit": 1,
        "Operating Income": -20,
        "EBIT": -18,
        "Net Income": -20
    },
    "2013-03-31": {
        "Diluted EPS": -0.37,
        "Total Revenue": 6,
        "Gross Profit": 1,
        "Operating Income": -21,
        "EBIT": -19,
        "Net Income": -21
    },
    "2012-12-31": {
        "Diluted EPS": -0.38,
        "Total Revenue": 6,
        "Gross Profit": 1,
        "Operating Income": -22,
        "EBIT": -20,
        "Net Income": -22
    },
    "2012-09-30": {
        "Diluted EPS": -0.41,
        "Total Revenue": 3,
        "Gross Profit": 0,
        "Operating Income": -23,
        "EBIT": -21,
        "Net Income": -23
    },
    "2012-06-30": {
        "Diluted EPS": -0.4,
        "Total Revenue": 7,
        "Gross Profit": 0,
        "Operating Income": -23,
        "EBIT": -21,
        "Net Income": -22
    },
    "2012-03-31": {
        "Diluted EPS": -0.5,
        "Total Revenue": 10,
        "Gross Profit": 0,
        "Operating Income": -28,
        "EBIT": -26,
        "Net Income": -28
    },
    "2011-12-31": {
        "Diluted EPS": -0.41,
        "Total Revenue": 12,
        "Gross Profit": 2,
        "Operating Income": -23,
        "EBIT": -21,
        "Net Income": -23
    },
    "2011-09-30": {
        "Diluted EPS": -0.54,
        "Total Revenue": 11,
        "Gross Profit": 3,
        "Operating Income": -29,
        "EBIT": -28,
        "Net Income": -29
    },
    "2011-06-30": {
        "Diluted EPS": -0.42,
        "Total Revenue": 11,
        "Gross Profit": 8,
        "Operating Income": -23,
        "EBIT": -21,
        "Net Income": -22
    },
    "2011-03-31": {
        "Diluted EPS": -0.66,
        "Total Revenue": 0,
        "Gross Profit": 0,
        "Operating Income": -35,
        "EBIT": -33,
        "Net Income": -35
    },
    "2010-12-31": {
        "Diluted EPS": 125.77,
        "Total Revenue": 0,
        "Gross Profit": 0,
        "Operating Income": -37,
        "EBIT": -35,
        "Net Income": -36
    },
    "2010-09-30": {
        "Diluted EPS": -39.7,
        "Total Revenue": 0,
        "Gross Profit": 0,
        "Operating Income": -41,
        "EBIT": -39,
        "Net Income": -41
    },
    "2010-06-30": {
        "Diluted EPS": -51.2,
        "Total Revenue": 1,
        "Gross Profit": 1,
        "Operating Income": -33,
        "EBIT": -31,
        "Net Income": -33
    },
    "2010-03-31": {
        "Diluted EPS": -48.97,
        "Total Revenue": 1,
        "Gross Profit": 1,
        "Operating Income": -30,
        "EBIT": -29,
        "Net Income": -30
    },
    "2009-12-31": {
        "Diluted EPS": 0.0,
        "Total Revenue": NaN,
        "Gross Profit": NaN,
        "Operating Income": NaN,
        "EBIT": NaN,
        "Net Income": NaN
    },
    "2009-09-30": {
        "Diluted EPS": -46.74,
        "Total Revenue": NaN,
        "Gross Profit": NaN,
        "Operating Income": -25,
        "EBIT": -25,
        "Net Income": -25
    },
    "2023-09-30": {
        "Tax Effect Of Unusual Items": -1201776.964228,
        "Tax Rate For Calcs": 0.138008,
        "Normalized EBITDA": -59824000.0,
        "Total Unusual Items": -8708000.0,
        "Total Unusual Items Excluding Goodwill": -8708000.0,
        "Net Income From Continuing Operation Net Minority Interest": -66869000.0,
        "Reconciled Depreciation": 5455000.0,
        "Reconciled Cost Of Revenue": 33075000.0,
        "EBITDA": -68532000.0,
        "EBIT": -73987000.0,
        "Net Interest Income": -3588000.0,
        "Interest Expense": 3588000.0,
        "Normalized Income": -59362776.964228,
        "Net Income From Continuing And Discontinued Operation": -66869000.0,
        "Total Expenses": 129475000.0,
        "Total Operating Income As Reported": -82492000.0,
        "Diluted Average Shares": 255001000.0,
        "Basic Average Shares": 255001000.0,
        "Diluted EPS": -0.26,
        "Basic EPS": -0.26,
        "Diluted NI Availto Com Stockholders": -66869000.0,
        "Net Income Common Stockholders": -66869000.0,
        "Net Income": -66869000.0,
        "Net Income Including Noncontrolling Interests": -66869000.0,
        "Net Income Continuous Operations": -66869000.0,
        "Tax Provision": -10706000.0,
        "Pretax Income": -77575000.0,
        "Other Income Expense": -203000.0,
        "Other Non Operating Income Expenses": 8505000.0,
        "Special Income Charges": -8708000.0,
        "Other Special Charges": NaN,
        "Restructuring And Mergern Acquisition": 8708000.0,
        "Net Non Operating Interest Income Expense": -3588000.0,
        "Total Other Finance Cost": NaN,
        "Interest Expense Non Operating": 3588000.0,
        "Operating Income": -73784000.0,
        "Operating Expense": 91686000.0,
        "Depreciation Amortization Depletion Income Statement": 741000.0,
        "Depreciation And Amortization In Income Statement": 741000.0,
        "Amortization": 741000.0,
        "Amortization Of Intangibles Income Statement": 741000.0,
        "Research And Development": 47514000.0,
        "Selling General And Administration": 43431000.0,
        "Gross Profit": 17902000.0,
        "Cost Of Revenue": 37789000.0,
        "Total Revenue": 55691000.0,
        "Operating Revenue": 55691000.0
    },
    "2023-12-31": {
        "Tax Effect Of Unusual Items": -10092.752852,
        "Tax Rate For Calcs": 0.008678,
        "Normalized EBITDA": -66303000.0,
        "Total Unusual Items": -1163000.0,
        "Total Unusual Items Excluding Goodwill": -1163000.0,
        "Net Income From Continuing Operation Net Minority Interest": -82018000.0,
        "Reconciled Depreciation": 11699000.0,
        "Reconciled Cost Of Revenue": 42503000.0,
        "EBITDA": -67466000.0,
        "EBIT": -79165000.0,
        "Net Interest Income": -3571000.0,
        "Interest Expense": 3571000.0,
        "Normalized Income": -80865092.752852,
        "Net Income From Continuing And Discontinued Operation": -82018000.0,
        "Total Expenses": 144742000.0,
        "Total Operating Income As Reported": -87548000.0,
        "Diluted Average Shares": 267121000.0,
        "Basic Average Shares": 267121000.0,
        "Diluted EPS": -0.31,
        "Basic EPS": -0.31,
        "Diluted NI Availto Com Stockholders": -82018000.0,
        "Net Income Common Stockholders": -82018000.0,
        "Net Income": -82018000.0,
        "Net Income Including Noncontrolling Interests": -82018000.0,
        "Net Income Continuous Operations": -82018000.0,
        "Tax Provision": -718000.0,
        "Pretax Income": -82736000.0,
        "Other Income Expense": 7220000.0,
        "Other Non Operating Income Expenses": 8383000.0,
        "Special Income Charges": -1163000.0,
        "Other Special Charges": 0.0,
        "Restructuring And Mergern Acquisition": 1163000.0,
        "Net Non Operating Interest Income Expense": -3571000.0,
        "Total Other Finance Cost": NaN,
        "Interest Expense Non Operating": 3571000.0,
        "Operating Income": -86385000.0,
        "Operating Expense": 95956000.0,
        "Depreciation Amortization Depletion Income Statement": 5416000.0,
        "Depreciation And Amortization In Income Statement": 5416000.0,
        "Amortization": 5416000.0,
        "Amortization Of Intangibles Income Statement": 5416000.0,
        "Research And Development": 44544000.0,
        "Selling General And Administration": 45996000.0,
        "Gross Profit": 9571000.0,
        "Cost Of Revenue": 48786000.0,
        "Total Revenue": 58357000.0,
        "Operating Revenue": 58357000.0
    },
    "2024-03-31": {
        "Tax Effect Of Unusual Items": 0.0,
        "Tax Rate For Calcs": 0.0,
        "Normalized EBITDA": -62659000.0,
        "Total Unusual Items": 70000.0,
        "Total Unusual Items Excluding Goodwill": 70000.0,
        "Net Income From Continuing Operation Net Minority Interest": -78178000.0,
        "Reconciled Depreciation": 12014000.0,
        "Reconciled Cost Of Revenue": 21020000.0,
        "EBITDA": -62589000.0,
        "EBIT": -74603000.0,
        "Net Interest Income": -3575000.0,
        "Interest Expense": 3575000.0,
        "Normalized Income": -78248000.0,
        "Net Income From Continuing And Discontinued Operation": -78178000.0,
        "Total Expenses": 120242000.0,
        "Total Operating Income As Reported": -81362000.0,
        "Diluted Average Shares": 269578000.0,
        "Basic Average Shares": 269578000.0,
        "Diluted EPS": -0.29,
        "Basic EPS": -0.29,
        "Diluted NI Availto Com Stockholders": -78178000.0,
        "Net Income Common Stockholders": -78178000.0,
        "Net Income": -78178000.0,
        "Net Income Including Noncontrolling Interests": -78178000.0,
        "Net Income Continuous Operations": -78178000.0,
        "Tax Provision": 0.0,
        "Pretax Income": -78178000.0,
        "Other Income Expense": 6829000.0,
        "Other Non Operating Income Expenses": 6759000.0,
        "Special Income Charges": 70000.0,
        "Other Special Charges": NaN,
        "Restructuring And Mergern Acquisition": -70000.0,
        "Net Non Operating Interest Income Expense": -3575000.0,
        "Total Other Finance Cost": NaN,
        "Interest Expense Non Operating": 3575000.0,
        "Operating Income": -81432000.0,
        "Operating Expense": 92714000.0,
        "Depreciation Amortization Depletion Income Statement": 5506000.0,
        "Depreciation And Amortization In Income Statement": 5506000.0,
        "Amortization": 5506000.0,
        "Amortization Of Intangibles Income Statement": 5506000.0,
        "Research And Development": 43455000.0,
        "Selling General And Administration": 43753000.0,
        "Gross Profit": 11282000.0,
        "Cost Of Revenue": 27528000.0,
        "Total Revenue": 38810000.0,
        "Operating Revenue": 38810000.0
    }
}