{
    "2023-03-31": {
        "Tax Effect Of Unusual Items": NaN,
        "Tax Rate For Calcs": NaN,
        "Normalized EBITDA": NaN,
        "Total Unusual Items": NaN,
        "Total Unusual Items Excluding Goodwill": NaN,
        "Net Income From Continuing Operation Net Minority Interest": NaN,
        "Reconciled Depreciation": NaN,
        "Reconciled Cost Of Revenue": NaN,
        "EBITDA": NaN,
        "EBIT": NaN,
        "Net Interest Income": NaN,
        "Interest Expense": NaN,
        "Normalized Income": NaN,
        "Net Income From Continuing And Discontinued Operation": NaN,
        "Total Expenses": NaN,
        "Total Operating Income As Reported": NaN,
        "Diluted Average Shares": 82136793.0,
        "Basic Average Shares": 82136793.0,
        "Diluted EPS": -0.15,
        "Basic EPS": -0.15,
        "Diluted NI Availto Com Stockholders": NaN,
        "Net Income Common Stockholders": NaN,
        "Net Income": NaN,
        "Net Income Including Noncontrolling Interests": NaN,
        "Net Income Continuous Operations": NaN,
        "Tax Provision": NaN,
        "Pretax Income": NaN,
        "Other Income Expense": NaN,
        "Other Non Operating Income Expenses": NaN,
        "Gain On Sale Of Security": NaN,
        "Net Non Operating Interest Income Expense": NaN,
        "Interest Expense Non Operating": NaN,
        "Operating Income": NaN,
        "Operating Expense": NaN,
        "Other Operating Expenses": NaN,
        "Depreciation Amortization Depletion Income Statement": NaN,
        "Depreciation And Amortization In Income Statement": NaN,
        "Selling General And Administration": NaN,
        "Gross Profit": NaN,
        "Cost Of Revenue": NaN,
        "Total Revenue": NaN,
        "Operating Revenue": NaN
    },
    "2022-12-31": {
        "Tax Effect Of Unusual Items": NaN,
        "Tax Rate For Calcs": NaN,
        "Normalized EBITDA": NaN,
        "Total Unusual Items": NaN,
        "Total Unusual Items Excluding Goodwill": NaN,
        "Net Income From Continuing Operation Net Minority Interest": NaN,
        "Reconciled Depreciation": NaN,
        "Reconciled Cost Of Revenue": NaN,
        "EBITDA": NaN,
        "EBIT": NaN,
        "Net Interest Income": NaN,
        "Interest Expense": NaN,
        "Normalized Income": NaN,
        "Net Income From Continuing And Discontinued Operation": NaN,
        "Total Expenses": NaN,
        "Total Operating Income As Reported": NaN,
        "Diluted Average Shares": NaN,
        "Basic Average Shares": NaN,
        "Diluted EPS": NaN,
        "Basic EPS": NaN,
        "Diluted NI Availto Com Stockholders": NaN,
        "Net Income Common Stockholders": NaN,
        "Net Income": NaN,
        "Net Income Including Noncontrolling Interests": NaN,
        "Net Income Continuous Operations": NaN,
        "Tax Provision": NaN,
        "Pretax Income": NaN,
        "Other Income Expense": NaN,
        "Other Non Operating Income Expenses": 300000.0,
        "Gain On Sale Of Security": NaN,
        "Net Non Operating Interest Income Expense": NaN,
        "Interest Expense Non Operating": NaN,
        "Operating Income": NaN,
        "Operating Expense": NaN,
        "Other Operating Expenses": NaN,
        "Depreciation Amortization Depletion Income Statement": NaN,
        "Depreciation And Amortization In Income Statement": NaN,
        "Selling General And Administration": NaN,
        "Gross Profit": NaN,
        "Cost Of Revenue": NaN,
        "Total Revenue": NaN,
        "Operating Revenue": NaN
    },
    "2022-09-30": {
        "Tax Effect Of Unusual Items": NaN,
        "Tax Rate For Calcs": NaN,
        "Normalized EBITDA": NaN,
        "Total Unusual Items": NaN,
        "Total Unusual Items Excluding Goodwill": NaN,
        "Net Income From Continuing Operation Net Minority Interest": NaN,
        "Reconciled Depreciation": NaN,
        "Reconciled Cost Of Revenue": NaN,
        "EBITDA": NaN,
        "EBIT": NaN,
        "Net Interest Income": NaN,
        "Interest Expense": NaN,
        "Normalized Income": NaN,
        "Net Income From Continuing And Discontinued Operation": NaN,
        "Total Expenses": NaN,
        "Total Operating Income As Reported": NaN,
        "Diluted Average Shares": 81979986.0,
        "Basic Average Shares": 81979986.0,
        "Diluted EPS": -0.11,
        "Basic EPS": -0.11,
        "Diluted NI Availto Com Stockholders": NaN,
        "Net Income Common Stockholders": NaN,
        "Net Income": NaN,
        "Net Income Including Noncontrolling Interests": NaN,
        "Net Income Continuous Operations": NaN,
        "Tax Provision": NaN,
        "Pretax Income": NaN,
        "Other Income Expense": NaN,
        "Other Non Operating Income Expenses": NaN,
        "Gain On Sale Of Security": NaN,
        "Net Non Operating Interest Income Expense": NaN,
        "Interest Expense Non Operating": NaN,
        "Operating Income": NaN,
        "Operating Expense": NaN,
        "Other Operating Expenses": NaN,
        "Depreciation Amortization Depletion Income Statement": NaN,
        "Depreciation And Amortization In Income Statement": NaN,
        "Selling General And Administration": NaN,
        "Gross Profit": NaN,
        "Cost Of Revenue": NaN,
        "Total Revenue": NaN,
        "Operating Revenue": NaN
    },
    "2022-06-30": {
        "Tax Effect Of Unusual Items": 439300.0,
        "Tax Rate For Calcs": 0.191,
        "Normalized EBITDA": 6400000.0,
        "Total Unusual Items": 2300000.0,
        "Total Unusual Items Excluding Goodwill": 2300000.0,
        "Net Income From Continuing Operation Net Minority Interest": -11300000.0,
        "Reconciled Depreciation": 17800000.0,
        "Reconciled Cost Of Revenue": 48700000.0,
        "EBITDA": 8700000.0,
        "EBIT": -9100000.0,
        "Net Interest Income": -4900000.0,
        "Interest Expense": 4900000.0,
        "Normalized Income": -13160700.0,
        "Net Income From Continuing And Discontinued Operation": -11300000.0,
        "Total Expenses": 98200000.0,
        "Total Operating Income As Reported": -11400000.0,
        "Diluted Average Shares": 81943235.0,
        "Basic Average Shares": 81943235.0,
        "Diluted EPS": -0.14,
        "Basic EPS": -0.14,
        "Diluted NI Availto Com Stockholders": -11300000.0,
        "Net Income Common Stockholders": -11300000.0,
        "Net Income": -11300000.0,
        "Net Income Including Noncontrolling Interests": -11300000.0,
        "Net Income Continuous Operations": -11300000.0,
        "Tax Provision": -2700000.0,
        "Pretax Income": -14000000.0,
        "Other Income Expense": 2300000.0,
        "Other Non Operating Income Expenses": NaN,
        "Gain On Sale Of Security": 2300000.0,
        "Net Non Operating Interest Income Expense": -4900000.0,
        "Interest Expense Non Operating": 4900000.0,
        "Operating Income": -11400000.0,
        "Operating Expense": 39700000.0,
        "Other Operating Expenses": 1400000.0,
        "Depreciation Amortization Depletion Income Statement": 8000000.0,
        "Depreciation And Amortization In Income Statement": 8000000.0,
        "Selling General And Administration": 30300000.0,
        "Gross Profit": 28300000.0,
        "Cost Of Revenue": 58500000.0,
        "Total Revenue": 86800000.0,
        "Operating Revenue": 82700000.0
    },
    "2022-03-31": {
        "Diluted EPS": -0.17,
        "Total Revenue": 83,
        "Gross Profit": 25,
        "Operating Income": -14,
        "EBIT": 14,
        "Net Income": -14
    },
    "2021-12-31": {
        "Diluted EPS": -0.03,
        "Total Revenue": 109,
        "Gross Profit": 39,
        "Operating Income": 1,
        "EBIT": 29,
        "Net Income": -3
    },
    "2021-09-30": {
        "Diluted EPS": -0.02,
        "Total Revenue": 97,
        "Gross Profit": 38,
        "Operating Income": 2,
        "EBIT": 28,
        "Net Income": -1
    },
    "2021-06-30": {
        "Diluted EPS": -0.07,
        "Total Revenue": 90,
        "Gross Profit": 36,
        "Operating Income": 1,
        "EBIT": 24,
        "Net Income": -5
    },
    "2021-03-31": {
        "Diluted EPS": 0.08,
        "Total Revenue": 88,
        "Gross Profit": 36,
        "Operating Income": 8,
        "EBIT": 29,
        "Net Income": 6
    },
    "2020-12-31": {
        "Diluted EPS": -0.07,
        "Total Revenue": 92,
        "Gross Profit": 39,
        "Operating Income": 12,
        "EBIT": 30,
        "Net Income": -5
    },
    "2020-09-30": {
        "Diluted EPS": -0.08,
        "Total Revenue": 77,
        "Gross Profit": 30,
        "Operating Income": 3,
        "EBIT": 20,
        "Net Income": -6
    },
    "2020-06-30": {
        "Diluted EPS": -0.12,
        "Total Revenue": 66,
        "Gross Profit": 27,
        "Operating Income": -2,
        "EBIT": 15,
        "Net Income": -9
    },
    "2020-03-31": {
        "Diluted EPS": -0.05,
        "Total Revenue": 63,
        "Gross Profit": 27,
        "Operating Income": -1,
        "EBIT": 17,
        "Net Income": -4
    },
    "2019-12-31": {
        "Diluted EPS": NaN,
        "Total Revenue": 78,
        "Gross Profit": 33,
        "Operating Income": 12,
        "EBIT": 26,
        "Net Income": -3
    },
    "2019-09-30": {
        "Diluted EPS": -0.03,
        "Total Revenue": 69,
        "Gross Profit": 30,
        "Operating Income": 1,
        "EBIT": 19,
        "Net Income": -2
    },
    "2019-06-30": {
        "Diluted EPS": NaN,
        "Total Revenue": 57,
        "Gross Profit": 20,
        "Operating Income": -13,
        "EBIT": 9,
        "Net Income": -28
    },
    "2019-03-31": {
        "Diluted EPS": NaN,
        "Total Revenue": 66,
        "Gross Profit": 28,
        "Operating Income": 2,
        "EBIT": 19,
        "Net Income": -3
    },
    "2018-12-31": {
        "Diluted EPS": NaN,
        "Total Revenue": 138,
        "Gross Profit": 59,
        "Operating Income": 5,
        "EBIT": 22,
        "Net Income": -11
    },
    "2018-09-30": {
        "Diluted EPS": 279.43,
        "Total Revenue": 65,
        "Gross Profit": 27,
        "Operating Income": 2,
        "EBIT": 19,
        "Net Income": 0
    },
    "2018-06-30": {
        "Diluted EPS": NaN,
        "Total Revenue": 65,
        "Gross Profit": 28,
        "Operating Income": 4,
        "EBIT": 4,
        "Net Income": 2
    },
    "2018-03-31": {
        "Diluted EPS": 0.02,
        "Total Revenue": NaN,
        "Gross Profit": NaN,
        "Operating Income": 0,
        "EBIT": 0,
        "Net Income": 1
    },
    "2017-12-31": {
        "Diluted EPS": 0.0,
        "Total Revenue": NaN,
        "Gross Profit": NaN,
        "Operating Income": NaN,
        "EBIT": NaN,
        "Net Income": NaN
    },
    "2017-09-30": {
        "Diluted EPS": -0.0,
        "Total Revenue": NaN,
        "Gross Profit": NaN,
        "Operating Income": 0,
        "EBIT": 0,
        "Net Income": 0
    },
    "2017-06-30": {
        "Diluted EPS": 0.04,
        "Total Revenue": NaN,
        "Gross Profit": NaN,
        "Operating Income": 0,
        "EBIT": 0,
        "Net Income": 2
    },
    "2023-06-30": {
        "Tax Effect Of Unusual Items": NaN,
        "Tax Rate For Calcs": NaN,
        "Normalized EBITDA": NaN,
        "Total Unusual Items": NaN,
        "Total Unusual Items Excluding Goodwill": NaN,
        "Net Income From Continuing Operation Net Minority Interest": NaN,
        "Reconciled Depreciation": NaN,
        "Reconciled Cost Of Revenue": NaN,
        "EBITDA": NaN,
        "EBIT": NaN,
        "Net Interest Income": NaN,
        "Interest Expense": NaN,
        "Normalized Income": NaN,
        "Net Income From Continuing And Discontinued Operation": NaN,
        "Total Expenses": NaN,
        "Total Operating Income As Reported": NaN,
        "Diluted Average Shares": 82432158.0,
        "Basic Average Shares": 82432158.0,
        "Diluted EPS": -0.03,
        "Basic EPS": -0.03,
        "Diluted NI Availto Com Stockholders": NaN,
        "Net Income Common Stockholders": NaN,
        "Net Income": NaN,
        "Net Income Including Noncontrolling Interests": NaN,
        "Net Income Continuous Operations": NaN,
        "Tax Provision": NaN,
        "Pretax Income": NaN,
        "Other Income Expense": NaN,
        "Other Non Operating Income Expenses": 400000.0,
        "Gain On Sale Of Security": NaN,
        "Net Non Operating Interest Income Expense": NaN,
        "Interest Expense Non Operating": NaN,
        "Operating Income": NaN,
        "Operating Expense": NaN,
        "Other Operating Expenses": NaN,
        "Depreciation Amortization Depletion Income Statement": NaN,
        "Depreciation And Amortization In Income Statement": NaN,
        "Selling General And Administration": NaN,
        "Gross Profit": NaN,
        "Cost Of Revenue": NaN,
        "Total Revenue": NaN,
        "Operating Revenue": NaN
    },
    "2023-09-30": {
        "Tax Effect Of Unusual Items": 175000.0,
        "Tax Rate For Calcs": 0.25,
        "Normalized EBITDA": 18800000.0,
        "Total Unusual Items": 700000.0,
        "Total Unusual Items Excluding Goodwill": 700000.0,
        "Net Income From Continuing Operation Net Minority Interest": -3300000.0,
        "Reconciled Depreciation": 17100000.0,
        "Reconciled Cost Of Revenue": 42300000.0,
        "EBITDA": 19500000.0,
        "EBIT": 2400000.0,
        "Net Interest Income": -6800000.0,
        "Interest Expense": 6800000.0,
        "Normalized Income": -3825000.0,
        "Net Income From Continuing And Discontinued Operation": -3300000.0,
        "Total Expenses": 81200000.0,
        "Total Operating Income As Reported": 1600000.0,
        "Diluted Average Shares": 82322957.0,
        "Basic Average Shares": 82322957.0,
        "Diluted EPS": -0.04,
        "Basic EPS": -0.04,
        "Diluted NI Availto Com Stockholders": -3300000.0,
        "Net Income Common Stockholders": -3300000.0,
        "Net Income": -3300000.0,
        "Net Income Including Noncontrolling Interests": -3300000.0,
        "Net Income Continuous Operations": -3300000.0,
        "Tax Provision": -1100000.0,
        "Pretax Income": -4400000.0,
        "Other Income Expense": 800000.0,
        "Other Non Operating Income Expenses": 100000.0,
        "Gain On Sale Of Security": 700000.0,
        "Net Non Operating Interest Income Expense": -6800000.0,
        "Interest Expense Non Operating": 6800000.0,
        "Operating Income": 1600000.0,
        "Operating Expense": 29900000.0,
        "Other Operating Expenses": 900000.0,
        "Depreciation Amortization Depletion Income Statement": 8100000.0,
        "Depreciation And Amortization In Income Statement": 8100000.0,
        "Selling General And Administration": 20900000.0,
        "Gross Profit": 31500000.0,
        "Cost Of Revenue": 51300000.0,
        "Total Revenue": 82800000.0,
        "Operating Revenue": 78000000.0
    },
    "2023-12-31": {
        "Tax Effect Of Unusual Items": 61320.754717,
        "Tax Rate For Calcs": 0.122642,
        "Normalized EBITDA": 15800000.0,
        "Total Unusual Items": 500000.0,
        "Total Unusual Items Excluding Goodwill": 500000.0,
        "Net Income From Continuing Operation Net Minority Interest": -9300000.0,
        "Reconciled Depreciation": 21000000.0,
        "Reconciled Cost Of Revenue": 44900000.0,
        "EBITDA": 16300000.0,
        "EBIT": -4700000.0,
        "Net Interest Income": -5900000.0,
        "Interest Expense": 5900000.0,
        "Normalized Income": -9738679.245283,
        "Net Income From Continuing And Discontinued Operation": -9300000.0,
        "Total Expenses": 95000000.0,
        "Total Operating Income As Reported": -4600000.0,
        "Diluted Average Shares": NaN,
        "Basic Average Shares": NaN,
        "Diluted EPS": NaN,
        "Basic EPS": NaN,
        "Diluted NI Availto Com Stockholders": -9300000.0,
        "Net Income Common Stockholders": -9300000.0,
        "Net Income": -9300000.0,
        "Net Income Including Noncontrolling Interests": -9300000.0,
        "Net Income Continuous Operations": -9300000.0,
        "Tax Provision": -1300000.0,
        "Pretax Income": -10600000.0,
        "Other Income Expense": -100000.0,
        "Other Non Operating Income Expenses": -600000.0,
        "Gain On Sale Of Security": 500000.0,
        "Net Non Operating Interest Income Expense": -5900000.0,
        "Interest Expense Non Operating": 5900000.0,
        "Operating Income": -4600000.0,
        "Operating Expense": 38700000.0,
        "Other Operating Expenses": 1700000.0,
        "Depreciation Amortization Depletion Income Statement": 9600000.0,
        "Depreciation And Amortization In Income Statement": 9600000.0,
        "Selling General And Administration": 27400000.0,
        "Gross Profit": 34100000.0,
        "Cost Of Revenue": 56300000.0,
        "Total Revenue": 90400000.0,
        "Operating Revenue": 84600000.0
    },
    "2024-03-31": {
        "Tax Effect Of Unusual Items": 221200.0,
        "Tax Rate For Calcs": 0.158,
        "Normalized EBITDA": 14900000.0,
        "Total Unusual Items": 1400000.0,
        "Total Unusual Items Excluding Goodwill": 1400000.0,
        "Net Income From Continuing Operation Net Minority Interest": -8100000.0,
        "Reconciled Depreciation": 19700000.0,
        "Reconciled Cost Of Revenue": 41700000.0,
        "EBITDA": 16300000.0,
        "EBIT": -3400000.0,
        "Net Interest Income": -6200000.0,
        "Interest Expense": 6200000.0,
        "Normalized Income": -9278800.0,
        "Net Income From Continuing And Discontinued Operation": -8100000.0,
        "Total Expenses": 90100000.0,
        "Total Operating Income As Reported": -4800000.0,
        "Diluted Average Shares": 82682308.0,
        "Basic Average Shares": 82682308.0,
        "Diluted EPS": -0.1,
        "Basic EPS": -0.1,
        "Diluted NI Availto Com Stockholders": -8100000.0,
        "Net Income Common Stockholders": -8100000.0,
        "Net Income": -8100000.0,
        "Net Income Including Noncontrolling Interests": -8100000.0,
        "Net Income Continuous Operations": -8100000.0,
        "Tax Provision": -1500000.0,
        "Pretax Income": -9600000.0,
        "Other Income Expense": 1400000.0,
        "Other Non Operating Income Expenses": NaN,
        "Gain On Sale Of Security": 1400000.0,
        "Net Non Operating Interest Income Expense": -6200000.0,
        "Interest Expense Non Operating": 6200000.0,
        "Operating Income": -4800000.0,
        "Operating Expense": 37100000.0,
        "Other Operating Expenses": 800000.0,
        "Depreciation Amortization Depletion Income Statement": 8400000.0,
        "Depreciation And Amortization In Income Statement": 8400000.0,
        "Selling General And Administration": 27900000.0,
        "Gross Profit": 32300000.0,
        "Cost Of Revenue": 53000000.0,
        "Total Revenue": 85300000.0,
        "Operating Revenue": 79000000.0
    },
    "2024-06-30": {
        "Tax Effect Of Unusual Items": -24800.0,
        "Tax Rate For Calcs": 0.248,
        "Normalized EBITDA": 30300000.0,
        "Total Unusual Items": -100000.0,
        "Total Unusual Items Excluding Goodwill": -100000.0,
        "Net Income From Continuing Operation Net Minority Interest": 5500000.0,
        "Reconciled Depreciation": 17600000.0,
        "Reconciled Cost Of Revenue": 45400000.0,
        "EBITDA": 30200000.0,
        "EBIT": 12600000.0,
        "Net Interest Income": -5300000.0,
        "Interest Expense": 5300000.0,
        "Normalized Income": 5575200.0,
        "Net Income From Continuing And Discontinued Operation": 5500000.0,
        "Total Expenses": 91600000.0,
        "Total Operating Income As Reported": -5200000.0,
        "Diluted Average Shares": 83123636.0,
        "Basic Average Shares": 83071520.0,
        "Diluted EPS": 0.07,
        "Basic EPS": 0.07,
        "Diluted NI Availto Com Stockholders": 5500000.0,
        "Net Income Common Stockholders": 5500000.0,
        "Net Income": 5500000.0,
        "Net Income Including Noncontrolling Interests": 5500000.0,
        "Net Income Continuous Operations": 5500000.0,
        "Tax Provision": 1800000.0,
        "Pretax Income": 7300000.0,
        "Other Income Expense": 17800000.0,
        "Other Non Operating Income Expenses": 17900000.0,
        "Gain On Sale Of Security": -100000.0,
        "Net Non Operating Interest Income Expense": -5300000.0,
        "Interest Expense Non Operating": 5300000.0,
        "Operating Income": -5200000.0,
        "Operating Expense": 36900000.0,
        "Other Operating Expenses": 1300000.0,
        "Depreciation Amortization Depletion Income Statement": 8300000.0,
        "Depreciation And Amortization In Income Statement": 8300000.0,
        "Selling General And Administration": 27300000.0,
        "Gross Profit": 31700000.0,
        "Cost Of Revenue": 54700000.0,
        "Total Revenue": 86400000.0,
        "Operating Revenue": 81100000.0
    },
    "2024-09-30": {
        "Tax Effect Of Unusual Items": -47169.811321,
        "Tax Rate For Calcs": 0.235849,
        "Normalized EBITDA": 13600000.0,
        "Total Unusual Items": -200000.0,
        "Total Unusual Items Excluding Goodwill": -200000.0,
        "Net Income From Continuing Operation Net Minority Interest": -8100000.0,
        "Reconciled Depreciation": 14700000.0,
        "Reconciled Cost Of Revenue": 51300000.0,
        "EBITDA": 13400000.0,
        "EBIT": -1300000.0,
        "Net Interest Income": -9300000.0,
        "Interest Expense": 9300000.0,
        "Normalized Income": -7947169.811321,
        "Net Income From Continuing And Discontinued Operation": -8100000.0,
        "Total Expenses": 96400000.0,
        "Total Operating Income As Reported": -4200000.0,
        "Diluted Average Shares": NaN,
        "Basic Average Shares": NaN,
        "Diluted EPS": NaN,
        "Basic EPS": NaN,
        "Diluted NI Availto Com Stockholders": -8100000.0,
        "Net Income Common Stockholders": -8100000.0,
        "Net Income": -8100000.0,
        "Net Income Including Noncontrolling Interests": -8100000.0,
        "Net Income Continuous Operations": -8100000.0,
        "Tax Provision": -2500000.0,
        "Pretax Income": -10600000.0,
        "Other Income Expense": 2900000.0,
        "Other Non Operating Income Expenses": 3100000.0,
        "Gain On Sale Of Security": -200000.0,
        "Net Non Operating Interest Income Expense": -9300000.0,
        "Interest Expense Non Operating": 9300000.0,
        "Operating Income": -4200000.0,
        "Operating Expense": 38600000.0,
        "Other Operating Expenses": 1600000.0,
        "Depreciation Amortization Depletion Income Statement": 8200000.0,
        "Depreciation And Amortization In Income Statement": 8200000.0,
        "Selling General And Administration": 28800000.0,
        "Gross Profit": 34400000.0,
        "Cost Of Revenue": 57800000.0,
        "Total Revenue": 92200000.0,
        "Operating Revenue": 84900000.0
    }
}