{
    "2023-03-31": {
        "Tax Effect Of Unusual Items": 141370.0,
        "Tax Rate For Calcs": 0.335,
        "Normalized EBITDA": 27889000.0,
        "Total Unusual Items": 422000.0,
        "Total Unusual Items Excluding Goodwill": 422000.0,
        "Net Income From Continuing Operation Net Minority Interest": 10042000.0,
        "Reconciled Depreciation": 8489000.0,
        "Reconciled Cost Of Revenue": 170133000.0,
        "EBITDA": 28311000.0,
        "EBIT": 19822000.0,
        "Net Interest Income": -3871000.0,
        "Interest Expense": 4718000.0,
        "Interest Income": 1035000.0,
        "Normalized Income": 9761370.0,
        "Net Income From Continuing And Discontinued Operation": 10042000.0,
        "Total Expenses": 227120000.0,
        "Total Operating Income As Reported": 18553000.0,
        "Diluted Average Shares": 40504000.0,
        "Basic Average Shares": 40504000.0,
        "Diluted EPS": 0.25,
        "Basic EPS": 0.25,
        "Diluted NI Availto Com Stockholders": 10042000.0,
        "Net Income Common Stockholders": 10042000.0,
        "Net Income": 10042000.0,
        "Net Income Including Noncontrolling Interests": 10042000.0,
        "Net Income Continuous Operations": 10042000.0,
        "Tax Provision": 5062000.0,
        "Pretax Income": 15104000.0,
        "Other Income Expense": 422000.0,
        "Gain On Sale Of Security": 422000.0,
        "Net Non Operating Interest Income Expense": -3871000.0,
        "Total Other Finance Cost": 188000.0,
        "Interest Expense Non Operating": 4718000.0,
        "Interest Income Non Operating": 1035000.0,
        "Operating Income": 18553000.0,
        "Operating Expense": 56987000.0,
        "Selling General And Administration": 56987000.0,
        "Gross Profit": 75540000.0,
        "Cost Of Revenue": 170133000.0,
        "Total Revenue": 245673000.0,
        "Operating Revenue": 245673000.0
    },
    "2022-12-31": {
        "Tax Effect Of Unusual Items": 59600.0,
        "Tax Rate For Calcs": 0.4,
        "Normalized EBITDA": 24899000.0,
        "Total Unusual Items": 149000.0,
        "Total Unusual Items Excluding Goodwill": 149000.0,
        "Net Income From Continuing Operation Net Minority Interest": 7210000.0,
        "Reconciled Depreciation": 8499000.0,
        "Reconciled Cost Of Revenue": 167261000.0,
        "EBITDA": 25048000.0,
        "EBIT": 16549000.0,
        "Net Interest Income": -3884000.0,
        "Interest Expense": 4440000.0,
        "Interest Income": 744000.0,
        "Normalized Income": 7120600.0,
        "Net Income From Continuing And Discontinued Operation": 7210000.0,
        "Total Expenses": 228802000.0,
        "Total Operating Income As Reported": 15844000.0,
        "Diluted Average Shares": 40504000.0,
        "Basic Average Shares": 40504000.0,
        "Diluted EPS": 0.18,
        "Basic EPS": 0.18,
        "Diluted NI Availto Com Stockholders": 7210000.0,
        "Net Income Common Stockholders": 7210000.0,
        "Net Income": 7210000.0,
        "Net Income Including Noncontrolling Interests": 7210000.0,
        "Net Income Continuous Operations": 7210000.0,
        "Tax Provision": 4899000.0,
        "Pretax Income": 12109000.0,
        "Other Income Expense": 149000.0,
        "Gain On Sale Of Security": 149000.0,
        "Net Non Operating Interest Income Expense": -3884000.0,
        "Total Other Finance Cost": 188000.0,
        "Interest Expense Non Operating": 4440000.0,
        "Interest Income Non Operating": 744000.0,
        "Operating Income": 15844000.0,
        "Operating Expense": 61541000.0,
        "Selling General And Administration": 61541000.0,
        "Gross Profit": 77385000.0,
        "Cost Of Revenue": 167261000.0,
        "Total Revenue": 244646000.0,
        "Operating Revenue": 244646000.0
    },
    "2022-09-30": {
        "Tax Effect Of Unusual Items": -1498467.786598,
        "Tax Rate For Calcs": 0.288167,
        "Normalized EBITDA": 22612000.0,
        "Total Unusual Items": -5200000.0,
        "Total Unusual Items Excluding Goodwill": -5200000.0,
        "Net Income From Continuing Operation Net Minority Interest": 3856000.0,
        "Reconciled Depreciation": 8447000.0,
        "Reconciled Cost Of Revenue": 163875000.0,
        "EBITDA": 17412000.0,
        "EBIT": 8965000.0,
        "Net Interest Income": -3067000.0,
        "Interest Expense": 3548000.0,
        "Interest Income": 628000.0,
        "Normalized Income": 7557532.213402,
        "Net Income From Continuing And Discontinued Operation": 3856000.0,
        "Total Expenses": 218837000.0,
        "Total Operating Income As Reported": 13684000.0,
        "Diluted Average Shares": 40504000.0,
        "Basic Average Shares": 40504000.0,
        "Diluted EPS": 0.1,
        "Basic EPS": 0.1,
        "Diluted NI Availto Com Stockholders": 3856000.0,
        "Net Income Common Stockholders": 3856000.0,
        "Net Income": 3856000.0,
        "Net Income Including Noncontrolling Interests": 3856000.0,
        "Net Income Continuous Operations": 3856000.0,
        "Tax Provision": 1561000.0,
        "Pretax Income": 5417000.0,
        "Other Income Expense": -5200000.0,
        "Gain On Sale Of Security": -5200000.0,
        "Net Non Operating Interest Income Expense": -3067000.0,
        "Total Other Finance Cost": 147000.0,
        "Interest Expense Non Operating": 3548000.0,
        "Interest Income Non Operating": 628000.0,
        "Operating Income": 13684000.0,
        "Operating Expense": 54962000.0,
        "Selling General And Administration": 54962000.0,
        "Gross Profit": 68646000.0,
        "Cost Of Revenue": 163875000.0,
        "Total Revenue": 232521000.0,
        "Operating Revenue": 232521000.0
    },
    "2022-06-30": {
        "Tax Effect Of Unusual Items": -2923000.0,
        "Tax Rate For Calcs": 0.395,
        "Normalized EBITDA": 22900000.0,
        "Total Unusual Items": -7400000.0,
        "Total Unusual Items Excluding Goodwill": -7400000.0,
        "Net Income From Continuing Operation Net Minority Interest": 7500000.0,
        "Reconciled Depreciation": 8405000.0,
        "Reconciled Cost Of Revenue": 176800000.0,
        "EBITDA": 15500000.0,
        "EBIT": 15500000.0,
        "Net Interest Income": -3100000.0,
        "Interest Expense": 3100000.0,
        "Interest Income": 304000.0,
        "Normalized Income": 11977000.0,
        "Net Income From Continuing And Discontinued Operation": 7500000.0,
        "Total Expenses": 232300000.0,
        "Total Operating Income As Reported": 22900000.0,
        "Diluted Average Shares": 40504000.0,
        "Basic Average Shares": 40504000.0,
        "Diluted EPS": 0.18,
        "Basic EPS": 0.18,
        "Diluted NI Availto Com Stockholders": 7500000.0,
        "Net Income Common Stockholders": 7500000.0,
        "Net Income": 7500000.0,
        "Net Income Including Noncontrolling Interests": 7500000.0,
        "Net Income Continuous Operations": 7500000.0,
        "Tax Provision": 4900000.0,
        "Pretax Income": 12400000.0,
        "Other Income Expense": -7400000.0,
        "Gain On Sale Of Security": -7400000.0,
        "Net Non Operating Interest Income Expense": -3100000.0,
        "Total Other Finance Cost": 148000.0,
        "Interest Expense Non Operating": 3100000.0,
        "Interest Income Non Operating": 304000.0,
        "Operating Income": 22900000.0,
        "Operating Expense": 55500000.0,
        "Selling General And Administration": 55500000.0,
        "Gross Profit": 78400000.0,
        "Cost Of Revenue": 176800000.0,
        "Total Revenue": 255300000.0,
        "Operating Revenue": 255300000.0
    },
    "2022-03-31": {
        "Diluted EPS": 0.44,
        "Total Revenue": 240,
        "Gross Profit": 72,
        "Operating Income": 19,
        "EBIT": 28,
        "Net Income": 18
    },
    "2021-12-31": {
        "Diluted EPS": 0.43,
        "Total Revenue": 233,
        "Gross Profit": 71,
        "Operating Income": 22,
        "EBIT": 30,
        "Net Income": 17
    },
    "2021-09-30": {
        "Diluted EPS": 0.16,
        "Total Revenue": 215,
        "Gross Profit": 65,
        "Operating Income": 15,
        "EBIT": 23,
        "Net Income": 7
    },
    "2021-06-30": {
        "Diluted EPS": 0.42,
        "Total Revenue": 220,
        "Gross Profit": 70,
        "Operating Income": 19,
        "EBIT": 27,
        "Net Income": 17
    },
    "2021-03-31": {
        "Diluted EPS": 0.3,
        "Total Revenue": 212,
        "Gross Profit": 69,
        "Operating Income": 20,
        "EBIT": 28,
        "Net Income": 12
    },
    "2020-12-31": {
        "Diluted EPS": 0.32,
        "Total Revenue": 206,
        "Gross Profit": 68,
        "Operating Income": 20,
        "EBIT": 28,
        "Net Income": 13
    },
    "2020-09-30": {
        "Diluted EPS": 0.3,
        "Total Revenue": 195,
        "Gross Profit": 64,
        "Operating Income": 16,
        "EBIT": 24,
        "Net Income": 12
    },
    "2020-06-30": {
        "Diluted EPS": 0.15,
        "Total Revenue": 186,
        "Gross Profit": 61,
        "Operating Income": 18,
        "EBIT": 27,
        "Net Income": 6
    },
    "2020-03-31": {
        "Diluted EPS": 0.33,
        "Total Revenue": 211,
        "Gross Profit": 70,
        "Operating Income": 21,
        "EBIT": 30,
        "Net Income": 14
    },
    "2019-12-31": {
        "Diluted EPS": 0.29,
        "Total Revenue": 214,
        "Gross Profit": 69,
        "Operating Income": 20,
        "EBIT": 28,
        "Net Income": 12
    },
    "2019-09-30": {
        "Diluted EPS": 0.06,
        "Total Revenue": 190,
        "Gross Profit": 58,
        "Operating Income": 10,
        "EBIT": 18,
        "Net Income": 3
    },
    "2019-06-30": {
        "Diluted EPS": 0.22,
        "Total Revenue": 204,
        "Gross Profit": 65,
        "Operating Income": 12,
        "EBIT": 19,
        "Net Income": 9
    },
    "2019-03-31": {
        "Diluted EPS": 0.37,
        "Total Revenue": 206,
        "Gross Profit": 65,
        "Operating Income": 23,
        "EBIT": 30,
        "Net Income": 15
    },
    "2018-12-31": {
        "Diluted EPS": 0.36,
        "Total Revenue": 218,
        "Gross Profit": 69,
        "Operating Income": 26,
        "EBIT": 33,
        "Net Income": 15
    },
    "2018-09-30": {
        "Diluted EPS": 0.4,
        "Total Revenue": 200,
        "Gross Profit": 66,
        "Operating Income": 23,
        "EBIT": 30,
        "Net Income": 16
    },
    "2018-06-30": {
        "Diluted EPS": 0.56,
        "Total Revenue": 212,
        "Gross Profit": 68,
        "Operating Income": 26,
        "EBIT": 33,
        "Net Income": 22
    },
    "2018-03-31": {
        "Diluted EPS": 0.49,
        "Total Revenue": 209,
        "Gross Profit": 69,
        "Operating Income": 26,
        "EBIT": 33,
        "Net Income": 20
    },
    "2017-12-31": {
        "Diluted EPS": 0.17,
        "Total Revenue": 206,
        "Gross Profit": 67,
        "Operating Income": 24,
        "EBIT": 31,
        "Net Income": 7
    },
    "2017-09-30": {
        "Diluted EPS": 0.39,
        "Total Revenue": 193,
        "Gross Profit": 63,
        "Operating Income": 22,
        "EBIT": 29,
        "Net Income": 16
    },
    "2017-06-30": {
        "Diluted EPS": 0.37,
        "Total Revenue": 195,
        "Gross Profit": 63,
        "Operating Income": 24,
        "EBIT": 30,
        "Net Income": 15
    },
    "2017-03-31": {
        "Diluted EPS": 0.59,
        "Total Revenue": 190,
        "Gross Profit": 61,
        "Operating Income": 30,
        "EBIT": 37,
        "Net Income": 24
    },
    "2016-12-31": {
        "Diluted EPS": 0.34,
        "Total Revenue": 192,
        "Gross Profit": 63,
        "Operating Income": 23,
        "EBIT": 29,
        "Net Income": 13
    },
    "2016-09-30": {
        "Diluted EPS": 0.31,
        "Total Revenue": 188,
        "Gross Profit": 61,
        "Operating Income": 22,
        "EBIT": 28,
        "Net Income": 12
    },
    "2016-06-30": {
        "Diluted EPS": 0.39,
        "Total Revenue": 189,
        "Gross Profit": 60,
        "Operating Income": 20,
        "EBIT": 27,
        "Net Income": 15
    },
    "2016-03-31": {
        "Diluted EPS": 0.46,
        "Total Revenue": 183,
        "Gross Profit": 59,
        "Operating Income": 21,
        "EBIT": 27,
        "Net Income": 19
    },
    "2015-12-31": {
        "Diluted EPS": 0.75,
        "Total Revenue": 192,
        "Gross Profit": 61,
        "Operating Income": 23,
        "EBIT": 28,
        "Net Income": 30
    },
    "2015-09-30": {
        "Diluted EPS": 0.47,
        "Total Revenue": 187,
        "Gross Profit": 59,
        "Operating Income": 22,
        "EBIT": 28,
        "Net Income": 19
    },
    "2015-06-30": {
        "Diluted EPS": 0.25,
        "Total Revenue": 185,
        "Gross Profit": 58,
        "Operating Income": 21,
        "EBIT": 27,
        "Net Income": 10
    },
    "2015-03-31": {
        "Diluted EPS": 0.42,
        "Total Revenue": 187,
        "Gross Profit": 59,
        "Operating Income": 22,
        "EBIT": 27,
        "Net Income": 17
    },
    "2014-12-31": {
        "Diluted EPS": 0.36,
        "Total Revenue": 189,
        "Gross Profit": 56,
        "Operating Income": 20,
        "EBIT": 25,
        "Net Income": 14
    },
    "2014-09-30": {
        "Diluted EPS": 0.48,
        "Total Revenue": 187,
        "Gross Profit": 60,
        "Operating Income": 25,
        "EBIT": 31,
        "Net Income": 19
    },
    "2014-06-30": {
        "Diluted EPS": -0.58,
        "Total Revenue": 184,
        "Gross Profit": 51,
        "Operating Income": 13,
        "EBIT": 19,
        "Net Income": -18
    },
    "2014-03-31": {
        "Diluted EPS": 0.21,
        "Total Revenue": 173,
        "Gross Profit": 53,
        "Operating Income": 17,
        "EBIT": 23,
        "Net Income": 6
    },
    "2013-12-31": {
        "Diluted EPS": 0.08,
        "Total Revenue": 173,
        "Gross Profit": 51,
        "Operating Income": 17,
        "EBIT": 23,
        "Net Income": 2
    },
    "2013-09-30": {
        "Diluted EPS": 0.19,
        "Total Revenue": 162,
        "Gross Profit": 50,
        "Operating Income": 16,
        "EBIT": 22,
        "Net Income": 6
    },
    "2013-06-30": {
        "Diluted EPS": 0.0,
        "Total Revenue": NaN,
        "Gross Profit": NaN,
        "Operating Income": NaN,
        "EBIT": NaN,
        "Net Income": NaN
    },
    "2013-03-31": {
        "Diluted EPS": 0.14,
        "Total Revenue": 163,
        "Gross Profit": 46,
        "Operating Income": 14,
        "EBIT": 14,
        "Net Income": 4
    },
    "2012-06-30": {
        "Diluted EPS": 0.0,
        "Total Revenue": NaN,
        "Gross Profit": NaN,
        "Operating Income": NaN,
        "EBIT": NaN,
        "Net Income": NaN
    },
    "2011-06-30": {
        "Diluted EPS": 0.0,
        "Total Revenue": NaN,
        "Gross Profit": NaN,
        "Operating Income": NaN,
        "EBIT": NaN,
        "Net Income": NaN
    },
    "2023-06-30": {
        "Tax Effect Of Unusual Items": 456540.0,
        "Tax Rate For Calcs": 0.21,
        "Normalized EBITDA": 33075000.0,
        "Total Unusual Items": 2174000.0,
        "Total Unusual Items Excluding Goodwill": 2174000.0,
        "Net Income From Continuing Operation Net Minority Interest": 11498000.0,
        "Reconciled Depreciation": 8574000.0,
        "Reconciled Cost Of Revenue": 178383000.0,
        "EBITDA": 35249000.0,
        "EBIT": 26675000.0,
        "Net Interest Income": -4499000.0,
        "Interest Expense": 5234000.0,
        "Interest Income": 948000.0,
        "Normalized Income": 9780540.0,
        "Net Income From Continuing And Discontinued Operation": 11498000.0,
        "Total Expenses": 231283000.0,
        "Total Operating Income As Reported": 23766000.0,
        "Diluted Average Shares": NaN,
        "Basic Average Shares": NaN,
        "Diluted EPS": NaN,
        "Basic EPS": NaN,
        "Diluted NI Availto Com Stockholders": 11498000.0,
        "Net Income Common Stockholders": 11498000.0,
        "Net Income": 11498000.0,
        "Net Income Including Noncontrolling Interests": 11498000.0,
        "Net Income Continuous Operations": 11498000.0,
        "Tax Provision": 9943000.0,
        "Pretax Income": 21441000.0,
        "Other Income Expense": 2174000.0,
        "Gain On Sale Of Security": 2174000.0,
        "Net Non Operating Interest Income Expense": -4499000.0,
        "Total Other Finance Cost": 213000.0,
        "Interest Expense Non Operating": 5234000.0,
        "Interest Income Non Operating": 948000.0,
        "Operating Income": 23766000.0,
        "Operating Expense": 52900000.0,
        "Selling General And Administration": 52900000.0,
        "Gross Profit": 76666000.0,
        "Cost Of Revenue": 178383000.0,
        "Total Revenue": 255049000.0,
        "Operating Revenue": 255049000.0
    },
    "2023-09-30": {
        "Tax Effect Of Unusual Items": -2214059.0,
        "Tax Rate For Calcs": 0.331,
        "Normalized EBITDA": 8898000.0,
        "Total Unusual Items": -6689000.0,
        "Total Unusual Items Excluding Goodwill": -6689000.0,
        "Net Income From Continuing Operation Net Minority Interest": -8015000.0,
        "Reconciled Depreciation": 8871000.0,
        "Reconciled Cost Of Revenue": 163623000.0,
        "EBITDA": 2209000.0,
        "EBIT": -6662000.0,
        "Net Interest Income": -4564000.0,
        "Interest Expense": 5317000.0,
        "Interest Income": 1081000.0,
        "Normalized Income": -3540059.0,
        "Net Income From Continuing And Discontinued Operation": -8015000.0,
        "Total Expenses": 232075000.0,
        "Total Operating Income As Reported": -726000.0,
        "Diluted Average Shares": 40504000.0,
        "Basic Average Shares": 40504000.0,
        "Diluted EPS": -0.2,
        "Basic EPS": -0.2,
        "Diluted NI Availto Com Stockholders": -8015000.0,
        "Net Income Common Stockholders": -8015000.0,
        "Net Income": -8015000.0,
        "Net Income Including Noncontrolling Interests": -8015000.0,
        "Net Income Continuous Operations": -8015000.0,
        "Tax Provision": -3964000.0,
        "Pretax Income": -11979000.0,
        "Other Income Expense": -6689000.0,
        "Gain On Sale Of Security": -6689000.0,
        "Net Non Operating Interest Income Expense": -4564000.0,
        "Total Other Finance Cost": 328000.0,
        "Interest Expense Non Operating": 5317000.0,
        "Interest Income Non Operating": 1081000.0,
        "Operating Income": -726000.0,
        "Operating Expense": 68452000.0,
        "Selling General And Administration": 68452000.0,
        "Gross Profit": 67726000.0,
        "Cost Of Revenue": 163623000.0,
        "Total Revenue": 231349000.0,
        "Operating Revenue": 231349000.0
    },
    "2023-12-31": {
        "Tax Effect Of Unusual Items": -1570170.0,
        "Tax Rate For Calcs": 0.21,
        "Normalized EBITDA": 25362000.0,
        "Total Unusual Items": -7477000.0,
        "Total Unusual Items Excluding Goodwill": -7477000.0,
        "Net Income From Continuing Operation Net Minority Interest": 1274000.0,
        "Reconciled Depreciation": 8910000.0,
        "Reconciled Cost Of Revenue": 171327000.0,
        "EBITDA": 17885000.0,
        "EBIT": 8975000.0,
        "Net Interest Income": -4659000.0,
        "Interest Expense": 5410000.0,
        "Interest Income": 1064000.0,
        "Normalized Income": 7180830.0,
        "Net Income From Continuing And Discontinued Operation": 1274000.0,
        "Total Expenses": 234242000.0,
        "Total Operating Income As Reported": 15701000.0,
        "Diluted Average Shares": 40504000.0,
        "Basic Average Shares": 40504000.0,
        "Diluted EPS": 0.03,
        "Basic EPS": 0.03,
        "Diluted NI Availto Com Stockholders": 1274000.0,
        "Net Income Common Stockholders": 1274000.0,
        "Net Income": 1274000.0,
        "Net Income Including Noncontrolling Interests": 1274000.0,
        "Net Income Continuous Operations": 1274000.0,
        "Tax Provision": 2291000.0,
        "Pretax Income": 3565000.0,
        "Other Income Expense": -7477000.0,
        "Gain On Sale Of Security": -7477000.0,
        "Net Non Operating Interest Income Expense": -4659000.0,
        "Total Other Finance Cost": 313000.0,
        "Interest Expense Non Operating": 5410000.0,
        "Interest Income Non Operating": 1064000.0,
        "Operating Income": 15701000.0,
        "Operating Expense": 62915000.0,
        "Selling General And Administration": 62915000.0,
        "Gross Profit": 78616000.0,
        "Cost Of Revenue": 171327000.0,
        "Total Revenue": 249943000.0,
        "Operating Revenue": 249943000.0
    },
    "2024-03-31": {
        "Tax Effect Of Unusual Items": -849450.0,
        "Tax Rate For Calcs": 0.35,
        "Normalized EBITDA": 29930000.0,
        "Total Unusual Items": -2427000.0,
        "Total Unusual Items Excluding Goodwill": -2427000.0,
        "Net Income From Continuing Operation Net Minority Interest": 8405000.0,
        "Reconciled Depreciation": 9196000.0,
        "Reconciled Cost Of Revenue": 183623000.0,
        "EBITDA": 27503000.0,
        "EBIT": 18307000.0,
        "Net Interest Income": -4575000.0,
        "Interest Expense": 5385000.0,
        "Interest Income": 1070000.0,
        "Normalized Income": 9982550.0,
        "Net Income From Continuing And Discontinued Operation": 8405000.0,
        "Total Expenses": 243299000.0,
        "Total Operating Income As Reported": 19924000.0,
        "Diluted Average Shares": 40520000.0,
        "Basic Average Shares": 40504000.0,
        "Diluted EPS": 0.21,
        "Basic EPS": 0.21,
        "Diluted NI Availto Com Stockholders": 8405000.0,
        "Net Income Common Stockholders": 8405000.0,
        "Net Income": 8405000.0,
        "Net Income Including Noncontrolling Interests": 8405000.0,
        "Net Income Continuous Operations": 8405000.0,
        "Tax Provision": 4517000.0,
        "Pretax Income": 12922000.0,
        "Other Income Expense": -2427000.0,
        "Gain On Sale Of Security": -2427000.0,
        "Net Non Operating Interest Income Expense": -4575000.0,
        "Total Other Finance Cost": 260000.0,
        "Interest Expense Non Operating": 5385000.0,
        "Interest Income Non Operating": 1070000.0,
        "Operating Income": 19924000.0,
        "Operating Expense": 59676000.0,
        "Selling General And Administration": 59676000.0,
        "Gross Profit": 79600000.0,
        "Cost Of Revenue": 183623000.0,
        "Total Revenue": 263223000.0,
        "Operating Revenue": 263223000.0
    }
}