{
    "2023-03-31": {
        "Tax Effect Of Unusual Items": NaN,
        "Tax Rate For Calcs": NaN,
        "Normalized EBITDA": NaN,
        "Total Unusual Items": NaN,
        "Total Unusual Items Excluding Goodwill": NaN,
        "Net Income From Continuing Operation Net Minority Interest": NaN,
        "Reconciled Depreciation": 54508386.279919,
        "Reconciled Cost Of Revenue": NaN,
        "EBITDA": NaN,
        "EBIT": NaN,
        "Net Interest Income": NaN,
        "Interest Expense": NaN,
        "Interest Income": NaN,
        "Normalized Income": NaN,
        "Net Income From Continuing And Discontinued Operation": NaN,
        "Total Expenses": NaN,
        "Rent Expense Supplemental": 6769798.700611,
        "Total Operating Income As Reported": NaN,
        "Diluted Average Shares": NaN,
        "Basic Average Shares": NaN,
        "Diluted EPS": NaN,
        "Basic EPS": NaN,
        "Diluted NI Availto Com Stockholders": NaN,
        "Net Income Common Stockholders": NaN,
        "Net Income": NaN,
        "Minority Interests": NaN,
        "Net Income Including Noncontrolling Interests": NaN,
        "Net Income Continuous Operations": NaN,
        "Tax Provision": NaN,
        "Pretax Income": NaN,
        "Other Income Expense": NaN,
        "Special Income Charges": NaN,
        "Gain On Sale Of Ppe": 153423.200014,
        "Gain On Sale Of Business": NaN,
        "Other Special Charges": -19177.900002,
        "Write Off": NaN,
        "Impairment Of Capital Assets": NaN,
        "Restructuring And Mergern Acquisition": -9588.950001,
        "Earnings From Equity Interest": NaN,
        "Gain On Sale Of Security": 71528772.531455,
        "Net Non Operating Interest Income Expense": NaN,
        "Total Other Finance Cost": NaN,
        "Interest Expense Non Operating": NaN,
        "Interest Income Non Operating": NaN,
        "Operating Income": NaN,
        "Operating Expense": NaN,
        "Other Operating Expenses": NaN,
        "Other Taxes": 7517736.800678,
        "Depreciation Amortization Depletion Income Statement": 1577382.275142,
        "Depreciation And Amortization In Income Statement": 1577382.275142,
        "Depreciation Income Statement": 1577382.275142,
        "Selling General And Administration": NaN,
        "Selling And Marketing Expense": NaN,
        "General And Administrative Expense": NaN,
        "Other Gand A": NaN,
        "Rent And Landing Fees": 119861.875011,
        "Salaries And Wages": 26316873.277375,
        "Gross Profit": NaN,
        "Cost Of Revenue": NaN,
        "Total Revenue": NaN,
        "Operating Revenue": NaN
    },
    "2022-12-31": {
        "Tax Effect Of Unusual Items": NaN,
        "Tax Rate For Calcs": NaN,
        "Normalized EBITDA": NaN,
        "Total Unusual Items": NaN,
        "Total Unusual Items Excluding Goodwill": NaN,
        "Net Income From Continuing Operation Net Minority Interest": NaN,
        "Reconciled Depreciation": 81418319.948779,
        "Reconciled Cost Of Revenue": NaN,
        "EBITDA": NaN,
        "EBIT": NaN,
        "Net Interest Income": NaN,
        "Interest Expense": NaN,
        "Interest Income": NaN,
        "Normalized Income": NaN,
        "Net Income From Continuing And Discontinued Operation": NaN,
        "Total Expenses": NaN,
        "Rent Expense Supplemental": 14721930.378559,
        "Total Operating Income As Reported": NaN,
        "Diluted Average Shares": NaN,
        "Basic Average Shares": NaN,
        "Diluted EPS": NaN,
        "Basic EPS": NaN,
        "Diluted NI Availto Com Stockholders": NaN,
        "Net Income Common Stockholders": NaN,
        "Net Income": NaN,
        "Minority Interests": NaN,
        "Net Income Including Noncontrolling Interests": NaN,
        "Net Income Discontinuous Operations": 0.0,
        "Net Income Continuous Operations": NaN,
        "Tax Provision": NaN,
        "Pretax Income": NaN,
        "Other Income Expense": NaN,
        "Other Non Operating Income Expenses": -5819945.787252,
        "Special Income Charges": NaN,
        "Gain On Sale Of Ppe": 1354911.813168,
        "Gain On Sale Of Business": NaN,
        "Other Special Charges": -55824257.89297,
        "Write Off": NaN,
        "Impairment Of Capital Assets": NaN,
        "Restructuring And Mergern Acquisition": NaN,
        "Earnings From Equity Interest": NaN,
        "Gain On Sale Of Security": 144584719.794725,
        "Net Non Operating Interest Income Expense": NaN,
        "Total Other Finance Cost": NaN,
        "Interest Expense Non Operating": NaN,
        "Interest Income Non Operating": NaN,
        "Operating Income": NaN,
        "Operating Expense": NaN,
        "Other Operating Expenses": NaN,
        "Other Taxes": 11531980.680113,
        "Depreciation Amortization Depletion Income Statement": 2566145.155912,
        "Depreciation And Amortization In Income Statement": 2566145.155912,
        "Depreciation Income Statement": 2566145.155912,
        "Selling General And Administration": NaN,
        "Selling And Marketing Expense": NaN,
        "General And Administrative Expense": NaN,
        "Other Gand A": NaN,
        "Rent And Landing Fees": 680413.50956,
        "Salaries And Wages": 32320415.511396,
        "Gross Profit": NaN,
        "Cost Of Revenue": NaN,
        "Total Revenue": NaN,
        "Operating Revenue": NaN
    },
    "2022-09-30": {
        "Tax Effect Of Unusual Items": NaN,
        "Tax Rate For Calcs": NaN,
        "Normalized EBITDA": NaN,
        "Total Unusual Items": NaN,
        "Total Unusual Items Excluding Goodwill": NaN,
        "Net Income From Continuing Operation Net Minority Interest": NaN,
        "Reconciled Depreciation": NaN,
        "Reconciled Cost Of Revenue": NaN,
        "EBITDA": NaN,
        "EBIT": NaN,
        "Net Interest Income": NaN,
        "Interest Expense": NaN,
        "Interest Income": NaN,
        "Normalized Income": NaN,
        "Net Income From Continuing And Discontinued Operation": NaN,
        "Total Expenses": NaN,
        "Rent Expense Supplemental": NaN,
        "Total Operating Income As Reported": NaN,
        "Diluted Average Shares": NaN,
        "Basic Average Shares": NaN,
        "Diluted EPS": NaN,
        "Basic EPS": NaN,
        "Diluted NI Availto Com Stockholders": NaN,
        "Net Income Common Stockholders": NaN,
        "Net Income": NaN,
        "Minority Interests": NaN,
        "Net Income Including Noncontrolling Interests": NaN,
        "Net Income Discontinuous Operations": 0.0,
        "Net Income Continuous Operations": NaN,
        "Tax Provision": NaN,
        "Pretax Income": NaN,
        "Other Income Expense": NaN,
        "Other Non Operating Income Expenses": NaN,
        "Special Income Charges": NaN,
        "Gain On Sale Of Ppe": NaN,
        "Gain On Sale Of Business": 0.0,
        "Other Special Charges": NaN,
        "Write Off": NaN,
        "Impairment Of Capital Assets": NaN,
        "Restructuring And Mergern Acquisition": NaN,
        "Earnings From Equity Interest": NaN,
        "Gain On Sale Of Security": NaN,
        "Net Non Operating Interest Income Expense": NaN,
        "Total Other Finance Cost": NaN,
        "Interest Expense Non Operating": NaN,
        "Interest Income Non Operating": NaN,
        "Operating Income": NaN,
        "Operating Expense": NaN,
        "Other Operating Expenses": NaN,
        "Other Taxes": NaN,
        "Depreciation Amortization Depletion Income Statement": NaN,
        "Depreciation And Amortization In Income Statement": NaN,
        "Depreciation Income Statement": NaN,
        "Selling General And Administration": NaN,
        "Selling And Marketing Expense": NaN,
        "General And Administrative Expense": NaN,
        "Other Gand A": NaN,
        "Rent And Landing Fees": NaN,
        "Salaries And Wages": NaN,
        "Gross Profit": NaN,
        "Cost Of Revenue": NaN,
        "Total Revenue": NaN,
        "Operating Revenue": NaN
    },
    "2022-06-30": {
        "Tax Effect Of Unusual Items": -15200000.0,
        "Tax Rate For Calcs": 0.4,
        "Normalized EBITDA": 143000000.0,
        "Total Unusual Items": -38000000.0,
        "Total Unusual Items Excluding Goodwill": -38000000.0,
        "Net Income From Continuing Operation Net Minority Interest": 66000000.0,
        "Reconciled Depreciation": NaN,
        "Reconciled Cost Of Revenue": 295000000.0,
        "EBITDA": 105000000.0,
        "EBIT": 105000000.0,
        "Net Interest Income": -70000000.0,
        "Interest Expense": 39000000.0,
        "Interest Income": 2000000.0,
        "Normalized Income": 88800000.0,
        "Net Income From Continuing And Discontinued Operation": 66000000.0,
        "Total Expenses": 320000000.0,
        "Rent Expense Supplemental": NaN,
        "Total Operating Income As Reported": 136000000.0,
        "Diluted Average Shares": 55200000.0,
        "Basic Average Shares": 55200000.0,
        "Diluted EPS": 1.25,
        "Basic EPS": 1.25,
        "Diluted NI Availto Com Stockholders": 66000000.0,
        "Net Income Common Stockholders": 66000000.0,
        "Net Income": 66000000.0,
        "Minority Interests": -1000000.0,
        "Net Income Including Noncontrolling Interests": 67000000.0,
        "Net Income Discontinuous Operations": 0.0,
        "Net Income Continuous Operations": 67000000.0,
        "Tax Provision": -1000000.0,
        "Pretax Income": 66000000.0,
        "Other Income Expense": -6000000.0,
        "Other Non Operating Income Expenses": NaN,
        "Special Income Charges": -38000000.0,
        "Gain On Sale Of Ppe": NaN,
        "Other Special Charges": NaN,
        "Write Off": 3000000.0,
        "Impairment Of Capital Assets": 35000000.0,
        "Restructuring And Mergern Acquisition": NaN,
        "Earnings From Equity Interest": 32000000.0,
        "Gain On Sale Of Security": NaN,
        "Net Non Operating Interest Income Expense": -70000000.0,
        "Total Other Finance Cost": 33000000.0,
        "Interest Expense Non Operating": 39000000.0,
        "Interest Income Non Operating": 2000000.0,
        "Operating Income": 142000000.0,
        "Operating Expense": 25000000.0,
        "Other Operating Expenses": -17000000.0,
        "Other Taxes": NaN,
        "Depreciation Amortization Depletion Income Statement": NaN,
        "Depreciation And Amortization In Income Statement": NaN,
        "Depreciation Income Statement": NaN,
        "Selling General And Administration": 42000000.0,
        "Selling And Marketing Expense": 11000000.0,
        "General And Administrative Expense": 31000000.0,
        "Other Gand A": 31000000.0,
        "Rent And Landing Fees": NaN,
        "Salaries And Wages": NaN,
        "Gross Profit": 167000000.0,
        "Cost Of Revenue": 295000000.0,
        "Total Revenue": 462000000.0,
        "Operating Revenue": 462000000.0
    },
    "2022-03-31": {
        "Diluted EPS": 1.75,
        "Total Revenue": 414,
        "Gross Profit": 166,
        "Operating Income": 111,
        "EBIT": 161,
        "Net Income": 97
    },
    "2021-12-31": {
        "Diluted EPS": 0.54,
        "Total Revenue": 400,
        "Gross Profit": 112,
        "Operating Income": 73,
        "EBIT": 135,
        "Net Income": 36
    },
    "2021-09-30": {
        "Diluted EPS": 2.33,
        "Total Revenue": 438,
        "Gross Profit": 157,
        "Operating Income": 160,
        "EBIT": 215,
        "Net Income": 132
    },
    "2021-06-30": {
        "Diluted EPS": 1.26,
        "Total Revenue": 346,
        "Gross Profit": 145,
        "Operating Income": 149,
        "EBIT": 194,
        "Net Income": 70
    },
    "2021-03-31": {
        "Diluted EPS": 0.61,
        "Total Revenue": 324,
        "Gross Profit": 139,
        "Operating Income": 86,
        "EBIT": 130,
        "Net Income": 36
    },
    "2020-12-31": {
        "Diluted EPS": -7.96,
        "Total Revenue": 285,
        "Gross Profit": 104,
        "Operating Income": 104,
        "EBIT": 103,
        "Net Income": -463
    },
    "2020-09-30": {
        "Diluted EPS": 1.33,
        "Total Revenue": 654,
        "Gross Profit": 194,
        "Operating Income": 109,
        "EBIT": 177,
        "Net Income": 84
    },
    "2020-06-30": {
        "Diluted EPS": 0.07,
        "Total Revenue": 206,
        "Gross Profit": 70,
        "Operating Income": 38,
        "EBIT": 38,
        "Net Income": 4
    },
    "2020-03-31": {
        "Diluted EPS": 0.25,
        "Total Revenue": 607,
        "Gross Profit": 171,
        "Operating Income": 91,
        "EBIT": 91,
        "Net Income": 14
    },
    "2019-12-31": {
        "Diluted EPS": 0.14,
        "Total Revenue": 318,
        "Gross Profit": 102,
        "Operating Income": 97,
        "EBIT": 92,
        "Net Income": 9
    },
    "2019-09-30": {
        "Diluted EPS": 2.26,
        "Total Revenue": 903,
        "Gross Profit": 274,
        "Operating Income": 168,
        "EBIT": 234,
        "Net Income": 166
    },
    "2019-06-30": {
        "Diluted EPS": 5.47,
        "Total Revenue": 788,
        "Gross Profit": 241,
        "Operating Income": 140,
        "EBIT": 199,
        "Net Income": 400
    },
    "2019-03-31": {
        "Diluted EPS": 2.25,
        "Total Revenue": 727,
        "Gross Profit": 204,
        "Operating Income": 104,
        "EBIT": 169,
        "Net Income": 167
    },
    "2018-12-31": {
        "Diluted EPS": 5.19,
        "Total Revenue": 211,
        "Gross Profit": -89,
        "Operating Income": -150,
        "EBIT": -1,
        "Net Income": 414
    },
    "2018-09-30": {
        "Diluted EPS": -2.87,
        "Total Revenue": 842,
        "Gross Profit": 324,
        "Operating Income": 212,
        "EBIT": 221,
        "Net Income": -228
    },
    "2018-06-30": {
        "Diluted EPS": -1.41,
        "Total Revenue": 880,
        "Gross Profit": 324,
        "Operating Income": 197,
        "EBIT": 230,
        "Net Income": -115
    },
    "2018-03-31": {
        "Diluted EPS": 1.85,
        "Total Revenue": 988,
        "Gross Profit": 394,
        "Operating Income": 324,
        "EBIT": 369,
        "Net Income": 153
    },
    "2017-12-31": {
        "Diluted EPS": 1.07,
        "Total Revenue": 68,
        "Gross Profit": 86,
        "Operating Income": 57,
        "EBIT": 34,
        "Net Income": 152
    },
    "2017-09-30": {
        "Diluted EPS": 0.96,
        "Total Revenue": NaN,
        "Gross Profit": 312,
        "Operating Income": 173,
        "EBIT": 241,
        "Net Income": 74
    },
    "2017-06-30": {
        "Diluted EPS": -0.08,
        "Total Revenue": 998,
        "Gross Profit": 264,
        "Operating Income": 114,
        "EBIT": 197,
        "Net Income": -6
    },
    "2017-03-31": {
        "Diluted EPS": 1.57,
        "Total Revenue": 969,
        "Gross Profit": 299,
        "Operating Income": 170,
        "EBIT": 248,
        "Net Income": 121
    },
    "2016-12-31": {
        "Diluted EPS": 0.98,
        "Total Revenue": 867,
        "Gross Profit": 229,
        "Operating Income": 32,
        "EBIT": 116,
        "Net Income": 66
    },
    "2016-09-30": {
        "Diluted EPS": -0.92,
        "Total Revenue": 663,
        "Gross Profit": 115,
        "Operating Income": -12,
        "EBIT": 66,
        "Net Income": -62
    },
    "2016-06-30": {
        "Diluted EPS": -0.7,
        "Total Revenue": 294,
        "Gross Profit": 7,
        "Operating Income": -49,
        "EBIT": -26,
        "Net Income": -47
    },
    "2016-03-31": {
        "Diluted EPS": 0.63,
        "Total Revenue": 295,
        "Gross Profit": 66,
        "Operating Income": 30,
        "EBIT": 48,
        "Net Income": 42
    },
    "2015-12-31": {
        "Diluted EPS": 3.21,
        "Total Revenue": 180,
        "Gross Profit": -10,
        "Operating Income": -55,
        "EBIT": -28,
        "Net Income": 207
    },
    "2015-09-30": {
        "Diluted EPS": 0.07,
        "Total Revenue": 206,
        "Gross Profit": 3,
        "Operating Income": -63,
        "EBIT": -44,
        "Net Income": 4
    },
    "2015-06-30": {
        "Diluted EPS": 0.11,
        "Total Revenue": 196,
        "Gross Profit": -1,
        "Operating Income": -59,
        "EBIT": -41,
        "Net Income": 7
    },
    "2015-03-31": {
        "Diluted EPS": 1.63,
        "Total Revenue": 190,
        "Gross Profit": 8,
        "Operating Income": -42,
        "EBIT": -27,
        "Net Income": 101
    },
    "2014-12-31": {
        "Diluted EPS": 1.41,
        "Total Revenue": 190,
        "Gross Profit": -6,
        "Operating Income": -67,
        "EBIT": -49,
        "Net Income": 83
    },
    "2014-09-30": {
        "Diluted EPS": 0.2,
        "Total Revenue": 190,
        "Gross Profit": 0,
        "Operating Income": -53,
        "EBIT": -38,
        "Net Income": 11
    },
    "2014-06-30": {
        "Diluted EPS": 0.73,
        "Total Revenue": 185,
        "Gross Profit": -1,
        "Operating Income": -50,
        "EBIT": -38,
        "Net Income": 38
    },
    "2014-03-31": {
        "Diluted EPS": -0.93,
        "Total Revenue": 179,
        "Gross Profit": 3,
        "Operating Income": -42,
        "EBIT": -29,
        "Net Income": -49
    },
    "2013-12-31": {
        "Diluted EPS": -0.24,
        "Total Revenue": 175,
        "Gross Profit": -63,
        "Operating Income": -99,
        "EBIT": -80,
        "Net Income": -13
    },
    "2013-09-30": {
        "Diluted EPS": -0.51,
        "Total Revenue": 237,
        "Gross Profit": -24,
        "Operating Income": -65,
        "EBIT": -49,
        "Net Income": -27
    },
    "2013-06-30": {
        "Diluted EPS": 3.21,
        "Total Revenue": 206,
        "Gross Profit": -27,
        "Operating Income": -72,
        "EBIT": -55,
        "Net Income": 169
    },
    "2013-03-31": {
        "Diluted EPS": -1.4,
        "Total Revenue": 266,
        "Gross Profit": -33,
        "Operating Income": -86,
        "EBIT": -68,
        "Net Income": -74
    },
    "2012-12-31": {
        "Diluted EPS": -0.85,
        "Total Revenue": 356,
        "Gross Profit": 4,
        "Operating Income": -64,
        "EBIT": -39,
        "Net Income": -53
    },
    "2012-09-30": {
        "Diluted EPS": -0.97,
        "Total Revenue": 410,
        "Gross Profit": -24,
        "Operating Income": -82,
        "EBIT": -64,
        "Net Income": -51
    },
    "2012-06-30": {
        "Diluted EPS": -0.42,
        "Total Revenue": 443,
        "Gross Profit": 8,
        "Operating Income": -30,
        "EBIT": -7,
        "Net Income": -22
    },
    "2012-03-31": {
        "Diluted EPS": -0.23,
        "Total Revenue": 361,
        "Gross Profit": 40,
        "Operating Income": -8,
        "EBIT": 15,
        "Net Income": -16
    },
    "2011-12-31": {
        "Diluted EPS": -2.62,
        "Total Revenue": 363,
        "Gross Profit": 64,
        "Operating Income": -4,
        "EBIT": -4,
        "Net Income": -159
    },
    "2011-09-30": {
        "Diluted EPS": -0.5,
        "Total Revenue": 473,
        "Gross Profit": 79,
        "Operating Income": 17,
        "EBIT": 17,
        "Net Income": -25
    },
    "2011-06-30": {
        "Diluted EPS": -0.36,
        "Total Revenue": 388,
        "Gross Profit": 40,
        "Operating Income": -31,
        "EBIT": -4,
        "Net Income": -22
    },
    "2011-03-31": {
        "Diluted EPS": 0.05,
        "Total Revenue": 384,
        "Gross Profit": 69,
        "Operating Income": 25,
        "EBIT": 49,
        "Net Income": 4
    },
    "2010-12-31": {
        "Diluted EPS": 0.15,
        "Total Revenue": 305,
        "Gross Profit": 46,
        "Operating Income": 4,
        "EBIT": 33,
        "Net Income": 9
    },
    "2010-09-30": {
        "Diluted EPS": 0.0,
        "Total Revenue": 348,
        "Gross Profit": 56,
        "Operating Income": 17,
        "EBIT": 39,
        "Net Income": 0
    },
    "2010-06-30": {
        "Diluted EPS": -0.01,
        "Total Revenue": 317,
        "Gross Profit": 55,
        "Operating Income": 19,
        "EBIT": 41,
        "Net Income": -22
    },
    "2010-03-31": {
        "Diluted EPS": 0.0,
        "Total Revenue": 267,
        "Gross Profit": 57,
        "Operating Income": 20,
        "EBIT": 42,
        "Net Income": 1
    },
    "2009-12-31": {
        "Diluted EPS": -0.01,
        "Total Revenue": 213,
        "Gross Profit": 213,
        "Operating Income": 213,
        "EBIT": 238,
        "Net Income": -10
    },
    "2009-09-30": {
        "Diluted EPS": 0.01,
        "Total Revenue": 341,
        "Gross Profit": 61,
        "Operating Income": 28,
        "EBIT": 28,
        "Net Income": 15
    },
    "2023-06-30": {
        "Tax Effect Of Unusual Items": -1005076.142132,
        "Tax Rate For Calcs": 0.167513,
        "Normalized EBITDA": 315000000.0,
        "Total Unusual Items": -6000000.0,
        "Total Unusual Items Excluding Goodwill": -6000000.0,
        "Net Income From Continuing Operation Net Minority Interest": 164000000.0,
        "Reconciled Depreciation": NaN,
        "Reconciled Cost Of Revenue": 290000000.0,
        "EBITDA": 309000000.0,
        "EBIT": 309000000.0,
        "Net Interest Income": 60000000.0,
        "Interest Expense": 112000000.0,
        "Interest Income": 2000000.0,
        "Normalized Income": 168994923.857868,
        "Net Income From Continuing And Discontinued Operation": 164000000.0,
        "Total Expenses": 340000000.0,
        "Rent Expense Supplemental": NaN,
        "Total Operating Income As Reported": 137000000.0,
        "Diluted Average Shares": 54400000.0,
        "Basic Average Shares": 54400000.0,
        "Diluted EPS": 2.5,
        "Basic EPS": 2.5,
        "Diluted NI Availto Com Stockholders": 164000000.0,
        "Net Income Common Stockholders": 164000000.0,
        "Net Income": 164000000.0,
        "Minority Interests": 0.0,
        "Net Income Including Noncontrolling Interests": 164000000.0,
        "Net Income Continuous Operations": 164000000.0,
        "Tax Provision": 33000000.0,
        "Pretax Income": 197000000.0,
        "Other Income Expense": 13000000.0,
        "Special Income Charges": -6000000.0,
        "Gain On Sale Of Ppe": NaN,
        "Gain On Sale Of Business": 0.0,
        "Other Special Charges": NaN,
        "Write Off": 3000000.0,
        "Impairment Of Capital Assets": 3000000.0,
        "Restructuring And Mergern Acquisition": NaN,
        "Earnings From Equity Interest": 19000000.0,
        "Gain On Sale Of Security": NaN,
        "Net Non Operating Interest Income Expense": 60000000.0,
        "Total Other Finance Cost": -170000000.0,
        "Interest Expense Non Operating": 112000000.0,
        "Interest Income Non Operating": 2000000.0,
        "Operating Income": 124000000.0,
        "Operating Expense": 50000000.0,
        "Other Operating Expenses": -16000000.0,
        "Other Taxes": NaN,
        "Depreciation Amortization Depletion Income Statement": NaN,
        "Depreciation And Amortization In Income Statement": NaN,
        "Depreciation Income Statement": NaN,
        "Selling General And Administration": 66000000.0,
        "Selling And Marketing Expense": 18000000.0,
        "General And Administrative Expense": 48000000.0,
        "Other Gand A": 48000000.0,
        "Rent And Landing Fees": NaN,
        "Salaries And Wages": NaN,
        "Gross Profit": 174000000.0,
        "Cost Of Revenue": 290000000.0,
        "Total Revenue": 464000000.0,
        "Operating Revenue": 464000000.0
    },
    "2023-09-30": {
        "Tax Effect Of Unusual Items": -40550.057201,
        "Tax Rate For Calcs": 0.208327,
        "Normalized EBITDA": 269550844.67499,
        "Total Unusual Items": -194646.349481,
        "Total Unusual Items Excluding Goodwill": -194646.349481,
        "Net Income From Continuing Operation Net Minority Interest": 144871270.493649,
        "Reconciled Depreciation": NaN,
        "Reconciled Cost Of Revenue": 263385135.310557,
        "EBITDA": 269356198.325509,
        "EBIT": 269356198.325509,
        "Net Interest Income": 31421073.209555,
        "Interest Expense": 85924913.510469,
        "Interest Income": 1894939.461121,
        "Normalized Income": 145025366.785928,
        "Net Income From Continuing And Discontinued Operation": 144871270.493649,
        "Total Expenses": 300562588.061372,
        "Rent Expense Supplemental": NaN,
        "Total Operating Income As Reported": 152010211.605485,
        "Diluted Average Shares": 54400000.0,
        "Basic Average Shares": 54400000.0,
        "Diluted EPS": 2.663075,
        "Basic EPS": 2.663075,
        "Diluted NI Availto Com Stockholders": 144871270.493649,
        "Net Income Common Stockholders": 144871270.493649,
        "Net Income": 144871270.493649,
        "Minority Interests": -346356.004223,
        "Net Income Including Noncontrolling Interests": 145217626.497872,
        "Net Income Continuous Operations": 145217626.497872,
        "Tax Provision": 38213658.317168,
        "Pretax Income": 183431284.81504,
        "Other Income Expense": 15474384.783716,
        "Special Income Charges": -194646.349481,
        "Gain On Sale Of Ppe": NaN,
        "Gain On Sale Of Business": 1391148.909524,
        "Other Special Charges": NaN,
        "Write Off": 1582932.812689,
        "Impairment Of Capital Assets": 2862.446316,
        "Restructuring And Mergern Acquisition": NaN,
        "Earnings From Equity Interest": 15669031.133197,
        "Gain On Sale Of Security": NaN,
        "Net Non Operating Interest Income Expense": 31421073.209555,
        "Total Other Finance Cost": -115451047.258903,
        "Interest Expense Non Operating": 85924913.510469,
        "Interest Income Non Operating": 1894939.461121,
        "Operating Income": 136535826.821769,
        "Operating Expense": 37177452.750815,
        "Other Operating Expenses": -18926495.040683,
        "Other Taxes": NaN,
        "Depreciation Amortization Depletion Income Statement": NaN,
        "Depreciation And Amortization In Income Statement": NaN,
        "Depreciation Income Statement": NaN,
        "Selling General And Administration": 56103947.791498,
        "Selling And Marketing Expense": 16058323.832158,
        "General And Administrative Expense": 40045623.95934,
        "Other Gand A": 40045623.95934,
        "Rent And Landing Fees": NaN,
        "Salaries And Wages": NaN,
        "Gross Profit": 173713279.572584,
        "Cost Of Revenue": 263385135.310557,
        "Total Revenue": 437098414.883141,
        "Operating Revenue": 437098414.883141
    },
    "2023-12-31": {
        "Tax Effect Of Unusual Items": 91964214.869762,
        "Tax Rate For Calcs": 0.35,
        "Normalized EBITDA": 235977727.591461,
        "Total Unusual Items": 262754899.627891,
        "Total Unusual Items Excluding Goodwill": 262754899.627891,
        "Net Income From Continuing Operation Net Minority Interest": -40657723.582891,
        "Reconciled Depreciation": 120697506.348405,
        "Reconciled Cost Of Revenue": 388533423.36872,
        "EBITDA": 498732627.219351,
        "EBIT": 378035120.870946,
        "Net Interest Income": -125970845.096914,
        "Interest Expense": 156913996.283342,
        "Interest Income": 37504815.708121,
        "Normalized Income": -211448408.34102,
        "Net Income From Continuing And Discontinued Operation": -40657723.582891,
        "Total Expenses": 612316947.459769,
        "Rent Expense Supplemental": 19021668.403742,
        "Total Operating Income As Reported": 95937890.181846,
        "Diluted Average Shares": 54400000.0,
        "Basic Average Shares": 54400000.0,
        "Diluted EPS": -2.75,
        "Basic EPS": -2.75,
        "Diluted NI Availto Com Stockholders": -40657723.582891,
        "Net Income Common Stockholders": -40657723.582891,
        "Net Income": -40657723.582891,
        "Minority Interests": -2278663.528395,
        "Net Income Including Noncontrolling Interests": -38379060.054496,
        "Net Income Continuous Operations": -38379060.054496,
        "Tax Provision": 259500184.6421,
        "Pretax Income": 221121124.587604,
        "Other Income Expense": 220554703.567493,
        "Special Income Charges": -16111254.214344,
        "Gain On Sale Of Ppe": -1480890.98107,
        "Gain On Sale Of Business": 7608851.090476,
        "Other Special Charges": -605988.64416,
        "Write Off": -3905070.488742,
        "Impairment Of Capital Assets": 38072567.393651,
        "Restructuring And Mergern Acquisition": -11322293.936998,
        "Earnings From Equity Interest": -42200196.060398,
        "Gain On Sale Of Security": 278866153.842234,
        "Net Non Operating Interest Income Expense": -125970845.096914,
        "Total Other Finance Cost": 6561664.521693,
        "Interest Expense Non Operating": 156913996.283342,
        "Interest Income Non Operating": 37504815.708121,
        "Operating Income": 126537266.117025,
        "Operating Expense": 106296138.820402,
        "Other Operating Expenses": -22994050.176337,
        "Other Taxes": 23210052.407671,
        "Depreciation Amortization Depletion Income Statement": 3210121.077758,
        "Depreciation And Amortization In Income Statement": 3210121.077758,
        "Depreciation Income Statement": 3210121.077758,
        "Selling General And Administration": 102315550.900836,
        "Selling And Marketing Expense": 21110335.569448,
        "General And Administrative Expense": 81205215.331388,
        "Other Gand A": 35222439.758601,
        "Rent And Landing Fees": 645056.656829,
        "Salaries And Wages": 45337718.915958,
        "Gross Profit": 232833404.937428,
        "Cost Of Revenue": 506020808.639367,
        "Total Revenue": 738854213.576795,
        "Operating Revenue": 738854213.576795
    },
    "2024-03-31": {
        "Tax Effect Of Unusual Items": 8305380.385931,
        "Tax Rate For Calcs": 0.35,
        "Normalized EBITDA": 211138382.133758,
        "Total Unusual Items": 23729658.245518,
        "Total Unusual Items Excluding Goodwill": 23729658.245518,
        "Net Income From Continuing Operation Net Minority Interest": 260483321.438537,
        "Reconciled Depreciation": 66684496.213074,
        "Reconciled Cost Of Revenue": 186440809.762795,
        "EBITDA": 234868040.379276,
        "EBIT": 168183544.166202,
        "Net Interest Income": -33559415.811401,
        "Interest Expense": 50131880.342836,
        "Interest Income": 19924553.137166,
        "Normalized Income": 245059043.57895,
        "Net Income From Continuing And Discontinued Operation": 260483321.438537,
        "Total Expenses": 326059795.329479,
        "Rent Expense Supplemental": 7094145.025574,
        "Total Operating Income As Reported": 116654084.561415,
        "Diluted Average Shares": 54400000.0,
        "Basic Average Shares": 54400000.0,
        "Diluted EPS": 4.788198,
        "Basic EPS": 4.788198,
        "Diluted NI Availto Com Stockholders": 260483321.438537,
        "Net Income Common Stockholders": 260483321.438537,
        "Net Income": 260483321.438537,
        "Minority Interests": -813795.109089,
        "Net Income Including Noncontrolling Interests": 261297116.547626,
        "Net Income Continuous Operations": 261297116.547626,
        "Tax Provision": -143245452.72426,
        "Pretax Income": 118051663.823365,
        "Other Income Expense": 83761350.252581,
        "Special Income Charges": -29579175.457191,
        "Gain On Sale Of Ppe": -60713.551898,
        "Gain On Sale Of Business": 1702314.589744,
        "Other Special Charges": -3645148.250468,
        "Write Off": 34828562.559723,
        "Impairment Of Capital Assets": 37362.185783,
        "Restructuring And Mergern Acquisition": NaN,
        "Earnings From Equity Interest": 60031692.007063,
        "Gain On Sale Of Security": 53308833.702709,
        "Net Non Operating Interest Income Expense": -33559415.811401,
        "Total Other Finance Cost": 3352088.605731,
        "Interest Expense Non Operating": 50131880.342836,
        "Interest Income Non Operating": 19924553.137166,
        "Operating Income": 67849729.382186,
        "Operating Expense": 74818944.599047,
        "Other Operating Expenses": 15437588.138272,
        "Other Taxes": 8937735.380311,
        "Depreciation Amortization Depletion Income Statement": 1884455.245437,
        "Depreciation And Amortization In Income Statement": 1884455.245437,
        "Depreciation Income Statement": 1884455.245437,
        "Selling General And Administration": 47942689.769605,
        "Selling And Marketing Expense": 11541412.702074,
        "General And Administrative Expense": 36401277.067532,
        "Other Gand A": 12822235.133452,
        "Rent And Landing Fees": 77059.508178,
        "Salaries And Wages": 23501982.425902,
        "Gross Profit": 142668673.981233,
        "Cost Of Revenue": 251240850.730432,
        "Total Revenue": 393909524.711665,
        "Operating Revenue": 393909524.711665
    },
    "2024-06-30": {
        "Tax Effect Of Unusual Items": -170000.0,
        "Tax Rate For Calcs": 0.01,
        "Normalized EBITDA": 158000000.0,
        "Total Unusual Items": -17000000.0,
        "Total Unusual Items Excluding Goodwill": -17000000.0,
        "Net Income From Continuing Operation Net Minority Interest": 100000000.0,
        "Reconciled Depreciation": NaN,
        "Reconciled Cost Of Revenue": 307000000.0,
        "EBITDA": 141000000.0,
        "EBIT": 141000000.0,
        "Net Interest Income": -19000000.0,
        "Interest Expense": 41000000.0,
        "Interest Income": 0.0,
        "Normalized Income": 116830000.0,
        "Net Income From Continuing And Discontinued Operation": 100000000.0,
        "Total Expenses": 342000000.0,
        "Rent Expense Supplemental": NaN,
        "Total Operating Income As Reported": 119000000.0,
        "Diluted Average Shares": 54400000.0,
        "Basic Average Shares": 54400000.0,
        "Diluted EPS": 2.5,
        "Basic EPS": 2.5,
        "Diluted NI Availto Com Stockholders": 100000000.0,
        "Net Income Common Stockholders": 100000000.0,
        "Net Income": 100000000.0,
        "Minority Interests": 1000000.0,
        "Net Income Including Noncontrolling Interests": 99000000.0,
        "Net Income Continuous Operations": 99000000.0,
        "Tax Provision": 1000000.0,
        "Pretax Income": 100000000.0,
        "Other Income Expense": -39000000.0,
        "Special Income Charges": -17000000.0,
        "Gain On Sale Of Ppe": NaN,
        "Gain On Sale Of Business": 5000000.0,
        "Other Special Charges": NaN,
        "Write Off": 22000000.0,
        "Impairment Of Capital Assets": 0.0,
        "Restructuring And Mergern Acquisition": NaN,
        "Earnings From Equity Interest": -22000000.0,
        "Gain On Sale Of Security": NaN,
        "Net Non Operating Interest Income Expense": -19000000.0,
        "Total Other Finance Cost": -22000000.0,
        "Interest Expense Non Operating": 41000000.0,
        "Interest Income Non Operating": 0.0,
        "Operating Income": 158000000.0,
        "Operating Expense": 35000000.0,
        "Other Operating Expenses": -27000000.0,
        "Other Taxes": NaN,
        "Depreciation Amortization Depletion Income Statement": NaN,
        "Depreciation And Amortization In Income Statement": NaN,
        "Depreciation Income Statement": NaN,
        "Selling General And Administration": 62000000.0,
        "Selling And Marketing Expense": 20000000.0,
        "General And Administrative Expense": 42000000.0,
        "Other Gand A": 42000000.0,
        "Rent And Landing Fees": NaN,
        "Salaries And Wages": NaN,
        "Gross Profit": 193000000.0,
        "Cost Of Revenue": 307000000.0,
        "Total Revenue": 500000000.0,
        "Operating Revenue": 500000000.0
    }
}