{
    "2023-03-31": {
        "Tax Effect Of Unusual Items": -335110.65,
        "Tax Rate For Calcs": 0.21,
        "Normalized EBITDA": 16576051.0,
        "Total Unusual Items": -1595765.0,
        "Total Unusual Items Excluding Goodwill": -1595765.0,
        "Net Income From Continuing Operation Net Minority Interest": 3474267.0,
        "Reconciled Depreciation": 7326860.0,
        "Reconciled Cost Of Revenue": 100339146.0,
        "EBITDA": 14980286.0,
        "EBIT": 7653426.0,
        "Net Interest Income": -3055932.0,
        "Interest Expense": 4250514.0,
        "Interest Income": 1194582.0,
        "Normalized Income": 4734921.35,
        "Net Income From Continuing And Discontinued Operation": 3474267.0,
        "Total Expenses": 106030879.0,
        "Rent Expense Supplemental": 22590840.0,
        "Total Operating Income As Reported": 6496000.0,
        "Diluted Average Shares": 45116719.0,
        "Basic Average Shares": 44712290.0,
        "Diluted EPS": 0.08,
        "Basic EPS": 0.08,
        "Diluted NI Availto Com Stockholders": 3474267.0,
        "Net Income Common Stockholders": 3474267.0,
        "Net Income": 3474267.0,
        "Minority Interests": 71355.0,
        "Net Income Including Noncontrolling Interests": 3402912.0,
        "Net Income Continuous Operations": 3402912.0,
        "Pretax Income": 3402912.0,
        "Other Income Expense": -1209352.0,
        "Other Non Operating Income Expenses": 386413.0,
        "Special Income Charges": -1172196.0,
        "Gain On Sale Of Ppe": -1172196.0,
        "Impairment Of Capital Assets": 0.0,
        "Gain On Sale Of Security": -423569.0,
        "Net Non Operating Interest Income Expense": -3055932.0,
        "Interest Expense Non Operating": 4250514.0,
        "Interest Income Non Operating": 1194582.0,
        "Operating Income": 7668196.0,
        "Operating Expense": 5691733.0,
        "Selling General And Administration": 5691733.0,
        "General And Administrative Expense": 5691733.0,
        "Other Gand A": 5691733.0,
        "Gross Profit": 13359929.0,
        "Cost Of Revenue": 100339146.0,
        "Total Revenue": 113699075.0,
        "Operating Revenue": 113699075.0
    },
    "2022-12-31": {
        "Tax Effect Of Unusual Items": 250407.36,
        "Tax Rate For Calcs": 0.21,
        "Normalized EBITDA": 26554528.0,
        "Total Unusual Items": 1192416.0,
        "Total Unusual Items Excluding Goodwill": 1192416.0,
        "Net Income From Continuing Operation Net Minority Interest": 15502601.0,
        "Reconciled Depreciation": 7529397.0,
        "Reconciled Cost Of Revenue": 105280399.0,
        "EBITDA": 27746944.0,
        "EBIT": 20217547.0,
        "Net Interest Income": -4405503.0,
        "Interest Expense": 4405503.0,
        "Interest Income": NaN,
        "Normalized Income": 14560592.36,
        "Net Income From Continuing And Discontinued Operation": 15502601.0,
        "Total Expenses": 109188304.0,
        "Rent Expense Supplemental": 28156765.0,
        "Total Operating Income As Reported": 18735106.0,
        "Diluted Average Shares": 44985969.0,
        "Basic Average Shares": 44435664.0,
        "Diluted EPS": 0.34,
        "Basic EPS": 0.35,
        "Diluted NI Availto Com Stockholders": 15502601.0,
        "Net Income Common Stockholders": 15502601.0,
        "Net Income": 15502601.0,
        "Minority Interests": -309443.0,
        "Net Income Including Noncontrolling Interests": 15812044.0,
        "Net Income Continuous Operations": 15812044.0,
        "Pretax Income": 15812044.0,
        "Other Income Expense": 1482441.0,
        "Other Non Operating Income Expenses": 290025.0,
        "Special Income Charges": 0.0,
        "Gain On Sale Of Ppe": 0.0,
        "Impairment Of Capital Assets": 0.0,
        "Gain On Sale Of Security": 1192416.0,
        "Net Non Operating Interest Income Expense": -4405503.0,
        "Interest Expense Non Operating": 4405503.0,
        "Interest Income Non Operating": NaN,
        "Operating Income": 18735106.0,
        "Operating Expense": 3907905.0,
        "Selling General And Administration": 3907905.0,
        "General And Administrative Expense": 3907905.0,
        "Other Gand A": 3907905.0,
        "Gross Profit": 22643011.0,
        "Cost Of Revenue": 105280399.0,
        "Total Revenue": 127923410.0,
        "Operating Revenue": 127923410.0
    },
    "2022-09-30": {
        "Tax Effect Of Unusual Items": -1803503.2,
        "Tax Rate For Calcs": 0.4,
        "Normalized EBITDA": 38170507.0,
        "Total Unusual Items": -4508758.0,
        "Total Unusual Items Excluding Goodwill": -4508758.0,
        "Net Income From Continuing Operation Net Minority Interest": 18788414.0,
        "Reconciled Depreciation": 7365561.0,
        "Reconciled Cost Of Revenue": 148194204.0,
        "EBITDA": 33661749.0,
        "EBIT": 26296188.0,
        "Net Interest Income": -6535163.0,
        "Interest Expense": 6535163.0,
        "Interest Income": NaN,
        "Normalized Income": 21493668.8,
        "Net Income From Continuing And Discontinued Operation": 18788414.0,
        "Total Expenses": 153970870.0,
        "Rent Expense Supplemental": 50750809.0,
        "Total Operating Income As Reported": 30506267.0,
        "Diluted Average Shares": 44640278.0,
        "Basic Average Shares": 44415575.0,
        "Diluted EPS": 0.42,
        "Basic EPS": 0.42,
        "Diluted NI Availto Com Stockholders": 18788414.0,
        "Net Income Common Stockholders": 18788414.0,
        "Net Income": 18788414.0,
        "Minority Interests": -972611.0,
        "Net Income Including Noncontrolling Interests": 19761025.0,
        "Net Income Continuous Operations": 19761025.0,
        "Pretax Income": 19761025.0,
        "Other Income Expense": -4210079.0,
        "Other Non Operating Income Expenses": 298679.0,
        "Special Income Charges": 0.0,
        "Gain On Sale Of Ppe": 0.0,
        "Impairment Of Capital Assets": 0.0,
        "Gain On Sale Of Security": -4508758.0,
        "Net Non Operating Interest Income Expense": -6535163.0,
        "Interest Expense Non Operating": 6535163.0,
        "Interest Income Non Operating": NaN,
        "Operating Income": 30506267.0,
        "Operating Expense": 5776666.0,
        "Selling General And Administration": 5776666.0,
        "General And Administrative Expense": 5776666.0,
        "Other Gand A": 5776666.0,
        "Gross Profit": 36282933.0,
        "Cost Of Revenue": 148194204.0,
        "Total Revenue": 184477137.0,
        "Operating Revenue": 184477137.0
    },
    "2022-06-30": {
        "Tax Effect Of Unusual Items": -1527872.4,
        "Tax Rate For Calcs": 0.4,
        "Normalized EBITDA": 42234586.0,
        "Total Unusual Items": -3819681.0,
        "Total Unusual Items Excluding Goodwill": -3819681.0,
        "Net Income From Continuing Operation Net Minority Interest": 25032433.0,
        "Reconciled Depreciation": 7293433.0,
        "Reconciled Cost Of Revenue": 153843973.0,
        "EBITDA": 38414905.0,
        "EBIT": 31121472.0,
        "Net Interest Income": -3634732.0,
        "Interest Expense": 3634732.0,
        "Interest Income": NaN,
        "Normalized Income": 27324241.6,
        "Net Income From Continuing And Discontinued Operation": 25032433.0,
        "Total Expenses": 158981360.0,
        "Rent Expense Supplemental": 65713016.0,
        "Total Operating Income As Reported": 36244564.0,
        "Diluted Average Shares": 45070533.0,
        "Basic Average Shares": 44430487.0,
        "Diluted EPS": 0.56,
        "Basic EPS": 0.56,
        "Diluted NI Availto Com Stockholders": 25032433.0,
        "Net Income Common Stockholders": 25032433.0,
        "Net Income": 25032433.0,
        "Minority Interests": -2454307.0,
        "Net Income Including Noncontrolling Interests": 27486740.0,
        "Net Income Continuous Operations": 27486740.0,
        "Pretax Income": 27486740.0,
        "Other Income Expense": -5441124.0,
        "Other Non Operating Income Expenses": -1621443.0,
        "Special Income Charges": -318032.0,
        "Gain On Sale Of Ppe": -318032.0,
        "Impairment Of Capital Assets": 0.0,
        "Gain On Sale Of Security": -3501649.0,
        "Net Non Operating Interest Income Expense": -3634732.0,
        "Interest Expense Non Operating": 3634732.0,
        "Interest Income Non Operating": NaN,
        "Operating Income": 36562596.0,
        "Operating Expense": 5137387.0,
        "Selling General And Administration": 5137387.0,
        "General And Administrative Expense": 5137387.0,
        "Other Gand A": 5137387.0,
        "Gross Profit": 41699983.0,
        "Cost Of Revenue": 153843973.0,
        "Total Revenue": 195543956.0,
        "Operating Revenue": 195543956.0
    },
    "2022-03-31": {
        "Diluted EPS": 0.45,
        "Total Revenue": 192,
        "Gross Profit": 49,
        "Operating Income": 20,
        "EBIT": 28,
        "Net Income": 20
    },
    "2021-12-31": {
        "Diluted EPS": 0.34,
        "Total Revenue": 235,
        "Gross Profit": 54,
        "Operating Income": 31,
        "EBIT": 38,
        "Net Income": 15
    },
    "2021-09-30": {
        "Diluted EPS": 0.6,
        "Total Revenue": 213,
        "Gross Profit": 49,
        "Operating Income": 26,
        "EBIT": 33,
        "Net Income": 27
    },
    "2021-06-30": {
        "Diluted EPS": 0.43,
        "Total Revenue": 146,
        "Gross Profit": 37,
        "Operating Income": 16,
        "EBIT": 21,
        "Net Income": 19
    },
    "2021-03-31": {
        "Diluted EPS": 0.13,
        "Total Revenue": 125,
        "Gross Profit": 23,
        "Operating Income": 6,
        "EBIT": 11,
        "Net Income": 6
    },
    "2020-12-31": {
        "Diluted EPS": 0.18,
        "Total Revenue": 113,
        "Gross Profit": 26,
        "Operating Income": 8,
        "EBIT": 13,
        "Net Income": 8
    },
    "2020-09-30": {
        "Diluted EPS": 0.17,
        "Total Revenue": 104,
        "Gross Profit": 28,
        "Operating Income": 10,
        "EBIT": 14,
        "Net Income": 8
    },
    "2020-06-30": {
        "Diluted EPS": 0.07,
        "Total Revenue": 70,
        "Gross Profit": 23,
        "Operating Income": 4,
        "EBIT": 8,
        "Net Income": 3
    },
    "2020-03-31": {
        "Diluted EPS": -0.16,
        "Total Revenue": 96,
        "Gross Profit": 16,
        "Operating Income": -2,
        "EBIT": 2,
        "Net Income": -7
    },
    "2019-12-31": {
        "Diluted EPS": -0.1,
        "Total Revenue": 130,
        "Gross Profit": 32,
        "Operating Income": -1,
        "EBIT": 4,
        "Net Income": -4
    },
    "2019-09-30": {
        "Diluted EPS": 0.19,
        "Total Revenue": 119,
        "Gross Profit": 32,
        "Operating Income": 13,
        "EBIT": 18,
        "Net Income": 8
    },
    "2019-06-30": {
        "Diluted EPS": 0.09,
        "Total Revenue": 83,
        "Gross Profit": 28,
        "Operating Income": 7,
        "EBIT": 12,
        "Net Income": 4
    },
    "2019-03-31": {
        "Diluted EPS": 0.09,
        "Total Revenue": 80,
        "Gross Profit": 22,
        "Operating Income": 4,
        "EBIT": 9,
        "Net Income": 4
    },
    "2018-12-31": {
        "Diluted EPS": 0.0,
        "Total Revenue": 102,
        "Gross Profit": 27,
        "Operating Income": 8,
        "EBIT": 12,
        "Net Income": -1
    },
    "2018-09-30": {
        "Diluted EPS": 0.19,
        "Total Revenue": 95,
        "Gross Profit": 30,
        "Operating Income": 12,
        "EBIT": 17,
        "Net Income": 8
    },
    "2018-06-30": {
        "Diluted EPS": 0.13,
        "Total Revenue": 97,
        "Gross Profit": 28,
        "Operating Income": 8,
        "EBIT": 13,
        "Net Income": 6
    },
    "2018-03-31": {
        "Diluted EPS": 0.1,
        "Total Revenue": 79,
        "Gross Profit": 26,
        "Operating Income": 8,
        "EBIT": 12,
        "Net Income": 4
    },
    "2017-12-31": {
        "Diluted EPS": 0.12,
        "Total Revenue": 103,
        "Gross Profit": 25,
        "Operating Income": 8,
        "EBIT": 12,
        "Net Income": 4
    },
    "2017-09-30": {
        "Diluted EPS": 0.17,
        "Total Revenue": 107,
        "Gross Profit": 28,
        "Operating Income": 10,
        "EBIT": 14,
        "Net Income": 7
    },
    "2017-06-30": {
        "Diluted EPS": -0.13,
        "Total Revenue": 91,
        "Gross Profit": 20,
        "Operating Income": -1,
        "EBIT": 3,
        "Net Income": -5
    },
    "2017-03-31": {
        "Diluted EPS": 0.04,
        "Total Revenue": 84,
        "Gross Profit": 20,
        "Operating Income": 0,
        "EBIT": 4,
        "Net Income": 1
    },
    "2016-12-31": {
        "Diluted EPS": 0.01,
        "Total Revenue": 66,
        "Gross Profit": 17,
        "Operating Income": 1,
        "EBIT": 5,
        "Net Income": 0
    },
    "2016-09-30": {
        "Diluted EPS": 0.17,
        "Total Revenue": 71,
        "Gross Profit": 22,
        "Operating Income": 8,
        "EBIT": 11,
        "Net Income": 6
    },
    "2016-06-30": {
        "Diluted EPS": 0.0,
        "Total Revenue": 57,
        "Gross Profit": 15,
        "Operating Income": 1,
        "EBIT": 4,
        "Net Income": 0
    },
    "2016-03-31": {
        "Diluted EPS": 0.03,
        "Total Revenue": 44,
        "Gross Profit": 17,
        "Operating Income": 3,
        "EBIT": 7,
        "Net Income": 1
    },
    "2015-12-31": {
        "Diluted EPS": -0.13,
        "Total Revenue": 56,
        "Gross Profit": 19,
        "Operating Income": -1,
        "EBIT": 2,
        "Net Income": -5
    },
    "2015-09-30": {
        "Diluted EPS": 0.08,
        "Total Revenue": 71,
        "Gross Profit": 20,
        "Operating Income": 5,
        "EBIT": 8,
        "Net Income": 3
    },
    "2015-06-30": {
        "Diluted EPS": 0.15,
        "Total Revenue": 65,
        "Gross Profit": 22,
        "Operating Income": 7,
        "EBIT": 10,
        "Net Income": 5
    },
    "2015-03-31": {
        "Diluted EPS": 0.22,
        "Total Revenue": 95,
        "Gross Profit": 25,
        "Operating Income": 10,
        "EBIT": 13,
        "Net Income": 8
    },
    "2014-12-31": {
        "Diluted EPS": -1.32,
        "Total Revenue": 103,
        "Gross Profit": 13,
        "Operating Income": -14,
        "EBIT": -10,
        "Net Income": -26
    },
    "2014-09-30": {
        "Diluted EPS": -0.42,
        "Total Revenue": 91,
        "Gross Profit": 10,
        "Operating Income": -2,
        "EBIT": 1,
        "Net Income": -6
    },
    "2014-06-30": {
        "Diluted EPS": -0.04,
        "Total Revenue": 90,
        "Gross Profit": 14,
        "Operating Income": 3,
        "EBIT": 6,
        "Net Income": -1
    },
    "2014-03-31": {
        "Diluted EPS": 0.17,
        "Total Revenue": 114,
        "Gross Profit": 22,
        "Operating Income": 10,
        "EBIT": 13,
        "Net Income": 2
    },
    "2013-12-31": {
        "Diluted EPS": 0.0,
        "Total Revenue": NaN,
        "Gross Profit": NaN,
        "Operating Income": NaN,
        "EBIT": NaN,
        "Net Income": NaN
    },
    "2013-06-30": {
        "Diluted EPS": -53.96,
        "Total Revenue": 91,
        "Gross Profit": 13,
        "Operating Income": 3,
        "EBIT": 6,
        "Net Income": -5
    },
    "2013-03-31": {
        "Diluted EPS": -1.58,
        "Total Revenue": 95,
        "Gross Profit": 17,
        "Operating Income": 7,
        "EBIT": 9,
        "Net Income": 0
    },
    "2012-12-31": {
        "Diluted EPS": 0.0,
        "Total Revenue": NaN,
        "Gross Profit": NaN,
        "Operating Income": NaN,
        "EBIT": NaN,
        "Net Income": NaN
    },
    "2011-12-31": {
        "Diluted EPS": 0.0,
        "Total Revenue": NaN,
        "Gross Profit": NaN,
        "Operating Income": NaN,
        "EBIT": NaN,
        "Net Income": NaN
    },
    "2023-06-30": {
        "Tax Effect Of Unusual Items": -283139.64,
        "Tax Rate For Calcs": 0.21,
        "Normalized EBITDA": 15367857.0,
        "Total Unusual Items": -1348284.0,
        "Total Unusual Items Excluding Goodwill": -1348284.0,
        "Net Income From Continuing Operation Net Minority Interest": 2844540.0,
        "Reconciled Depreciation": 7126995.0,
        "Reconciled Cost Of Revenue": 104297723.0,
        "EBITDA": 14019573.0,
        "EBIT": 6892578.0,
        "Net Interest Income": -3083156.0,
        "Interest Expense": 4125720.0,
        "Interest Income": 1042564.0,
        "Normalized Income": 3909684.36,
        "Net Income From Continuing And Discontinued Operation": 2844540.0,
        "Total Expenses": 110220882.0,
        "Rent Expense Supplemental": 29125662.0,
        "Total Operating Income As Reported": 7854772.0,
        "Diluted Average Shares": 45127972.0,
        "Basic Average Shares": 44775438.0,
        "Diluted EPS": 0.06,
        "Basic EPS": 0.06,
        "Diluted NI Availto Com Stockholders": 2844540.0,
        "Net Income Common Stockholders": 2844540.0,
        "Net Income": 2844540.0,
        "Minority Interests": 77682.0,
        "Net Income Including Noncontrolling Interests": 2766858.0,
        "Net Income Continuous Operations": 2766858.0,
        "Pretax Income": 2766858.0,
        "Other Income Expense": -2004758.0,
        "Other Non Operating Income Expenses": -656474.0,
        "Special Income Charges": 0.0,
        "Gain On Sale Of Ppe": 0.0,
        "Impairment Of Capital Assets": 0.0,
        "Gain On Sale Of Security": -1348284.0,
        "Net Non Operating Interest Income Expense": -3083156.0,
        "Interest Expense Non Operating": 4125720.0,
        "Interest Income Non Operating": 1042564.0,
        "Operating Income": 7854772.0,
        "Operating Expense": 5923159.0,
        "Selling General And Administration": 5923159.0,
        "General And Administrative Expense": 5923159.0,
        "Other Gand A": 5923159.0,
        "Gross Profit": 13777931.0,
        "Cost Of Revenue": 104297723.0,
        "Total Revenue": 118075654.0,
        "Operating Revenue": 118075654.0
    },
    "2023-09-30": {
        "Tax Effect Of Unusual Items": 951701.52,
        "Tax Rate For Calcs": 0.21,
        "Normalized EBITDA": 28366569.0,
        "Total Unusual Items": 4531912.0,
        "Total Unusual Items Excluding Goodwill": 4531912.0,
        "Net Income From Continuing Operation Net Minority Interest": 18868291.0,
        "Reconciled Depreciation": 8092495.0,
        "Reconciled Cost Of Revenue": 110404858.0,
        "EBITDA": 32898481.0,
        "EBIT": 24805986.0,
        "Net Interest Income": -3840380.0,
        "Interest Expense": 4615884.0,
        "Interest Income": 775504.0,
        "Normalized Income": 15288080.52,
        "Net Income From Continuing And Discontinued Operation": 18868291.0,
        "Total Expenses": 115904979.0,
        "Rent Expense Supplemental": 25466886.0,
        "Total Operating Income As Reported": 19711209.0,
        "Diluted Average Shares": 45081668.0,
        "Basic Average Shares": 44775438.0,
        "Diluted EPS": 0.42,
        "Basic EPS": 0.42,
        "Diluted NI Availto Com Stockholders": 18868291.0,
        "Net Income Common Stockholders": 18868291.0,
        "Net Income": 18868291.0,
        "Minority Interests": -1321811.0,
        "Net Income Including Noncontrolling Interests": 20190102.0,
        "Net Income Continuous Operations": 20190102.0,
        "Pretax Income": 20190102.0,
        "Other Income Expense": 4319273.0,
        "Other Non Operating Income Expenses": -212639.0,
        "Special Income Charges": 0.0,
        "Gain On Sale Of Ppe": 0.0,
        "Impairment Of Capital Assets": 0.0,
        "Gain On Sale Of Security": 4531912.0,
        "Net Non Operating Interest Income Expense": -3840380.0,
        "Interest Expense Non Operating": 4615884.0,
        "Interest Income Non Operating": 775504.0,
        "Operating Income": 19711209.0,
        "Operating Expense": 5500121.0,
        "Selling General And Administration": 5500121.0,
        "General And Administrative Expense": 5500121.0,
        "Other Gand A": 5500121.0,
        "Gross Profit": 25211330.0,
        "Cost Of Revenue": 110404858.0,
        "Total Revenue": 135616188.0,
        "Operating Revenue": 135616188.0
    },
    "2023-12-31": {
        "Tax Effect Of Unusual Items": -1312861.41,
        "Tax Rate For Calcs": 0.21,
        "Normalized EBITDA": 19688645.0,
        "Total Unusual Items": -6251721.0,
        "Total Unusual Items Excluding Goodwill": -6251721.0,
        "Net Income From Continuing Operation Net Minority Interest": 1136202.0,
        "Reconciled Depreciation": 7524045.0,
        "Reconciled Cost Of Revenue": 115089462.0,
        "EBITDA": 13436924.0,
        "EBIT": 5912879.0,
        "Net Interest Income": -3030759.0,
        "Interest Expense": 3734979.0,
        "Interest Income": 704220.0,
        "Normalized Income": 6075061.59,
        "Net Income From Continuing And Discontinued Operation": 1136202.0,
        "Total Expenses": 120755386.0,
        "Rent Expense Supplemental": 33850149.0,
        "Total Operating Income As Reported": 10555216.0,
        "Diluted Average Shares": NaN,
        "Basic Average Shares": NaN,
        "Diluted EPS": NaN,
        "Basic EPS": NaN,
        "Diluted NI Availto Com Stockholders": 1136202.0,
        "Net Income Common Stockholders": 1136202.0,
        "Net Income": 1136202.0,
        "Minority Interests": -1041698.0,
        "Net Income Including Noncontrolling Interests": 2177900.0,
        "Net Income Continuous Operations": 2177900.0,
        "Pretax Income": 2177900.0,
        "Other Income Expense": -5912872.0,
        "Other Non Operating Income Expenses": 338849.0,
        "Special Income Charges": -566315.0,
        "Gain On Sale Of Ppe": -566315.0,
        "Impairment Of Capital Assets": 0.0,
        "Gain On Sale Of Security": -5685406.0,
        "Net Non Operating Interest Income Expense": -3030759.0,
        "Interest Expense Non Operating": 3734979.0,
        "Interest Income Non Operating": 704220.0,
        "Operating Income": 11121531.0,
        "Operating Expense": 5665924.0,
        "Selling General And Administration": 5665924.0,
        "General And Administrative Expense": 5665924.0,
        "Other Gand A": 5665924.0,
        "Gross Profit": 16787455.0,
        "Cost Of Revenue": 115089462.0,
        "Total Revenue": 131876917.0,
        "Operating Revenue": 131876917.0
    }
}