{
    "2023-04-30": {
        "Tax Effect Of Unusual Items": NaN,
        "Tax Rate For Calcs": NaN,
        "Normalized EBITDA": NaN,
        "Total Unusual Items": NaN,
        "Total Unusual Items Excluding Goodwill": NaN,
        "Net Income From Continuing Operation Net Minority Interest": NaN,
        "Reconciled Depreciation": NaN,
        "Reconciled Cost Of Revenue": NaN,
        "EBITDA": NaN,
        "EBIT": NaN,
        "Net Interest Income": NaN,
        "Interest Expense": NaN,
        "Interest Income": NaN,
        "Normalized Income": NaN,
        "Net Income From Continuing And Discontinued Operation": NaN,
        "Total Expenses": NaN,
        "Total Operating Income As Reported": NaN,
        "Diluted Average Shares": 344700000.0,
        "Basic Average Shares": 303900000.0,
        "Diluted EPS": 0.31,
        "Basic EPS": 0.35,
        "Diluted NI Availto Com Stockholders": NaN,
        "Net Income Common Stockholders": NaN,
        "Net Income": NaN,
        "Net Income Including Noncontrolling Interests": NaN,
        "Net Income Continuous Operations": NaN,
        "Tax Provision": NaN,
        "Pretax Income": NaN,
        "Other Income Expense": NaN,
        "Other Non Operating Income Expenses": NaN,
        "Gain On Sale Of Security": NaN,
        "Net Non Operating Interest Income Expense": NaN,
        "Total Other Finance Cost": NaN,
        "Interest Expense Non Operating": NaN,
        "Interest Income Non Operating": NaN,
        "Operating Income": NaN,
        "Operating Expense": NaN,
        "Research And Development": NaN,
        "Selling General And Administration": NaN,
        "Selling And Marketing Expense": NaN,
        "General And Administrative Expense": NaN,
        "Other Gand A": NaN,
        "Gross Profit": NaN,
        "Cost Of Revenue": NaN,
        "Total Revenue": NaN,
        "Operating Revenue": NaN
    },
    "2023-01-31": {
        "Tax Effect Of Unusual Items": NaN,
        "Tax Rate For Calcs": NaN,
        "Normalized EBITDA": NaN,
        "Total Unusual Items": NaN,
        "Total Unusual Items Excluding Goodwill": NaN,
        "Net Income From Continuing Operation Net Minority Interest": NaN,
        "Reconciled Depreciation": NaN,
        "Reconciled Cost Of Revenue": NaN,
        "EBITDA": NaN,
        "EBIT": NaN,
        "Net Interest Income": NaN,
        "Interest Expense": NaN,
        "Interest Income": NaN,
        "Normalized Income": NaN,
        "Net Income From Continuing And Discontinued Operation": NaN,
        "Total Expenses": NaN,
        "Total Operating Income As Reported": NaN,
        "Diluted Average Shares": NaN,
        "Basic Average Shares": NaN,
        "Diluted EPS": NaN,
        "Basic EPS": NaN,
        "Diluted NI Availto Com Stockholders": NaN,
        "Net Income Common Stockholders": NaN,
        "Net Income": NaN,
        "Net Income Including Noncontrolling Interests": NaN,
        "Net Income Continuous Operations": NaN,
        "Tax Provision": NaN,
        "Pretax Income": NaN,
        "Other Income Expense": NaN,
        "Other Non Operating Income Expenses": NaN,
        "Gain On Sale Of Security": NaN,
        "Net Non Operating Interest Income Expense": NaN,
        "Total Other Finance Cost": 1700000.0,
        "Interest Expense Non Operating": NaN,
        "Interest Income Non Operating": NaN,
        "Operating Income": NaN,
        "Operating Expense": NaN,
        "Research And Development": NaN,
        "Selling General And Administration": NaN,
        "Selling And Marketing Expense": NaN,
        "General And Administrative Expense": NaN,
        "Other Gand A": NaN,
        "Gross Profit": NaN,
        "Cost Of Revenue": NaN,
        "Total Revenue": NaN,
        "Operating Revenue": NaN
    },
    "2022-10-31": {
        "Tax Effect Of Unusual Items": NaN,
        "Tax Rate For Calcs": NaN,
        "Normalized EBITDA": NaN,
        "Total Unusual Items": NaN,
        "Total Unusual Items Excluding Goodwill": NaN,
        "Net Income From Continuing Operation Net Minority Interest": NaN,
        "Reconciled Depreciation": NaN,
        "Reconciled Cost Of Revenue": NaN,
        "EBITDA": NaN,
        "EBIT": NaN,
        "Net Interest Income": NaN,
        "Interest Expense": NaN,
        "Interest Income": NaN,
        "Normalized Income": NaN,
        "Net Income From Continuing And Discontinued Operation": NaN,
        "Total Expenses": NaN,
        "Total Operating Income As Reported": NaN,
        "Diluted Average Shares": NaN,
        "Basic Average Shares": NaN,
        "Diluted EPS": NaN,
        "Basic EPS": NaN,
        "Diluted NI Availto Com Stockholders": NaN,
        "Net Income Common Stockholders": NaN,
        "Net Income": NaN,
        "Net Income Including Noncontrolling Interests": NaN,
        "Net Income Continuous Operations": NaN,
        "Tax Provision": NaN,
        "Pretax Income": NaN,
        "Other Income Expense": NaN,
        "Other Non Operating Income Expenses": NaN,
        "Gain On Sale Of Security": NaN,
        "Net Non Operating Interest Income Expense": NaN,
        "Total Other Finance Cost": 1800000.0,
        "Interest Expense Non Operating": NaN,
        "Interest Income Non Operating": NaN,
        "Operating Income": NaN,
        "Operating Expense": NaN,
        "Research And Development": NaN,
        "Selling General And Administration": NaN,
        "Selling And Marketing Expense": NaN,
        "General And Administrative Expense": NaN,
        "Other Gand A": NaN,
        "Gross Profit": NaN,
        "Cost Of Revenue": NaN,
        "Total Revenue": NaN,
        "Operating Revenue": NaN
    },
    "2022-07-31": {
        "Tax Effect Of Unusual Items": 0.0,
        "Tax Rate For Calcs": 0.4,
        "Normalized EBITDA": 24200000.0,
        "Total Unusual Items": NaN,
        "Total Unusual Items Excluding Goodwill": NaN,
        "Net Income From Continuing Operation Net Minority Interest": 3300000.0,
        "Reconciled Depreciation": 35000000.0,
        "Reconciled Cost Of Revenue": 492300000.0,
        "EBITDA": 24200000.0,
        "EBIT": 24200000.0,
        "Net Interest Income": -6900000.0,
        "Interest Expense": 6900000.0,
        "Interest Income": NaN,
        "Normalized Income": 3300000.0,
        "Net Income From Continuing And Discontinued Operation": 3300000.0,
        "Total Expenses": 1535100000.0,
        "Total Operating Income As Reported": 15400000.0,
        "Diluted Average Shares": 297900000.0,
        "Basic Average Shares": 297900000.0,
        "Diluted EPS": 0.01,
        "Basic EPS": 0.01,
        "Diluted NI Availto Com Stockholders": 3300000.0,
        "Net Income Common Stockholders": 3300000.0,
        "Net Income": 3300000.0,
        "Net Income Including Noncontrolling Interests": 3300000.0,
        "Net Income Continuous Operations": 3300000.0,
        "Tax Provision": 14000000.0,
        "Pretax Income": 17300000.0,
        "Other Income Expense": 8800000.0,
        "Other Non Operating Income Expenses": 8800000.0,
        "Gain On Sale Of Security": NaN,
        "Net Non Operating Interest Income Expense": -6900000.0,
        "Total Other Finance Cost": 1800000.0,
        "Interest Expense Non Operating": 6900000.0,
        "Interest Income Non Operating": NaN,
        "Operating Income": 15400000.0,
        "Operating Expense": 1042800000.0,
        "Research And Development": 363800000.0,
        "Selling General And Administration": 679000000.0,
        "Selling And Marketing Expense": 570600000.0,
        "General And Administrative Expense": 108400000.0,
        "Other Gand A": 108400000.0,
        "Gross Profit": 1058200000.0,
        "Cost Of Revenue": 492300000.0,
        "Total Revenue": 1550500000.0,
        "Operating Revenue": 1550500000.0
    },
    "2022-04-30": {
        "Diluted EPS": -0.25,
        "Total Revenue": NaN,
        "Gross Profit": 946,
        "Operating Income": -48,
        "EBIT": 130,
        "Net Income": -73
    },
    "2022-01-31": {
        "Diluted EPS": -0.32,
        "Total Revenue": NaN,
        "Gross Profit": 912,
        "Operating Income": -74,
        "EBIT": 100,
        "Net Income": -94
    },
    "2021-10-31": {
        "Diluted EPS": -0.35,
        "Total Revenue": NaN,
        "Gross Profit": 867,
        "Operating Income": -83,
        "EBIT": 90,
        "Net Income": -104
    },
    "2021-07-31": {
        "Diluted EPS": -0.41,
        "Total Revenue": NaN,
        "Gross Profit": 860,
        "Operating Income": -60,
        "EBIT": 150,
        "Net Income": -119
    },
    "2021-04-30": {
        "Diluted EPS": -0.5,
        "Total Revenue": NaN,
        "Gross Profit": 743,
        "Operating Income": -110,
        "EBIT": 83,
        "Net Income": -145
    },
    "2021-01-31": {
        "Diluted EPS": -0.49,
        "Total Revenue": NaN,
        "Gross Profit": 709,
        "Operating Income": -89,
        "EBIT": 94,
        "Net Income": -142
    },
    "2020-10-31": {
        "Diluted EPS": -0.32,
        "Total Revenue": 946,
        "Gross Profit": 668,
        "Operating Income": -45,
        "EBIT": 127,
        "Net Income": -92
    },
    "2020-07-31": {
        "Diluted EPS": -0.21,
        "Total Revenue": 950,
        "Gross Profit": 660,
        "Operating Income": -18,
        "EBIT": 166,
        "Net Income": -59
    },
    "2020-04-30": {
        "Diluted EPS": -0.26,
        "Total Revenue": 869,
        "Gross Profit": 611,
        "Operating Income": -57,
        "EBIT": 85,
        "Net Income": -75
    },
    "2020-01-31": {
        "Diluted EPS": -0.25,
        "Total Revenue": 817,
        "Gross Profit": 584,
        "Operating Income": -53,
        "EBIT": 76,
        "Net Income": -74
    },
    "2019-10-31": {
        "Diluted EPS": -0.21,
        "Total Revenue": 772,
        "Gross Profit": 554,
        "Operating Income": -52,
        "EBIT": 71,
        "Net Income": -60
    },
    "2019-07-31": {
        "Diluted EPS": -0.07,
        "Total Revenue": 806,
        "Gross Profit": 588,
        "Operating Income": -10,
        "EBIT": 121,
        "Net Income": -21
    },
    "2019-04-30": {
        "Diluted EPS": -0.07,
        "Total Revenue": 727,
        "Gross Profit": 522,
        "Operating Income": -19,
        "EBIT": 91,
        "Net Income": -20
    },
    "2019-01-31": {
        "Diluted EPS": -0.01,
        "Total Revenue": 711,
        "Gross Profit": 509,
        "Operating Income": 7,
        "EBIT": 104,
        "Net Income": -3
    },
    "2018-10-31": {
        "Diluted EPS": -0.14,
        "Total Revenue": 656,
        "Gross Profit": 473,
        "Operating Income": -32,
        "EBIT": 61,
        "Net Income": -38
    },
    "2018-07-31": {
        "Diluted EPS": 0.03,
        "Total Revenue": 659,
        "Gross Profit": 474,
        "Operating Income": 17,
        "EBIT": 103,
        "Net Income": 7
    },
    "2018-04-30": {
        "Diluted EPS": -0.15,
        "Total Revenue": 568,
        "Gross Profit": 408,
        "Operating Income": -45,
        "EBIT": 30,
        "Net Income": -40
    },
    "2018-01-31": {
        "Diluted EPS": -0.09,
        "Total Revenue": 546,
        "Gross Profit": 386,
        "Operating Income": -23,
        "EBIT": 35,
        "Net Income": -26
    },
    "2017-10-31": {
        "Diluted EPS": -0.23,
        "Total Revenue": 502,
        "Gross Profit": 361,
        "Operating Income": -54,
        "EBIT": 3,
        "Net Income": -63
    },
    "2017-07-31": {
        "Diluted EPS": -0.09,
        "Total Revenue": 503,
        "Gross Profit": 364,
        "Operating Income": -13,
        "EBIT": 118,
        "Net Income": -25
    },
    "2017-04-30": {
        "Diluted EPS": -0.22,
        "Total Revenue": 432,
        "Gross Profit": 308,
        "Operating Income": -49,
        "EBIT": -27,
        "Net Income": -61
    },
    "2017-01-31": {
        "Diluted EPS": -0.22,
        "Total Revenue": 423,
        "Gross Profit": 309,
        "Operating Income": -54,
        "EBIT": -33,
        "Net Income": -61
    },
    "2016-10-31": {
        "Diluted EPS": -0.21,
        "Total Revenue": 398,
        "Gross Profit": 297,
        "Operating Income": -49,
        "EBIT": -29,
        "Net Income": -57
    },
    "2016-07-31": {
        "Diluted EPS": -0.12,
        "Total Revenue": 401,
        "Gross Profit": 299,
        "Operating Income": -23,
        "EBIT": -4,
        "Net Income": -31
    },
    "2016-04-30": {
        "Diluted EPS": -0.24,
        "Total Revenue": 346,
        "Gross Profit": 251,
        "Operating Income": -53,
        "EBIT": -35,
        "Net Income": -64
    },
    "2016-01-31": {
        "Diluted EPS": -0.22,
        "Total Revenue": 335,
        "Gross Profit": 241,
        "Operating Income": -50,
        "EBIT": -33,
        "Net Income": -57
    },
    "2015-10-31": {
        "Diluted EPS": -0.16,
        "Total Revenue": 297,
        "Gross Profit": 218,
        "Operating Income": -32,
        "EBIT": -16,
        "Net Income": -40
    },
    "2015-07-31": {
        "Diluted EPS": -0.05,
        "Total Revenue": 284,
        "Gross Profit": 210,
        "Operating Income": -1,
        "EBIT": 14,
        "Net Income": -12
    },
    "2015-04-30": {
        "Diluted EPS": -0.19,
        "Total Revenue": 234,
        "Gross Profit": 170,
        "Operating Income": -37,
        "EBIT": -23,
        "Net Income": -46
    },
    "2015-01-31": {
        "Diluted EPS": -0.18,
        "Total Revenue": 218,
        "Gross Profit": 158,
        "Operating Income": -39,
        "EBIT": -25,
        "Net Income": -43
    },
    "2014-10-31": {
        "Diluted EPS": -0.13,
        "Total Revenue": 192,
        "Gross Profit": 139,
        "Operating Income": -24,
        "EBIT": -12,
        "Net Income": -30
    },
    "2014-07-31": {
        "Diluted EPS": -0.14,
        "Total Revenue": 178,
        "Gross Profit": 130,
        "Operating Income": -25,
        "EBIT": -16,
        "Net Income": -32
    },
    "2014-04-30": {
        "Diluted EPS": -0.65,
        "Total Revenue": 151,
        "Gross Profit": 111,
        "Operating Income": -146,
        "EBIT": -141,
        "Net Income": -147
    },
    "2014-01-31": {
        "Diluted EPS": -0.18,
        "Total Revenue": 141,
        "Gross Profit": 104,
        "Operating Income": -37,
        "EBIT": -33,
        "Net Income": -40
    },
    "2013-10-31": {
        "Diluted EPS": -0.04,
        "Total Revenue": 128,
        "Gross Profit": 94,
        "Operating Income": -7,
        "EBIT": -3,
        "Net Income": -8
    },
    "2013-07-31": {
        "Diluted EPS": -0.08,
        "Total Revenue": 112,
        "Gross Profit": 82,
        "Operating Income": -7,
        "EBIT": -4,
        "Net Income": -16
    },
    "2013-04-30": {
        "Diluted EPS": -0.03,
        "Total Revenue": 101,
        "Gross Profit": 74,
        "Operating Income": -6,
        "EBIT": -3,
        "Net Income": -7
    },
    "2013-01-31": {
        "Diluted EPS": -0.01,
        "Total Revenue": 96,
        "Gross Profit": 69,
        "Operating Income": -2,
        "EBIT": 1,
        "Net Income": -3
    },
    "2012-10-31": {
        "Diluted EPS": -0.02,
        "Total Revenue": 86,
        "Gross Profit": 62,
        "Operating Income": -3,
        "EBIT": -1,
        "Net Income": -4
    },
    "2012-07-31": {
        "Diluted EPS": -0.06,
        "Total Revenue": 76,
        "Gross Profit": 54,
        "Operating Income": -4,
        "EBIT": -2,
        "Net Income": -5
    },
    "2012-04-30": {
        "Diluted EPS": 0.0,
        "Total Revenue": 66,
        "Gross Profit": 47,
        "Operating Income": 0,
        "EBIT": 2,
        "Net Income": 1
    },
    "2012-01-31": {
        "Diluted EPS": 0.0,
        "Total Revenue": 57,
        "Gross Profit": 41,
        "Operating Income": 1,
        "EBIT": 3,
        "Net Income": NaN
    },
    "2011-10-31": {
        "Diluted EPS": 0.0,
        "Total Revenue": 57,
        "Gross Profit": 42,
        "Operating Income": 7,
        "EBIT": 8,
        "Net Income": NaN
    },
    "2011-07-31": {
        "Diluted EPS": 0.0,
        "Total Revenue": NaN,
        "Gross Profit": NaN,
        "Operating Income": NaN,
        "EBIT": NaN,
        "Net Income": NaN
    },
    "2010-07-31": {
        "Diluted EPS": 0.0,
        "Total Revenue": NaN,
        "Gross Profit": NaN,
        "Operating Income": NaN,
        "EBIT": NaN,
        "Net Income": NaN
    },
    "2023-07-31": {
        "Tax Effect Of Unusual Items": -785592.417062,
        "Tax Rate For Calcs": 0.280569,
        "Normalized EBITDA": 387600000.0,
        "Total Unusual Items": -2800000.0,
        "Total Unusual Items Excluding Goodwill": -2800000.0,
        "Net Income From Continuing Operation Net Minority Interest": 227700000.0,
        "Reconciled Depreciation": 69300000.0,
        "Reconciled Cost Of Revenue": 506800000.0,
        "EBITDA": 384800000.0,
        "EBIT": 315500000.0,
        "Net Interest Income": 66800000.0,
        "Interest Expense": -1000000.0,
        "Interest Income": 72500000.0,
        "Normalized Income": 229714407.582938,
        "Net Income From Continuing And Discontinued Operation": 227700000.0,
        "Total Expenses": 1699800000.0,
        "Total Operating Income As Reported": 253500000.0,
        "Diluted Average Shares": 354500000.0,
        "Basic Average Shares": 306900000.0,
        "Diluted EPS": 0.64,
        "Basic EPS": 0.74,
        "Diluted NI Availto Com Stockholders": 227700000.0,
        "Net Income Common Stockholders": 227700000.0,
        "Net Income": 227700000.0,
        "Net Income Including Noncontrolling Interests": 227700000.0,
        "Net Income Continuous Operations": 227700000.0,
        "Tax Provision": 88800000.0,
        "Pretax Income": 316500000.0,
        "Other Income Expense": -3800000.0,
        "Other Non Operating Income Expenses": -1000000.0,
        "Gain On Sale Of Security": -2800000.0,
        "Net Non Operating Interest Income Expense": 66800000.0,
        "Total Other Finance Cost": NaN,
        "Interest Expense Non Operating": -1000000.0,
        "Interest Income Non Operating": 72500000.0,
        "Operating Income": 253500000.0,
        "Operating Expense": 1193000000.0,
        "Research And Development": 414400000.0,
        "Selling General And Administration": 778600000.0,
        "Selling And Marketing Expense": 664000000.0,
        "General And Administrative Expense": 114600000.0,
        "Other Gand A": 114600000.0,
        "Gross Profit": 1446500000.0,
        "Cost Of Revenue": 506800000.0,
        "Total Revenue": 1953300000.0,
        "Operating Revenue": 1953300000.0
    },
    "2023-10-31": {
        "Tax Effect Of Unusual Items": 1596300.0,
        "Tax Rate For Calcs": 0.313,
        "Normalized EBITDA": 343700000.0,
        "Total Unusual Items": 5100000.0,
        "Total Unusual Items Excluding Goodwill": 5100000.0,
        "Net Income From Continuing Operation Net Minority Interest": 194200000.0,
        "Reconciled Depreciation": 64300000.0,
        "Reconciled Cost Of Revenue": 472800000.0,
        "EBITDA": 348800000.0,
        "EBIT": 284500000.0,
        "Net Interest Income": 68300000.0,
        "Interest Expense": 1900000.0,
        "Interest Income": 71200000.0,
        "Normalized Income": 190696300.0,
        "Net Income From Continuing And Discontinued Operation": 194200000.0,
        "Total Expenses": 1662900000.0,
        "Total Operating Income As Reported": 215200000.0,
        "Diluted Average Shares": 349800000.0,
        "Basic Average Shares": 310100000.0,
        "Diluted EPS": 0.56,
        "Basic EPS": 0.63,
        "Diluted NI Availto Com Stockholders": 194200000.0,
        "Net Income Common Stockholders": 194200000.0,
        "Net Income": 194200000.0,
        "Net Income Including Noncontrolling Interests": 194200000.0,
        "Net Income Continuous Operations": 194200000.0,
        "Tax Provision": 88400000.0,
        "Pretax Income": 282600000.0,
        "Other Income Expense": -900000.0,
        "Other Non Operating Income Expenses": -6000000.0,
        "Gain On Sale Of Security": 5100000.0,
        "Net Non Operating Interest Income Expense": 68300000.0,
        "Total Other Finance Cost": 1000000.0,
        "Interest Expense Non Operating": 1900000.0,
        "Interest Income Non Operating": 71200000.0,
        "Operating Income": 215200000.0,
        "Operating Expense": 1190100000.0,
        "Research And Development": 409500000.0,
        "Selling General And Administration": 780600000.0,
        "Selling And Marketing Expense": 660500000.0,
        "General And Administrative Expense": 120100000.0,
        "Other Gand A": 120100000.0,
        "Gross Profit": 1405300000.0,
        "Cost Of Revenue": 472800000.0,
        "Total Revenue": 1878100000.0,
        "Operating Revenue": 1878100000.0
    },
    "2024-01-31": {
        "Tax Effect Of Unusual Items": -1365000.0,
        "Tax Rate For Calcs": 0.21,
        "Normalized EBITDA": 212300000.0,
        "Total Unusual Items": -6500000.0,
        "Total Unusual Items Excluding Goodwill": -6500000.0,
        "Net Income From Continuing Operation Net Minority Interest": 1746900000.0,
        "Reconciled Depreciation": 68600000.0,
        "Reconciled Cost Of Revenue": 499100000.0,
        "EBITDA": 205800000.0,
        "EBIT": 137200000.0,
        "Net Interest Income": 82500000.0,
        "Interest Expense": 1700000.0,
        "Interest Income": 85300000.0,
        "Normalized Income": 1752035000.0,
        "Net Income From Continuing And Discontinued Operation": 1746900000.0,
        "Total Expenses": 1921500000.0,
        "Total Operating Income As Reported": 53600000.0,
        "Diluted Average Shares": 357500000.0,
        "Basic Average Shares": 319600000.0,
        "Diluted EPS": 4.89,
        "Basic EPS": 5.47,
        "Diluted NI Availto Com Stockholders": 1746900000.0,
        "Net Income Common Stockholders": 1746900000.0,
        "Net Income": 1746900000.0,
        "Net Income Including Noncontrolling Interests": 1746900000.0,
        "Net Income Continuous Operations": 1746900000.0,
        "Tax Provision": -1611400000.0,
        "Pretax Income": 135500000.0,
        "Other Income Expense": -600000.0,
        "Other Non Operating Income Expenses": 5900000.0,
        "Gain On Sale Of Security": -6500000.0,
        "Net Non Operating Interest Income Expense": 82500000.0,
        "Total Other Finance Cost": 1100000.0,
        "Interest Expense Non Operating": 1700000.0,
        "Interest Income Non Operating": 85300000.0,
        "Operating Income": 53600000.0,
        "Operating Expense": 1422400000.0,
        "Research And Development": 447900000.0,
        "Selling General And Administration": 974500000.0,
        "Selling And Marketing Expense": 673000000.0,
        "General And Administrative Expense": 301500000.0,
        "Other Gand A": 301500000.0,
        "Gross Profit": 1476000000.0,
        "Cost Of Revenue": 499100000.0,
        "Total Revenue": 1975100000.0,
        "Operating Revenue": 1975100000.0
    },
    "2024-04-30": {
        "Tax Effect Of Unusual Items": 903000.0,
        "Tax Rate For Calcs": 0.21,
        "Normalized EBITDA": 323500000.0,
        "Total Unusual Items": 4300000.0,
        "Total Unusual Items Excluding Goodwill": 4300000.0,
        "Net Income From Continuing Operation Net Minority Interest": 278800000.0,
        "Reconciled Depreciation": 74300000.0,
        "Reconciled Cost Of Revenue": 513600000.0,
        "EBITDA": 327800000.0,
        "EBIT": 253500000.0,
        "Net Interest Income": 76000000.0,
        "Interest Expense": 2300000.0,
        "Interest Income": 78300000.0,
        "Normalized Income": 275403000.0,
        "Net Income From Continuing And Discontinued Operation": 278800000.0,
        "Total Expenses": 1808100000.0,
        "Total Operating Income As Reported": 176700000.0,
        "Diluted Average Shares": 354600000.0,
        "Basic Average Shares": 322900000.0,
        "Diluted EPS": 0.79,
        "Basic EPS": 0.86,
        "Diluted NI Availto Com Stockholders": 278800000.0,
        "Net Income Common Stockholders": 278800000.0,
        "Net Income": 278800000.0,
        "Net Income Including Noncontrolling Interests": 278800000.0,
        "Net Income Continuous Operations": 278800000.0,
        "Tax Provision": -27600000.0,
        "Pretax Income": 251200000.0,
        "Other Income Expense": -1500000.0,
        "Other Non Operating Income Expenses": -5800000.0,
        "Gain On Sale Of Security": 4300000.0,
        "Net Non Operating Interest Income Expense": 76000000.0,
        "Total Other Finance Cost": NaN,
        "Interest Expense Non Operating": 2300000.0,
        "Interest Income Non Operating": 78300000.0,
        "Operating Income": 176700000.0,
        "Operating Expense": 1294500000.0,
        "Research And Development": 457200000.0,
        "Selling General And Administration": 837300000.0,
        "Selling And Marketing Expense": 718700000.0,
        "General And Administrative Expense": 118600000.0,
        "Other Gand A": 118600000.0,
        "Gross Profit": 1471200000.0,
        "Cost Of Revenue": 513600000.0,
        "Total Revenue": 1984800000.0,
        "Operating Revenue": 1984800000.0
    },
    "2024-07-31": {
        "Tax Effect Of Unusual Items": -567000.0,
        "Tax Rate For Calcs": 0.21,
        "Normalized EBITDA": 394600000.0,
        "Total Unusual Items": -2700000.0,
        "Total Unusual Items Excluding Goodwill": -2700000.0,
        "Net Income From Continuing Operation Net Minority Interest": 357700000.0,
        "Reconciled Depreciation": 76100000.0,
        "Reconciled Cost Of Revenue": 573700000.0,
        "EBITDA": 391900000.0,
        "EBIT": 315800000.0,
        "Net Interest Income": 82800000.0,
        "Interest Expense": -3200000.0,
        "Interest Income": 83100000.0,
        "Normalized Income": 359833000.0,
        "Net Income From Continuing And Discontinued Operation": 357700000.0,
        "Total Expenses": 1951100000.0,
        "Total Operating Income As Reported": 238400000.0,
        "Diluted Average Shares": 353900000.0,
        "Basic Average Shares": 324400000.0,
        "Diluted EPS": 1.01,
        "Basic EPS": 1.1,
        "Diluted NI Availto Com Stockholders": 357700000.0,
        "Net Income Common Stockholders": 357700000.0,
        "Net Income": 357700000.0,
        "Net Income Including Noncontrolling Interests": 357700000.0,
        "Net Income Continuous Operations": 357700000.0,
        "Tax Provision": -38700000.0,
        "Pretax Income": 319000000.0,
        "Other Income Expense": -2200000.0,
        "Other Non Operating Income Expenses": 500000.0,
        "Gain On Sale Of Security": -2700000.0,
        "Net Non Operating Interest Income Expense": 82800000.0,
        "Total Other Finance Cost": NaN,
        "Interest Expense Non Operating": -3200000.0,
        "Interest Income Non Operating": 83100000.0,
        "Operating Income": 238400000.0,
        "Operating Expense": 1377400000.0,
        "Research And Development": 494800000.0,
        "Selling General And Administration": 882600000.0,
        "Selling And Marketing Expense": 742300000.0,
        "General And Administrative Expense": 140300000.0,
        "Other Gand A": 140300000.0,
        "Gross Profit": 1615800000.0,
        "Cost Of Revenue": 573700000.0,
        "Total Revenue": 2189500000.0,
        "Operating Revenue": 2189500000.0
    },
    "2024-10-31": {
        "Tax Effect Of Unusual Items": -367500.0,
        "Tax Rate For Calcs": 0.049,
        "Normalized EBITDA": 460700000.0,
        "Total Unusual Items": -7500000.0,
        "Total Unusual Items Excluding Goodwill": -7500000.0,
        "Net Income From Continuing Operation Net Minority Interest": 350700000.0,
        "Reconciled Depreciation": 83900000.0,
        "Reconciled Cost Of Revenue": 554100000.0,
        "EBITDA": 453200000.0,
        "EBIT": 369300000.0,
        "Net Interest Income": 84500000.0,
        "Interest Expense": 700000.0,
        "Interest Income": 85700000.0,
        "Normalized Income": 357832500.0,
        "Net Income From Continuing And Discontinued Operation": 350700000.0,
        "Total Expenses": 1852300000.0,
        "Total Operating Income As Reported": 286500000.0,
        "Diluted Average Shares": 354500000.0,
        "Basic Average Shares": 326800000.0,
        "Diluted EPS": 0.99,
        "Basic EPS": 1.07,
        "Diluted NI Availto Com Stockholders": 350700000.0,
        "Net Income Common Stockholders": 350700000.0,
        "Net Income": 350700000.0,
        "Net Income Including Noncontrolling Interests": 350700000.0,
        "Net Income Continuous Operations": 350700000.0,
        "Tax Provision": 17900000.0,
        "Pretax Income": 368600000.0,
        "Other Income Expense": -2400000.0,
        "Other Non Operating Income Expenses": 5100000.0,
        "Gain On Sale Of Security": -7500000.0,
        "Net Non Operating Interest Income Expense": 84500000.0,
        "Total Other Finance Cost": 500000.0,
        "Interest Expense Non Operating": 700000.0,
        "Interest Income Non Operating": 85700000.0,
        "Operating Income": 286500000.0,
        "Operating Expense": 1298200000.0,
        "Research And Development": 480400000.0,
        "Selling General And Administration": 817800000.0,
        "Selling And Marketing Expense": 720100000.0,
        "General And Administrative Expense": 97700000.0,
        "Other Gand A": 97700000.0,
        "Gross Profit": 1584700000.0,
        "Cost Of Revenue": 554100000.0,
        "Total Revenue": 2138800000.0,
        "Operating Revenue": 2138800000.0
    }
}