{
    "2023-03-31": {
        "Tax Effect Of Unusual Items": NaN,
        "Tax Rate For Calcs": NaN,
        "Normalized EBITDA": NaN,
        "Total Unusual Items": NaN,
        "Total Unusual Items Excluding Goodwill": NaN,
        "Net Income From Continuing Operation Net Minority Interest": NaN,
        "Reconciled Depreciation": NaN,
        "Reconciled Cost Of Revenue": NaN,
        "EBITDA": NaN,
        "EBIT": NaN,
        "Net Interest Income": NaN,
        "Interest Expense": NaN,
        "Normalized Income": NaN,
        "Net Income From Continuing And Discontinued Operation": NaN,
        "Total Expenses": NaN,
        "Total Operating Income As Reported": NaN,
        "Diluted Average Shares": NaN,
        "Basic Average Shares": NaN,
        "Diluted EPS": NaN,
        "Basic EPS": NaN,
        "Diluted NI Availto Com Stockholders": NaN,
        "Average Dilution Earnings": NaN,
        "Net Income Common Stockholders": NaN,
        "Net Income": NaN,
        "Net Income Including Noncontrolling Interests": NaN,
        "Net Income Continuous Operations": NaN,
        "Tax Provision": NaN,
        "Pretax Income": NaN,
        "Other Income Expense": NaN,
        "Other Non Operating Income Expenses": NaN,
        "Special Income Charges": NaN,
        "Gain On Sale Of Ppe": NaN,
        "Other Special Charges": 17720000.0,
        "Restructuring And Mergern Acquisition": NaN,
        "Earnings From Equity Interest": NaN,
        "Net Non Operating Interest Income Expense": NaN,
        "Interest Expense Non Operating": NaN,
        "Operating Income": NaN,
        "Operating Expense": NaN,
        "Other Operating Expenses": NaN,
        "Research And Development": NaN,
        "Selling General And Administration": NaN,
        "General And Administrative Expense": NaN,
        "Other Gand A": NaN,
        "Gross Profit": NaN,
        "Cost Of Revenue": NaN,
        "Total Revenue": NaN,
        "Operating Revenue": NaN
    },
    "2022-12-31": {
        "Tax Effect Of Unusual Items": NaN,
        "Tax Rate For Calcs": NaN,
        "Normalized EBITDA": NaN,
        "Total Unusual Items": NaN,
        "Total Unusual Items Excluding Goodwill": NaN,
        "Net Income From Continuing Operation Net Minority Interest": NaN,
        "Reconciled Depreciation": NaN,
        "Reconciled Cost Of Revenue": NaN,
        "EBITDA": NaN,
        "EBIT": NaN,
        "Net Interest Income": NaN,
        "Interest Expense": NaN,
        "Normalized Income": NaN,
        "Net Income From Continuing And Discontinued Operation": NaN,
        "Total Expenses": NaN,
        "Total Operating Income As Reported": NaN,
        "Diluted Average Shares": NaN,
        "Basic Average Shares": NaN,
        "Diluted EPS": NaN,
        "Basic EPS": NaN,
        "Diluted NI Availto Com Stockholders": NaN,
        "Average Dilution Earnings": NaN,
        "Net Income Common Stockholders": NaN,
        "Net Income": NaN,
        "Net Income Including Noncontrolling Interests": NaN,
        "Net Income Continuous Operations": NaN,
        "Tax Provision": NaN,
        "Pretax Income": NaN,
        "Other Income Expense": NaN,
        "Other Non Operating Income Expenses": NaN,
        "Special Income Charges": NaN,
        "Gain On Sale Of Ppe": NaN,
        "Other Special Charges": 0.0,
        "Restructuring And Mergern Acquisition": NaN,
        "Earnings From Equity Interest": NaN,
        "Net Non Operating Interest Income Expense": NaN,
        "Interest Expense Non Operating": NaN,
        "Operating Income": NaN,
        "Operating Expense": NaN,
        "Other Operating Expenses": NaN,
        "Research And Development": NaN,
        "Selling General And Administration": NaN,
        "General And Administrative Expense": NaN,
        "Other Gand A": NaN,
        "Gross Profit": NaN,
        "Cost Of Revenue": NaN,
        "Total Revenue": NaN,
        "Operating Revenue": NaN
    },
    "2022-09-30": {
        "Tax Effect Of Unusual Items": NaN,
        "Tax Rate For Calcs": NaN,
        "Normalized EBITDA": NaN,
        "Total Unusual Items": NaN,
        "Total Unusual Items Excluding Goodwill": NaN,
        "Net Income From Continuing Operation Net Minority Interest": NaN,
        "Reconciled Depreciation": NaN,
        "Reconciled Cost Of Revenue": NaN,
        "EBITDA": NaN,
        "EBIT": NaN,
        "Net Interest Income": NaN,
        "Interest Expense": NaN,
        "Normalized Income": NaN,
        "Net Income From Continuing And Discontinued Operation": NaN,
        "Total Expenses": NaN,
        "Total Operating Income As Reported": NaN,
        "Diluted Average Shares": NaN,
        "Basic Average Shares": NaN,
        "Diluted EPS": NaN,
        "Basic EPS": NaN,
        "Diluted NI Availto Com Stockholders": NaN,
        "Average Dilution Earnings": 0.0,
        "Net Income Common Stockholders": NaN,
        "Net Income": NaN,
        "Net Income Including Noncontrolling Interests": NaN,
        "Net Income Continuous Operations": NaN,
        "Tax Provision": NaN,
        "Pretax Income": NaN,
        "Other Income Expense": NaN,
        "Other Non Operating Income Expenses": NaN,
        "Special Income Charges": NaN,
        "Gain On Sale Of Ppe": NaN,
        "Other Special Charges": -343000.0,
        "Restructuring And Mergern Acquisition": NaN,
        "Earnings From Equity Interest": NaN,
        "Net Non Operating Interest Income Expense": NaN,
        "Interest Expense Non Operating": NaN,
        "Operating Income": NaN,
        "Operating Expense": NaN,
        "Other Operating Expenses": NaN,
        "Research And Development": NaN,
        "Selling General And Administration": NaN,
        "General And Administrative Expense": NaN,
        "Other Gand A": NaN,
        "Gross Profit": NaN,
        "Cost Of Revenue": NaN,
        "Total Revenue": NaN,
        "Operating Revenue": NaN
    },
    "2022-06-30": {
        "Tax Effect Of Unusual Items": -42581.530782,
        "Tax Rate For Calcs": 0.007488,
        "Normalized EBITDA": 199674000.0,
        "Total Unusual Items": -5687000.0,
        "Total Unusual Items Excluding Goodwill": -5687000.0,
        "Net Income From Continuing Operation Net Minority Interest": 149125000.0,
        "Reconciled Depreciation": 25583000.0,
        "Reconciled Cost Of Revenue": 1834508000.0,
        "EBITDA": 193987000.0,
        "EBIT": 168404000.0,
        "Net Interest Income": -18154000.0,
        "Interest Expense": 18154000.0,
        "Normalized Income": 154769418.469218,
        "Net Income From Continuing And Discontinued Operation": 149125000.0,
        "Total Expenses": 1932288000.0,
        "Total Operating Income As Reported": 174029000.0,
        "Diluted Average Shares": 59642000.0,
        "Basic Average Shares": 59479000.0,
        "Diluted EPS": 2.5,
        "Basic EPS": 2.51,
        "Diluted NI Availto Com Stockholders": 149125000.0,
        "Average Dilution Earnings": NaN,
        "Net Income Common Stockholders": 149125000.0,
        "Net Income": 149125000.0,
        "Net Income Including Noncontrolling Interests": 149125000.0,
        "Net Income Continuous Operations": 149125000.0,
        "Tax Provision": 1125000.0,
        "Pretax Income": 150250000.0,
        "Other Income Expense": -5640000.0,
        "Other Non Operating Income Expenses": 47000.0,
        "Special Income Charges": -5687000.0,
        "Gain On Sale Of Ppe": -15000.0,
        "Other Special Charges": 5672000.0,
        "Write Off": NaN,
        "Restructuring And Mergern Acquisition": 0.0,
        "Earnings From Equity Interest": NaN,
        "Net Non Operating Interest Income Expense": -18154000.0,
        "Interest Expense Non Operating": 18154000.0,
        "Operating Income": 174044000.0,
        "Operating Expense": 97780000.0,
        "Other Operating Expenses": 82342000.0,
        "Research And Development": NaN,
        "Selling General And Administration": 15438000.0,
        "General And Administrative Expense": 15438000.0,
        "Other Gand A": 15438000.0,
        "Gross Profit": 271824000.0,
        "Cost Of Revenue": 1834508000.0,
        "Total Revenue": 2106332000.0,
        "Operating Revenue": 2106332000.0
    },
    "2022-03-31": {
        "Diluted EPS": -2.31,
        "Total Revenue": NaN,
        "Gross Profit": 0,
        "Operating Income": -121,
        "EBIT": -97,
        "Net Income": -137
    },
    "2021-12-31": {
        "Diluted EPS": 0.22,
        "Total Revenue": NaN,
        "Gross Profit": 140,
        "Operating Income": 24,
        "EBIT": 48,
        "Net Income": 8
    },
    "2021-09-30": {
        "Diluted EPS": 1.37,
        "Total Revenue": NaN,
        "Gross Profit": 212,
        "Operating Income": 98,
        "EBIT": 121,
        "Net Income": 82
    },
    "2021-06-30": {
        "Diluted EPS": -1.84,
        "Total Revenue": NaN,
        "Gross Profit": 20,
        "Operating Income": -85,
        "EBIT": -61,
        "Net Income": -109
    },
    "2021-03-31": {
        "Diluted EPS": -1.15,
        "Total Revenue": 889,
        "Gross Profit": 0,
        "Operating Income": -45,
        "EBIT": -22,
        "Net Income": -62
    },
    "2020-12-31": {
        "Diluted EPS": -2.47,
        "Total Revenue": 716,
        "Gross Profit": 5,
        "Operating Income": -114,
        "EBIT": -90,
        "Net Income": -132
    },
    "2020-09-30": {
        "Diluted EPS": -0.27,
        "Total Revenue": 690,
        "Gross Profit": 105,
        "Operating Income": 3,
        "EBIT": 26,
        "Net Income": -14
    },
    "2020-06-30": {
        "Diluted EPS": -0.76,
        "Total Revenue": 515,
        "Gross Profit": 74,
        "Operating Income": -25,
        "EBIT": -3,
        "Net Income": -41
    },
    "2020-03-31": {
        "Diluted EPS": -4.18,
        "Total Revenue": NaN,
        "Gross Profit": -6,
        "Operating Income": -181,
        "EBIT": -160,
        "Net Income": -222
    },
    "2019-12-31": {
        "Diluted EPS": 0.75,
        "Total Revenue": NaN,
        "Gross Profit": 174,
        "Operating Income": 60,
        "EBIT": 81,
        "Net Income": 36
    },
    "2019-09-30": {
        "Diluted EPS": -1.65,
        "Total Revenue": NaN,
        "Gross Profit": 136,
        "Operating Income": 18,
        "EBIT": 41,
        "Net Income": -84
    },
    "2019-06-30": {
        "Diluted EPS": 0.56,
        "Total Revenue": NaN,
        "Gross Profit": 158,
        "Operating Income": 49,
        "EBIT": 71,
        "Net Income": 28
    },
    "2019-03-31": {
        "Diluted EPS": 1.14,
        "Total Revenue": NaN,
        "Gross Profit": 131,
        "Operating Income": 21,
        "EBIT": 42,
        "Net Income": 61
    },
    "2018-12-31": {
        "Diluted EPS": 0.3,
        "Total Revenue": 879,
        "Gross Profit": 109,
        "Operating Income": 20,
        "EBIT": 34,
        "Net Income": 14
    },
    "2018-09-30": {
        "Diluted EPS": -0.13,
        "Total Revenue": 910,
        "Gross Profit": 87,
        "Operating Income": 5,
        "EBIT": 18,
        "Net Income": -6
    },
    "2018-06-30": {
        "Diluted EPS": 0.35,
        "Total Revenue": 856,
        "Gross Profit": 108,
        "Operating Income": 29,
        "EBIT": 42,
        "Net Income": 16
    },
    "2018-03-31": {
        "Diluted EPS": 0.33,
        "Total Revenue": 765,
        "Gross Profit": 104,
        "Operating Income": 28,
        "EBIT": 41,
        "Net Income": 15
    },
    "2017-12-31": {
        "Diluted EPS": 0.43,
        "Total Revenue": 663,
        "Gross Profit": 94,
        "Operating Income": 22,
        "EBIT": 34,
        "Net Income": 17
    },
    "2017-09-30": {
        "Diluted EPS": 0.41,
        "Total Revenue": 611,
        "Gross Profit": 101,
        "Operating Income": 27,
        "EBIT": 38,
        "Net Income": 21
    },
    "2017-06-30": {
        "Diluted EPS": 0.15,
        "Total Revenue": 564,
        "Gross Profit": 90,
        "Operating Income": 16,
        "EBIT": 28,
        "Net Income": 7
    },
    "2017-03-31": {
        "Diluted EPS": 0.58,
        "Total Revenue": 605,
        "Gross Profit": 104,
        "Operating Income": 29,
        "EBIT": 40,
        "Net Income": 27
    },
    "2016-12-31": {
        "Diluted EPS": 0.37,
        "Total Revenue": 563,
        "Gross Profit": 93,
        "Operating Income": 25,
        "EBIT": 37,
        "Net Income": 14
    },
    "2016-09-30": {
        "Diluted EPS": -0.67,
        "Total Revenue": 510,
        "Gross Profit": 51,
        "Operating Income": -22,
        "EBIT": -12,
        "Net Income": -28
    },
    "2016-06-30": {
        "Diluted EPS": -0.32,
        "Total Revenue": 414,
        "Gross Profit": 49,
        "Operating Income": -3,
        "EBIT": 2,
        "Net Income": -13
    },
    "2016-03-31": {
        "Diluted EPS": -0.46,
        "Total Revenue": 378,
        "Gross Profit": 35,
        "Operating Income": -20,
        "EBIT": -15,
        "Net Income": -19
    },
    "2015-12-31": {
        "Diluted EPS": -1.77,
        "Total Revenue": 443,
        "Gross Profit": 44,
        "Operating Income": -10,
        "EBIT": -3,
        "Net Income": -67
    },
    "2015-09-30": {
        "Diluted EPS": 0.39,
        "Total Revenue": 496,
        "Gross Profit": 90,
        "Operating Income": 26,
        "EBIT": 31,
        "Net Income": 15
    },
    "2015-06-30": {
        "Diluted EPS": 0.31,
        "Total Revenue": 584,
        "Gross Profit": 79,
        "Operating Income": 27,
        "EBIT": 32,
        "Net Income": 12
    },
    "2015-03-31": {
        "Diluted EPS": 0.01,
        "Total Revenue": 544,
        "Gross Profit": 66,
        "Operating Income": 18,
        "EBIT": 21,
        "Net Income": 0
    },
    "2014-12-31": {
        "Diluted EPS": 1.04,
        "Total Revenue": 708,
        "Gross Profit": 94,
        "Operating Income": 38,
        "EBIT": 43,
        "Net Income": 32
    },
    "2014-09-30": {
        "Diluted EPS": -1.19,
        "Total Revenue": 854,
        "Gross Profit": 24,
        "Operating Income": -37,
        "EBIT": -33,
        "Net Income": -39
    },
    "2014-06-30": {
        "Diluted EPS": -0.81,
        "Total Revenue": 802,
        "Gross Profit": 23,
        "Operating Income": -24,
        "EBIT": -21,
        "Net Income": -25
    },
    "2014-03-31": {
        "Diluted EPS": -0.48,
        "Total Revenue": 743,
        "Gross Profit": 30,
        "Operating Income": -15,
        "EBIT": -12,
        "Net Income": -15
    },
    "2013-12-31": {
        "Diluted EPS": -2.26,
        "Total Revenue": 756,
        "Gross Profit": 7,
        "Operating Income": -37,
        "EBIT": -34,
        "Net Income": -51
    },
    "2013-09-30": {
        "Diluted EPS": -0.87,
        "Total Revenue": 35,
        "Gross Profit": 5,
        "Operating Income": -8,
        "EBIT": -7,
        "Net Income": -15
    },
    "2013-06-30": {
        "Diluted EPS": -0.58,
        "Total Revenue": 29,
        "Gross Profit": 6,
        "Operating Income": -5,
        "EBIT": -4,
        "Net Income": -9
    },
    "2013-03-31": {
        "Diluted EPS": -0.3,
        "Total Revenue": 65,
        "Gross Profit": 12,
        "Operating Income": 3,
        "EBIT": 3,
        "Net Income": -5
    },
    "2012-12-31": {
        "Diluted EPS": 7.75,
        "Total Revenue": 2,
        "Gross Profit": 2,
        "Operating Income": -3,
        "EBIT": -3,
        "Net Income": -7
    },
    "2012-09-30": {
        "Diluted EPS": -1.1,
        "Total Revenue": 6,
        "Gross Profit": 6,
        "Operating Income": -159,
        "EBIT": -153,
        "Net Income": -18
    },
    "2012-06-30": {
        "Diluted EPS": -5.5,
        "Total Revenue": 8,
        "Gross Profit": 7,
        "Operating Income": -7,
        "EBIT": -2,
        "Net Income": -16
    },
    "2012-03-31": {
        "Diluted EPS": -4.6,
        "Total Revenue": 10,
        "Gross Profit": 10,
        "Operating Income": -6,
        "EBIT": -1,
        "Net Income": -13
    },
    "2011-12-31": {
        "Diluted EPS": 1.3,
        "Total Revenue": 13,
        "Gross Profit": 13,
        "Operating Income": -7,
        "EBIT": 11,
        "Net Income": -12
    },
    "2011-09-30": {
        "Diluted EPS": -154.0,
        "Total Revenue": 17,
        "Gross Profit": 16,
        "Operating Income": -428,
        "EBIT": -421,
        "Net Income": -429
    },
    "2011-06-30": {
        "Diluted EPS": -0.3,
        "Total Revenue": 17,
        "Gross Profit": 16,
        "Operating Income": -8,
        "EBIT": 7,
        "Net Income": -1
    },
    "2011-03-31": {
        "Diluted EPS": -10.0,
        "Total Revenue": 18,
        "Gross Profit": 17,
        "Operating Income": -9,
        "EBIT": 10,
        "Net Income": -28
    },
    "2010-12-31": {
        "Diluted EPS": -1.2,
        "Total Revenue": 36,
        "Gross Profit": 22,
        "Operating Income": -23,
        "EBIT": -10,
        "Net Income": -34
    },
    "2010-09-30": {
        "Diluted EPS": 4.9,
        "Total Revenue": 13,
        "Gross Profit": 12,
        "Operating Income": -14,
        "EBIT": -30,
        "Net Income": 14
    },
    "2010-06-30": {
        "Diluted EPS": -54.3,
        "Total Revenue": 15,
        "Gross Profit": 14,
        "Operating Income": -50,
        "EBIT": -6,
        "Net Income": -150
    },
    "2010-03-31": {
        "Diluted EPS": -0.5,
        "Total Revenue": 29,
        "Gross Profit": 24,
        "Operating Income": -9,
        "EBIT": 10,
        "Net Income": -13
    },
    "2009-12-31": {
        "Diluted EPS": -1.2,
        "Total Revenue": 73,
        "Gross Profit": 68,
        "Operating Income": -9,
        "EBIT": -44,
        "Net Income": -34
    },
    "2009-09-30": {
        "Diluted EPS": -3.5,
        "Total Revenue": 21,
        "Gross Profit": 17,
        "Operating Income": -81,
        "EBIT": -45,
        "Net Income": -97
    },
    "2009-06-30": {
        "Diluted EPS": -8.9,
        "Total Revenue": 21,
        "Gross Profit": 17,
        "Operating Income": -141,
        "EBIT": -100,
        "Net Income": -172
    },
    "2009-03-31": {
        "Diluted EPS": -2.5,
        "Total Revenue": 59,
        "Gross Profit": 51,
        "Operating Income": -9,
        "EBIT": 30,
        "Net Income": -26
    },
    "2023-06-30": {
        "Tax Effect Of Unusual Items": -436713.941329,
        "Tax Rate For Calcs": 0.060361,
        "Normalized EBITDA": 82301000.0,
        "Total Unusual Items": -7235000.0,
        "Total Unusual Items Excluding Goodwill": -7235000.0,
        "Net Income From Continuing Operation Net Minority Interest": 30013000.0,
        "Reconciled Depreciation": 28216000.0,
        "Reconciled Cost Of Revenue": 1603022000.0,
        "EBITDA": 75066000.0,
        "EBIT": 46850000.0,
        "Net Interest Income": -14909000.0,
        "Interest Expense": 14909000.0,
        "Normalized Income": 36811286.058671,
        "Net Income From Continuing And Discontinued Operation": 30013000.0,
        "Total Expenses": 1730646000.0,
        "Total Operating Income As Reported": 46433000.0,
        "Diluted Average Shares": 60993000.0,
        "Basic Average Shares": 60399000.0,
        "Diluted EPS": 0.49,
        "Basic EPS": 0.5,
        "Diluted NI Availto Com Stockholders": 30013000.0,
        "Average Dilution Earnings": 0.0,
        "Net Income Common Stockholders": 30013000.0,
        "Net Income": 30013000.0,
        "Net Income Including Noncontrolling Interests": 30013000.0,
        "Net Income Continuous Operations": 30013000.0,
        "Tax Provision": 1928000.0,
        "Pretax Income": 31941000.0,
        "Other Income Expense": -6431000.0,
        "Other Non Operating Income Expenses": 379000.0,
        "Special Income Charges": -7235000.0,
        "Gain On Sale Of Ppe": 0.0,
        "Other Special Charges": -38000.0,
        "Restructuring And Mergern Acquisition": 7273000.0,
        "Earnings From Equity Interest": 425000.0,
        "Net Non Operating Interest Income Expense": -14909000.0,
        "Interest Expense Non Operating": 14909000.0,
        "Operating Income": 53281000.0,
        "Operating Expense": 127624000.0,
        "Other Operating Expenses": 101843000.0,
        "Research And Development": 2613000.0,
        "Selling General And Administration": 23168000.0,
        "General And Administrative Expense": 23168000.0,
        "Other Gand A": 23168000.0,
        "Gross Profit": 180905000.0,
        "Cost Of Revenue": 1603022000.0,
        "Total Revenue": 1783927000.0,
        "Operating Revenue": 1783927000.0
    },
    "2023-09-30": {
        "Tax Effect Of Unusual Items": -122020.282362,
        "Tax Rate For Calcs": 0.026134,
        "Normalized EBITDA": 236810000.0,
        "Total Unusual Items": -4669000.0,
        "Total Unusual Items Excluding Goodwill": -4669000.0,
        "Net Income From Continuing Operation Net Minority Interest": 171415000.0,
        "Reconciled Depreciation": 35311000.0,
        "Reconciled Cost Of Revenue": 2209696000.0,
        "EBITDA": 232141000.0,
        "EBIT": 196830000.0,
        "Net Interest Income": -20815000.0,
        "Interest Expense": 20815000.0,
        "Normalized Income": 175961979.717638,
        "Net Income From Continuing And Discontinued Operation": 171415000.0,
        "Total Expenses": 2381700000.0,
        "Total Operating Income As Reported": 196873000.0,
        "Diluted Average Shares": 61404000.0,
        "Basic Average Shares": 60223000.0,
        "Diluted EPS": 2.79,
        "Basic EPS": 2.85,
        "Diluted NI Availto Com Stockholders": 171415000.0,
        "Average Dilution Earnings": 0.0,
        "Net Income Common Stockholders": 171415000.0,
        "Net Income": 171415000.0,
        "Net Income Including Noncontrolling Interests": 171415000.0,
        "Net Income Continuous Operations": 171415000.0,
        "Tax Provision": 4600000.0,
        "Pretax Income": 176015000.0,
        "Other Income Expense": -778000.0,
        "Other Non Operating Income Expenses": -43000.0,
        "Special Income Charges": -4669000.0,
        "Gain On Sale Of Ppe": 0.0,
        "Other Special Charges": NaN,
        "Restructuring And Mergern Acquisition": 4669000.0,
        "Earnings From Equity Interest": 3934000.0,
        "Net Non Operating Interest Income Expense": -20815000.0,
        "Interest Expense Non Operating": 20815000.0,
        "Operating Income": 197608000.0,
        "Operating Expense": 172004000.0,
        "Other Operating Expenses": 145183000.0,
        "Research And Development": 3127000.0,
        "Selling General And Administration": 23694000.0,
        "General And Administrative Expense": 23694000.0,
        "Other Gand A": 23694000.0,
        "Gross Profit": 369612000.0,
        "Cost Of Revenue": 2209696000.0,
        "Total Revenue": 2579308000.0,
        "Operating Revenue": 2579308000.0
    },
    "2023-12-31": {
        "Tax Effect Of Unusual Items": -359100.0,
        "Tax Rate For Calcs": 0.21,
        "Normalized EBITDA": 221376000.0,
        "Total Unusual Items": -1710000.0,
        "Total Unusual Items Excluding Goodwill": -1710000.0,
        "Net Income From Continuing Operation Net Minority Interest": 289324000.0,
        "Reconciled Depreciation": 31943000.0,
        "Reconciled Cost Of Revenue": 1831841000.0,
        "EBITDA": 219666000.0,
        "EBIT": 187723000.0,
        "Net Interest Income": -20476000.0,
        "Interest Expense": 20476000.0,
        "Normalized Income": 290674900.0,
        "Net Income From Continuing And Discontinued Operation": 289324000.0,
        "Total Expenses": 2015488000.0,
        "Total Operating Income As Reported": 175298000.0,
        "Diluted Average Shares": 60609000.0,
        "Basic Average Shares": 59403000.0,
        "Diluted EPS": 4.77,
        "Basic EPS": 4.87,
        "Diluted NI Availto Com Stockholders": 289324000.0,
        "Average Dilution Earnings": NaN,
        "Net Income Common Stockholders": 289324000.0,
        "Net Income": 289324000.0,
        "Net Income Including Noncontrolling Interests": 289324000.0,
        "Net Income Continuous Operations": 289324000.0,
        "Tax Provision": -122077000.0,
        "Pretax Income": 167247000.0,
        "Other Income Expense": 19700000.0,
        "Other Non Operating Income Expenses": -354000.0,
        "Special Income Charges": -1710000.0,
        "Gain On Sale Of Ppe": 59000.0,
        "Other Special Charges": 1500000.0,
        "Restructuring And Mergern Acquisition": 269000.0,
        "Earnings From Equity Interest": 21764000.0,
        "Net Non Operating Interest Income Expense": -20476000.0,
        "Interest Expense Non Operating": 20476000.0,
        "Operating Income": 168023000.0,
        "Operating Expense": 183647000.0,
        "Other Operating Expenses": 155441000.0,
        "Research And Development": 2907000.0,
        "Selling General And Administration": 25299000.0,
        "General And Administrative Expense": 25299000.0,
        "Other Gand A": 25299000.0,
        "Gross Profit": 351670000.0,
        "Cost Of Revenue": 1831841000.0,
        "Total Revenue": 2183511000.0,
        "Operating Revenue": 2183511000.0
    },
    "2024-03-31": {
        "Tax Effect Of Unusual Items": -117600.0,
        "Tax Rate For Calcs": 0.4,
        "Normalized EBITDA": 44452000.0,
        "Total Unusual Items": -294000.0,
        "Total Unusual Items Excluding Goodwill": -294000.0,
        "Net Income From Continuing Operation Net Minority Interest": -3751000.0,
        "Reconciled Depreciation": 32656000.0,
        "Reconciled Cost Of Revenue": 1780134000.0,
        "EBITDA": 44158000.0,
        "EBIT": 11502000.0,
        "Net Interest Income": -17884000.0,
        "Interest Expense": 17884000.0,
        "Normalized Income": -3574600.0,
        "Net Income From Continuing And Discontinued Operation": -3751000.0,
        "Total Expenses": 1977120000.0,
        "Total Operating Income As Reported": 9515000.0,
        "Diluted Average Shares": 58992000.0,
        "Basic Average Shares": 58992000.0,
        "Diluted EPS": -0.06,
        "Basic EPS": -0.06,
        "Diluted NI Availto Com Stockholders": -3751000.0,
        "Average Dilution Earnings": NaN,
        "Net Income Common Stockholders": -3751000.0,
        "Net Income": -3751000.0,
        "Net Income Including Noncontrolling Interests": -3751000.0,
        "Net Income Continuous Operations": -3751000.0,
        "Tax Provision": -2631000.0,
        "Pretax Income": -6382000.0,
        "Other Income Expense": 7787000.0,
        "Other Non Operating Income Expenses": -2576000.0,
        "Special Income Charges": -294000.0,
        "Gain On Sale Of Ppe": -51000.0,
        "Other Special Charges": NaN,
        "Restructuring And Mergern Acquisition": 243000.0,
        "Earnings From Equity Interest": 10657000.0,
        "Net Non Operating Interest Income Expense": -17884000.0,
        "Interest Expense Non Operating": 17884000.0,
        "Operating Income": 3715000.0,
        "Operating Expense": 196986000.0,
        "Other Operating Expenses": 153260000.0,
        "Research And Development": 1971000.0,
        "Selling General And Administration": 41755000.0,
        "General And Administrative Expense": 41755000.0,
        "Other Gand A": 41755000.0,
        "Gross Profit": 200701000.0,
        "Cost Of Revenue": 1780134000.0,
        "Total Revenue": 1980835000.0,
        "Operating Revenue": 1980835000.0
    },
    "2024-06-30": {
        "Tax Effect Of Unusual Items": -350145.939538,
        "Tax Rate For Calcs": 0.263466,
        "Normalized EBITDA": 79212000.0,
        "Total Unusual Items": -1329000.0,
        "Total Unusual Items Excluding Goodwill": -1329000.0,
        "Net Income From Continuing Operation Net Minority Interest": 18638000.0,
        "Reconciled Depreciation": 32144000.0,
        "Reconciled Cost Of Revenue": 1802341000.0,
        "EBITDA": 77883000.0,
        "EBIT": 45739000.0,
        "Net Interest Income": -20434000.0,
        "Interest Expense": 20434000.0,
        "Normalized Income": 19616854.060462,
        "Net Income From Continuing And Discontinued Operation": 18638000.0,
        "Total Expenses": 1972660000.0,
        "Total Operating Income As Reported": 48641000.0,
        "Diluted Average Shares": 58045000.0,
        "Basic Average Shares": 57239000.0,
        "Diluted EPS": 0.32,
        "Basic EPS": 0.33,
        "Diluted NI Availto Com Stockholders": 18638000.0,
        "Average Dilution Earnings": 0.0,
        "Net Income Common Stockholders": 18638000.0,
        "Net Income": 18638000.0,
        "Net Income Including Noncontrolling Interests": 18638000.0,
        "Net Income Continuous Operations": 18638000.0,
        "Tax Provision": 6667000.0,
        "Pretax Income": 25305000.0,
        "Other Income Expense": 931000.0,
        "Other Non Operating Income Expenses": -124000.0,
        "Special Income Charges": -1329000.0,
        "Gain On Sale Of Ppe": -63000.0,
        "Other Special Charges": 1418000.0,
        "Restructuring And Mergern Acquisition": -152000.0,
        "Earnings From Equity Interest": 2384000.0,
        "Net Non Operating Interest Income Expense": -20434000.0,
        "Interest Expense Non Operating": 20434000.0,
        "Operating Income": 44808000.0,
        "Operating Expense": 170319000.0,
        "Other Operating Expenses": 144080000.0,
        "Research And Development": 3071000.0,
        "Selling General And Administration": 23168000.0,
        "General And Administrative Expense": 23168000.0,
        "Other Gand A": 23168000.0,
        "Gross Profit": 215127000.0,
        "Cost Of Revenue": 1802341000.0,
        "Total Revenue": 2017468000.0,
        "Operating Revenue": 2017468000.0
    }
}