{
    "2023-04-30": {
        "Tax Effect Of Unusual Items": 0.0,
        "Tax Rate For Calcs": 0.21,
        "Normalized EBITDA": -37724000.0,
        "Net Income From Continuing Operation Net Minority Interest": -31901000.0,
        "Reconciled Depreciation": 8687000.0,
        "Reconciled Cost Of Revenue": 43667000.0,
        "EBITDA": -37724000.0,
        "EBIT": -46411000.0,
        "Net Interest Income": 13848000.0,
        "Interest Income": 13848000.0,
        "Normalized Income": -31901000.0,
        "Net Income From Continuing And Discontinued Operation": -31901000.0,
        "Total Expenses": 335999000.0,
        "Total Operating Income As Reported": -46411000.0,
        "Diluted Average Shares": 557878000.0,
        "Basic Average Shares": 557878000.0,
        "Diluted EPS": -0.06,
        "Basic EPS": -0.06,
        "Diluted NI Availto Com Stockholders": -31901000.0,
        "Net Income Common Stockholders": -31901000.0,
        "Net Income": -31901000.0,
        "Net Income Including Noncontrolling Interests": -31901000.0,
        "Net Income Continuous Operations": -31901000.0,
        "Tax Provision": 3632000.0,
        "Pretax Income": -28269000.0,
        "Other Income Expense": 4294000.0,
        "Other Non Operating Income Expenses": 4294000.0,
        "Net Non Operating Interest Income Expense": 13848000.0,
        "Interest Income Non Operating": 13848000.0,
        "Operating Income": -46411000.0,
        "Operating Expense": 292332000.0,
        "Research And Development": 75342000.0,
        "Selling General And Administration": 216990000.0,
        "Selling And Marketing Expense": 160406000.0,
        "General And Administrative Expense": 56584000.0,
        "Other Gand A": 56584000.0,
        "Gross Profit": 245921000.0,
        "Cost Of Revenue": 43667000.0,
        "Total Revenue": 289588000.0,
        "Operating Revenue": 289588000.0
    },
    "2023-01-31": {
        "Tax Effect Of Unusual Items": 0.0,
        "Tax Rate For Calcs": 0.21,
        "Normalized EBITDA": -36297000.0,
        "Net Income From Continuing Operation Net Minority Interest": -27689000.0,
        "Reconciled Depreciation": 8850000.0,
        "Reconciled Cost Of Revenue": 47691000.0,
        "EBITDA": -36297000.0,
        "EBIT": -45147000.0,
        "Net Interest Income": 12898000.0,
        "Interest Income": 12898000.0,
        "Normalized Income": -27689000.0,
        "Net Income From Continuing And Discontinued Operation": -27689000.0,
        "Total Expenses": 353696000.0,
        "Total Operating Income As Reported": -45147000.0,
        "Diluted Average Shares": 553766000.0,
        "Basic Average Shares": 553766000.0,
        "Diluted EPS": -0.05,
        "Basic EPS": -0.05,
        "Diluted NI Availto Com Stockholders": -27689000.0,
        "Net Income Common Stockholders": -27689000.0,
        "Net Income": -27689000.0,
        "Net Income Including Noncontrolling Interests": -27689000.0,
        "Net Income Continuous Operations": -27689000.0,
        "Tax Provision": 730000.0,
        "Pretax Income": -26959000.0,
        "Other Income Expense": 5290000.0,
        "Other Non Operating Income Expenses": 5290000.0,
        "Net Non Operating Interest Income Expense": 12898000.0,
        "Interest Income Non Operating": 12898000.0,
        "Operating Income": -45147000.0,
        "Operating Expense": 306005000.0,
        "Research And Development": 81870000.0,
        "Selling General And Administration": 224135000.0,
        "Selling And Marketing Expense": 173760000.0,
        "General And Administrative Expense": 50375000.0,
        "Other Gand A": 50375000.0,
        "Gross Profit": 260858000.0,
        "Cost Of Revenue": 47691000.0,
        "Total Revenue": 308549000.0,
        "Operating Revenue": 308549000.0
    },
    "2022-10-31": {
        "Tax Effect Of Unusual Items": 0.0,
        "Tax Rate For Calcs": 0.21,
        "Normalized EBITDA": -58105000.0,
        "Net Income From Continuing Operation Net Minority Interest": -57724000.0,
        "Reconciled Depreciation": 8886000.0,
        "Reconciled Cost Of Revenue": 42768000.0,
        "EBITDA": -58105000.0,
        "EBIT": -66991000.0,
        "Net Interest Income": 9561000.0,
        "Interest Income": 9561000.0,
        "Normalized Income": -57724000.0,
        "Net Income From Continuing And Discontinued Operation": -57724000.0,
        "Total Expenses": 329735000.0,
        "Total Operating Income As Reported": -66991000.0,
        "Diluted Average Shares": 550164000.0,
        "Basic Average Shares": 550164000.0,
        "Diluted EPS": -0.1,
        "Basic EPS": -0.1,
        "Diluted NI Availto Com Stockholders": -57724000.0,
        "Net Income Common Stockholders": -57724000.0,
        "Net Income": -57724000.0,
        "Net Income Including Noncontrolling Interests": -57724000.0,
        "Net Income Continuous Operations": -57724000.0,
        "Tax Provision": 1182000.0,
        "Pretax Income": -56542000.0,
        "Other Income Expense": 888000.0,
        "Other Non Operating Income Expenses": 888000.0,
        "Net Non Operating Interest Income Expense": 9561000.0,
        "Interest Income Non Operating": 9561000.0,
        "Operating Income": -66991000.0,
        "Operating Expense": 286967000.0,
        "Research And Development": 67341000.0,
        "Selling General And Administration": 219626000.0,
        "Selling And Marketing Expense": 156469000.0,
        "General And Administrative Expense": 63157000.0,
        "Other Gand A": 63157000.0,
        "Gross Profit": 219976000.0,
        "Cost Of Revenue": 42768000.0,
        "Total Revenue": 262744000.0,
        "Operating Revenue": 262744000.0
    },
    "2022-07-31": {
        "Tax Effect Of Unusual Items": 0.0,
        "Tax Rate For Calcs": 0.4,
        "Normalized EBITDA": -114329000.0,
        "Net Income From Continuing Operation Net Minority Interest": -120378000.0,
        "Reconciled Depreciation": 5864000.0,
        "Reconciled Cost Of Revenue": 44576000.0,
        "EBITDA": -114329000.0,
        "EBIT": -120193000.0,
        "Net Interest Income": 4505000.0,
        "Interest Income": 4505000.0,
        "Normalized Income": -120378000.0,
        "Net Income From Continuing And Discontinued Operation": -120378000.0,
        "Total Expenses": 362415000.0,
        "Total Operating Income As Reported": -120193000.0,
        "Diluted Average Shares": 546058000.0,
        "Basic Average Shares": 546058000.0,
        "Diluted EPS": -0.22,
        "Basic EPS": -0.22,
        "Diluted NI Availto Com Stockholders": -120378000.0,
        "Net Income Common Stockholders": -120378000.0,
        "Net Income": -120378000.0,
        "Net Income Including Noncontrolling Interests": -120378000.0,
        "Net Income Continuous Operations": -120378000.0,
        "Tax Provision": 4090000.0,
        "Pretax Income": -116288000.0,
        "Other Income Expense": -600000.0,
        "Other Non Operating Income Expenses": -600000.0,
        "Net Non Operating Interest Income Expense": 4505000.0,
        "Interest Income Non Operating": 4505000.0,
        "Operating Income": -120193000.0,
        "Operating Expense": 317839000.0,
        "Research And Development": 67849000.0,
        "Selling General And Administration": 249990000.0,
        "Selling And Marketing Expense": 181547000.0,
        "General And Administrative Expense": 68443000.0,
        "Other Gand A": 68443000.0,
        "Gross Profit": 197646000.0,
        "Cost Of Revenue": 44576000.0,
        "Total Revenue": 242222000.0,
        "Operating Revenue": 242222000.0
    },
    "2022-04-30": {
        "Diluted EPS": -0.23,
        "Total Revenue": 245,
        "Gross Profit": 200,
        "Operating Income": -116,
        "EBIT": -98,
        "Net Income": -123
    },
    "2022-01-31": {
        "Diluted EPS": 0.37,
        "Total Revenue": 290,
        "Gross Profit": 249,
        "Operating Income": -51,
        "EBIT": -24,
        "Net Income": -63
    },
    "2021-10-31": {
        "Diluted EPS": -0.23,
        "Total Revenue": 221,
        "Gross Profit": 178,
        "Operating Income": -116,
        "EBIT": -101,
        "Net Income": -123
    },
    "2021-07-31": {
        "Diluted EPS": -0.19,
        "Total Revenue": 196,
        "Gross Profit": 160,
        "Operating Income": -98,
        "EBIT": -86,
        "Net Income": -100
    },
    "2021-04-30": {
        "Diluted EPS": -1.11,
        "Total Revenue": 186,
        "Gross Profit": 137,
        "Operating Income": -236,
        "EBIT": -226,
        "Net Income": -240
    },
    "2021-01-31": {
        "Diluted EPS": 0.19,
        "Total Revenue": 208,
        "Gross Profit": 188,
        "Operating Income": 15,
        "EBIT": 32,
        "Net Income": 26
    },
    "2020-10-31": {
        "Diluted EPS": -0.41,
        "Total Revenue": 147,
        "Gross Profit": 130,
        "Operating Income": -63,
        "EBIT": -49,
        "Net Income": -71
    },
    "2020-07-31": {
        "Diluted EPS": 0.0,
        "Total Revenue": 139,
        "Gross Profit": 125,
        "Operating Income": -17,
        "EBIT": 1,
        "Net Income": 0
    },
    "2020-04-30": {
        "Diluted EPS": -0.33,
        "Total Revenue": 113,
        "Gross Profit": 99,
        "Operating Income": -45,
        "EBIT": -34,
        "Net Income": -53
    },
    "2020-01-31": {
        "Diluted EPS": 0.0,
        "Total Revenue": NaN,
        "Gross Profit": NaN,
        "Operating Income": NaN,
        "EBIT": NaN,
        "Net Income": NaN
    },
    "2023-07-31": {
        "Tax Effect Of Unusual Items": 0.0,
        "Tax Rate For Calcs": 0.21,
        "Normalized EBITDA": -72041000.0,
        "Net Income From Continuing Operation Net Minority Interest": -60361000.0,
        "Reconciled Depreciation": 5544000.0,
        "Reconciled Cost Of Revenue": 48987000.0,
        "EBITDA": -72041000.0,
        "EBIT": -77585000.0,
        "Net Interest Income": 13582000.0,
        "Interest Income": 13582000.0,
        "Normalized Income": -60361000.0,
        "Net Income From Continuing And Discontinued Operation": -60361000.0,
        "Total Expenses": 364895000.0,
        "Total Operating Income As Reported": -77585000.0,
        "Diluted Average Shares": 562883000.0,
        "Basic Average Shares": 562883000.0,
        "Diluted EPS": -0.11,
        "Basic EPS": -0.11,
        "Diluted NI Availto Com Stockholders": -60361000.0,
        "Net Income Common Stockholders": -60361000.0,
        "Net Income": -60361000.0,
        "Net Income Including Noncontrolling Interests": -60361000.0,
        "Net Income Continuous Operations": -60361000.0,
        "Tax Provision": 3830000.0,
        "Pretax Income": -56531000.0,
        "Other Income Expense": 7472000.0,
        "Other Non Operating Income Expenses": 7472000.0,
        "Net Non Operating Interest Income Expense": 13582000.0,
        "Interest Income Non Operating": 13582000.0,
        "Operating Income": -77585000.0,
        "Operating Expense": 315908000.0,
        "Research And Development": 86606000.0,
        "Selling General And Administration": 229302000.0,
        "Selling And Marketing Expense": 169725000.0,
        "General And Administrative Expense": 59577000.0,
        "Other Gand A": 59577000.0,
        "Gross Profit": 238323000.0,
        "Cost Of Revenue": 48987000.0,
        "Total Revenue": 287310000.0,
        "Operating Revenue": 287310000.0
    },
    "2023-10-31": {
        "Tax Effect Of Unusual Items": 0.0,
        "Tax Rate For Calcs": 0.21,
        "Normalized EBITDA": -40761000.0,
        "Net Income From Continuing Operation Net Minority Interest": -31537000.0,
        "Reconciled Depreciation": 15058000.0,
        "Reconciled Cost Of Revenue": 49920000.0,
        "EBITDA": -40761000.0,
        "EBIT": -55819000.0,
        "Net Interest Income": 14483000.0,
        "Interest Income": 14483000.0,
        "Normalized Income": -31537000.0,
        "Net Income From Continuing And Discontinued Operation": -31537000.0,
        "Total Expenses": 381740000.0,
        "Total Operating Income As Reported": -55819000.0,
        "Diluted Average Shares": 567036000.0,
        "Basic Average Shares": 567036000.0,
        "Diluted EPS": -0.06,
        "Basic EPS": -0.06,
        "Diluted NI Availto Com Stockholders": -31537000.0,
        "Net Income Common Stockholders": -31537000.0,
        "Net Income": -31537000.0,
        "Net Income Including Noncontrolling Interests": -31537000.0,
        "Net Income Continuous Operations": -31537000.0,
        "Tax Provision": 3926000.0,
        "Pretax Income": -27611000.0,
        "Other Income Expense": 13725000.0,
        "Other Non Operating Income Expenses": 13725000.0,
        "Net Non Operating Interest Income Expense": 14483000.0,
        "Interest Income Non Operating": 14483000.0,
        "Operating Income": -55819000.0,
        "Operating Expense": 331820000.0,
        "Research And Development": 84514000.0,
        "Selling General And Administration": 247306000.0,
        "Selling And Marketing Expense": 191282000.0,
        "General And Administrative Expense": 56024000.0,
        "Other Gand A": 56024000.0,
        "Gross Profit": 276001000.0,
        "Cost Of Revenue": 49920000.0,
        "Total Revenue": 325921000.0,
        "Operating Revenue": 325921000.0
    },
    "2024-01-31": {
        "Tax Effect Of Unusual Items": 0.0,
        "Tax Rate For Calcs": 0.073232,
        "Normalized EBITDA": 15095000.0,
        "Net Income From Continuing Operation Net Minority Interest": 33916000.0,
        "Reconciled Depreciation": -3621000.0,
        "Reconciled Cost Of Revenue": 53350000.0,
        "EBITDA": 15095000.0,
        "EBIT": 15095000.0,
        "Net Interest Income": 15217000.0,
        "Interest Income": 15217000.0,
        "Normalized Income": 33916000.0,
        "Net Income From Continuing And Discontinued Operation": 33916000.0,
        "Total Expenses": 390158000.0,
        "Total Operating Income As Reported": 15095000.0,
        "Diluted Average Shares": 583191000.0,
        "Basic Average Shares": 567428000.0,
        "Diluted EPS": 0.06,
        "Basic EPS": 0.06,
        "Diluted NI Availto Com Stockholders": 33916000.0,
        "Net Income Common Stockholders": 33916000.0,
        "Net Income": 33916000.0,
        "Net Income Including Noncontrolling Interests": 33916000.0,
        "Net Income Continuous Operations": 33916000.0,
        "Tax Provision": 2680000.0,
        "Pretax Income": 36596000.0,
        "Other Income Expense": 6284000.0,
        "Other Non Operating Income Expenses": 6284000.0,
        "Net Non Operating Interest Income Expense": 15217000.0,
        "Interest Income Non Operating": 15217000.0,
        "Operating Income": 15095000.0,
        "Operating Expense": 336808000.0,
        "Research And Development": 85639000.0,
        "Selling General And Administration": 251169000.0,
        "Selling And Marketing Expense": 191717000.0,
        "General And Administrative Expense": 59452000.0,
        "Other Gand A": 59452000.0,
        "Gross Profit": 351903000.0,
        "Cost Of Revenue": 53350000.0,
        "Total Revenue": 405253000.0,
        "Operating Revenue": 405253000.0
    },
    "2024-04-30": {
        "Tax Effect Of Unusual Items": 0.0,
        "Tax Rate For Calcs": 0.21,
        "Normalized EBITDA": -44563000.0,
        "Net Income From Continuing Operation Net Minority Interest": -28736000.0,
        "Reconciled Depreciation": 4902000.0,
        "Reconciled Cost Of Revenue": 55325000.0,
        "EBITDA": -44563000.0,
        "EBIT": -49465000.0,
        "Net Interest Income": 13830000.0,
        "Interest Income": 13830000.0,
        "Normalized Income": -28736000.0,
        "Net Income From Continuing And Discontinued Operation": -28736000.0,
        "Total Expenses": 384577000.0,
        "Total Operating Income As Reported": -49465000.0,
        "Diluted Average Shares": 569925000.0,
        "Basic Average Shares": 569925000.0,
        "Diluted EPS": -0.05,
        "Basic EPS": -0.05,
        "Diluted NI Availto Com Stockholders": -28736000.0,
        "Net Income Common Stockholders": -28736000.0,
        "Net Income": -28736000.0,
        "Net Income Including Noncontrolling Interests": -28736000.0,
        "Net Income Continuous Operations": -28736000.0,
        "Tax Provision": 3780000.0,
        "Pretax Income": -24956000.0,
        "Other Income Expense": 10679000.0,
        "Other Non Operating Income Expenses": 10679000.0,
        "Net Non Operating Interest Income Expense": 13830000.0,
        "Interest Income Non Operating": 13830000.0,
        "Operating Income": -49465000.0,
        "Operating Expense": 329252000.0,
        "Research And Development": 85603000.0,
        "Selling General And Administration": 243649000.0,
        "Selling And Marketing Expense": 180139000.0,
        "General And Administrative Expense": 63510000.0,
        "Other Gand A": 63510000.0,
        "Gross Profit": 279787000.0,
        "Cost Of Revenue": 55325000.0,
        "Total Revenue": 335112000.0,
        "Operating Revenue": 335112000.0
    },
    "2024-07-31": {
        "Tax Effect Of Unusual Items": 0.0,
        "Tax Rate For Calcs": 0.21,
        "Normalized EBITDA": -98768000.0,
        "Net Income From Continuing Operation Net Minority Interest": -86097000.0,
        "Reconciled Depreciation": 4581000.0,
        "Reconciled Cost Of Revenue": 63320000.0,
        "EBITDA": -98768000.0,
        "EBIT": -103349000.0,
        "Net Interest Income": 13370000.0,
        "Interest Income": 13370000.0,
        "Normalized Income": -86097000.0,
        "Net Income From Continuing And Discontinued Operation": -86097000.0,
        "Total Expenses": 419602000.0,
        "Total Operating Income As Reported": -103349000.0,
        "Diluted Average Shares": 568042000.0,
        "Basic Average Shares": 568042000.0,
        "Diluted EPS": -0.15,
        "Basic EPS": -0.15,
        "Diluted NI Availto Com Stockholders": -86097000.0,
        "Net Income Common Stockholders": -86097000.0,
        "Net Income": -86097000.0,
        "Net Income Including Noncontrolling Interests": -86097000.0,
        "Net Income Continuous Operations": -86097000.0,
        "Tax Provision": 3828000.0,
        "Pretax Income": -82269000.0,
        "Other Income Expense": 7710000.0,
        "Other Non Operating Income Expenses": 7710000.0,
        "Net Non Operating Interest Income Expense": 13370000.0,
        "Interest Income Non Operating": 13370000.0,
        "Operating Income": -103349000.0,
        "Operating Expense": 356282000.0,
        "Research And Development": 98433000.0,
        "Selling General And Administration": 257849000.0,
        "Selling And Marketing Expense": 194330000.0,
        "General And Administrative Expense": 63519000.0,
        "Other Gand A": 63519000.0,
        "Gross Profit": 252933000.0,
        "Cost Of Revenue": 63320000.0,
        "Total Revenue": 316253000.0,
        "Operating Revenue": 316253000.0
    }
}