{
    "2023-06-30": {
        "Tax Effect Of Unusual Items": 0.0,
        "Tax Rate For Calcs": 0.261,
        "Normalized EBITDA": 111557000.0,
        "Net Income From Continuing Operation Net Minority Interest": 42357000.0,
        "Reconciled Depreciation": 35982000.0,
        "Reconciled Cost Of Revenue": 694557000.0,
        "EBITDA": 111557000.0,
        "EBIT": 75575000.0,
        "Net Interest Income": -18260000.0,
        "Interest Expense": 18260000.0,
        "Normalized Income": 42357000.0,
        "Net Income From Continuing And Discontinued Operation": 42357000.0,
        "Total Expenses": 845110000.0,
        "Total Operating Income As Reported": 75575000.0,
        "Diluted Average Shares": 21787000.0,
        "Basic Average Shares": 21521000.0,
        "Diluted EPS": 1.94,
        "Basic EPS": 1.97,
        "Diluted NI Availto Com Stockholders": 42357000.0,
        "Average Dilution Earnings": 0.0,
        "Net Income Common Stockholders": 42357000.0,
        "Net Income": 42357000.0,
        "Net Income Including Noncontrolling Interests": 42357000.0,
        "Net Income Continuous Operations": 42357000.0,
        "Tax Provision": 14958000.0,
        "Pretax Income": 57315000.0,
        "Net Non Operating Interest Income Expense": -18260000.0,
        "Interest Expense Non Operating": 18260000.0,
        "Operating Income": 75575000.0,
        "Operating Expense": 134393000.0,
        "Other Operating Expenses": 36031000.0,
        "Depreciation Amortization Depletion Income Statement": 19822000.0,
        "Depreciation And Amortization In Income Statement": 19822000.0,
        "Amortization": 19822000.0,
        "Amortization Of Intangibles Income Statement": 19822000.0,
        "Selling General And Administration": 78540000.0,
        "Selling And Marketing Expense": NaN,
        "General And Administrative Expense": NaN,
        "Other Gand A": NaN,
        "Gross Profit": 209968000.0,
        "Cost Of Revenue": 710717000.0,
        "Total Revenue": 920685000.0,
        "Operating Revenue": 920685000.0
    },
    "2023-03-31": {
        "Tax Effect Of Unusual Items": 0.0,
        "Tax Rate For Calcs": 0.201,
        "Normalized EBITDA": 91744000.0,
        "Net Income From Continuing Operation Net Minority Interest": 30173000.0,
        "Reconciled Depreciation": 35510000.0,
        "Reconciled Cost Of Revenue": 690110000.0,
        "EBITDA": 91744000.0,
        "EBIT": 56234000.0,
        "Net Interest Income": -18484000.0,
        "Interest Expense": 18484000.0,
        "Normalized Income": 30173000.0,
        "Net Income From Continuing And Discontinued Operation": 30173000.0,
        "Total Expenses": 843866000.0,
        "Total Operating Income As Reported": 56234000.0,
        "Diluted Average Shares": 22512000.0,
        "Basic Average Shares": 21591000.0,
        "Diluted EPS": 1.35,
        "Basic EPS": 1.4,
        "Diluted NI Availto Com Stockholders": 30335000.0,
        "Average Dilution Earnings": 162000.0,
        "Net Income Common Stockholders": 30173000.0,
        "Net Income": 30173000.0,
        "Net Income Including Noncontrolling Interests": 30173000.0,
        "Net Income Continuous Operations": 30173000.0,
        "Tax Provision": 7577000.0,
        "Pretax Income": 37750000.0,
        "Net Non Operating Interest Income Expense": -18484000.0,
        "Interest Expense Non Operating": 18484000.0,
        "Operating Income": 56234000.0,
        "Operating Expense": 138010000.0,
        "Other Operating Expenses": 35845000.0,
        "Depreciation Amortization Depletion Income Statement": 19764000.0,
        "Depreciation And Amortization In Income Statement": 19764000.0,
        "Amortization": 19764000.0,
        "Amortization Of Intangibles Income Statement": 19764000.0,
        "Selling General And Administration": 82401000.0,
        "Selling And Marketing Expense": 35845000.0,
        "General And Administrative Expense": 82401000.0,
        "Other Gand A": 82401000.0,
        "Gross Profit": 194244000.0,
        "Cost Of Revenue": 705856000.0,
        "Total Revenue": 900100000.0,
        "Operating Revenue": 900100000.0
    },
    "2022-12-31": {
        "Tax Effect Of Unusual Items": NaN,
        "Tax Rate For Calcs": NaN,
        "Normalized EBITDA": NaN,
        "Net Income From Continuing Operation Net Minority Interest": NaN,
        "Reconciled Depreciation": NaN,
        "Reconciled Cost Of Revenue": NaN,
        "EBITDA": NaN,
        "EBIT": NaN,
        "Net Interest Income": NaN,
        "Interest Expense": NaN,
        "Normalized Income": NaN,
        "Net Income From Continuing And Discontinued Operation": NaN,
        "Total Expenses": NaN,
        "Total Operating Income As Reported": NaN,
        "Diluted Average Shares": NaN,
        "Basic Average Shares": NaN,
        "Diluted EPS": NaN,
        "Basic EPS": NaN,
        "Diluted NI Availto Com Stockholders": NaN,
        "Average Dilution Earnings": NaN,
        "Net Income Common Stockholders": NaN,
        "Net Income": NaN,
        "Net Income Including Noncontrolling Interests": NaN,
        "Net Income Continuous Operations": NaN,
        "Tax Provision": NaN,
        "Pretax Income": NaN,
        "Net Non Operating Interest Income Expense": NaN,
        "Interest Expense Non Operating": NaN,
        "Operating Income": NaN,
        "Operating Expense": NaN,
        "Other Operating Expenses": NaN,
        "Depreciation Amortization Depletion Income Statement": NaN,
        "Depreciation And Amortization In Income Statement": NaN,
        "Amortization": NaN,
        "Amortization Of Intangibles Income Statement": NaN,
        "Selling General And Administration": NaN,
        "Selling And Marketing Expense": 37813000.0,
        "General And Administrative Expense": 76544000.0,
        "Other Gand A": 76544000.0,
        "Gross Profit": NaN,
        "Cost Of Revenue": NaN,
        "Total Revenue": NaN,
        "Operating Revenue": NaN
    },
    "2022-09-30": {
        "Tax Effect Of Unusual Items": NaN,
        "Tax Rate For Calcs": NaN,
        "Normalized EBITDA": NaN,
        "Net Income From Continuing Operation Net Minority Interest": NaN,
        "Reconciled Depreciation": NaN,
        "Reconciled Cost Of Revenue": NaN,
        "EBITDA": NaN,
        "EBIT": NaN,
        "Net Interest Income": NaN,
        "Interest Expense": NaN,
        "Normalized Income": NaN,
        "Net Income From Continuing And Discontinued Operation": NaN,
        "Total Expenses": NaN,
        "Total Operating Income As Reported": NaN,
        "Diluted Average Shares": NaN,
        "Basic Average Shares": NaN,
        "Diluted EPS": NaN,
        "Basic EPS": NaN,
        "Diluted NI Availto Com Stockholders": NaN,
        "Average Dilution Earnings": NaN,
        "Net Income Common Stockholders": NaN,
        "Net Income": NaN,
        "Net Income Including Noncontrolling Interests": NaN,
        "Net Income Continuous Operations": NaN,
        "Tax Provision": NaN,
        "Pretax Income": NaN,
        "Net Non Operating Interest Income Expense": NaN,
        "Interest Expense Non Operating": NaN,
        "Operating Income": NaN,
        "Operating Expense": NaN,
        "Other Operating Expenses": NaN,
        "Depreciation Amortization Depletion Income Statement": NaN,
        "Depreciation And Amortization In Income Statement": NaN,
        "Amortization": NaN,
        "Amortization Of Intangibles Income Statement": NaN,
        "Selling General And Administration": NaN,
        "Selling And Marketing Expense": 39997000.0,
        "General And Administrative Expense": 84924000.0,
        "Other Gand A": 84924000.0,
        "Gross Profit": NaN,
        "Cost Of Revenue": NaN,
        "Total Revenue": NaN,
        "Operating Revenue": NaN
    },
    "2022-06-30": {
        "Tax Effect Of Unusual Items": 0.0,
        "Tax Rate For Calcs": 0.26818,
        "Normalized EBITDA": 206801000.0,
        "Net Income From Continuing Operation Net Minority Interest": 116524000.0,
        "Reconciled Depreciation": 32774000.0,
        "Reconciled Cost Of Revenue": 1134360000.0,
        "EBITDA": 206801000.0,
        "EBIT": 174027000.0,
        "Net Interest Income": -14802000.0,
        "Interest Expense": 14802000.0,
        "Normalized Income": 116524000.0,
        "Net Income From Continuing And Discontinued Operation": 116524000.0,
        "Total Expenses": 1301666000.0,
        "Total Operating Income As Reported": 174027000.0,
        "Diluted Average Shares": 24444000.0,
        "Basic Average Shares": 22230000.0,
        "Diluted EPS": 4.79,
        "Basic EPS": 5.24,
        "Diluted NI Availto Com Stockholders": 116524000.0,
        "Average Dilution Earnings": 481000.0,
        "Net Income Common Stockholders": 116524000.0,
        "Net Income": 116524000.0,
        "Net Income Including Noncontrolling Interests": 116524000.0,
        "Net Income Continuous Operations": 116524000.0,
        "Tax Provision": 42701000.0,
        "Pretax Income": 159225000.0,
        "Net Non Operating Interest Income Expense": -14802000.0,
        "Interest Expense Non Operating": 14802000.0,
        "Operating Income": 174027000.0,
        "Operating Expense": 153077000.0,
        "Other Operating Expenses": 44047000.0,
        "Depreciation Amortization Depletion Income Statement": 18545000.0,
        "Depreciation And Amortization In Income Statement": 18545000.0,
        "Amortization": 18545000.0,
        "Amortization Of Intangibles Income Statement": 18545000.0,
        "Selling General And Administration": 90485000.0,
        "Selling And Marketing Expense": 44047000.0,
        "General And Administrative Expense": 90485000.0,
        "Other Gand A": 90485000.0,
        "Gross Profit": 327104000.0,
        "Cost Of Revenue": 1148589000.0,
        "Total Revenue": 1475693000.0,
        "Operating Revenue": 1475693000.0
    },
    "2022-03-31": {
        "Diluted EPS": 4.54,
        "Total Revenue": NaN,
        "Gross Profit": 295,
        "Operating Income": 162,
        "EBIT": 192,
        "Net Income": 113
    },
    "2021-12-31": {
        "Diluted EPS": 2.62,
        "Total Revenue": NaN,
        "Gross Profit": 227,
        "Operating Income": 95,
        "EBIT": 126,
        "Net Income": 61
    },
    "2021-09-30": {
        "Diluted EPS": 2.45,
        "Total Revenue": NaN,
        "Gross Profit": 208,
        "Operating Income": 93,
        "EBIT": 123,
        "Net Income": 57
    },
    "2021-06-30": {
        "Diluted EPS": 2.52,
        "Total Revenue": NaN,
        "Gross Profit": 204,
        "Operating Income": 95,
        "EBIT": 123,
        "Net Income": 59
    },
    "2021-03-31": {
        "Diluted EPS": 2.04,
        "Total Revenue": 850,
        "Gross Profit": 162,
        "Operating Income": 68,
        "EBIT": 93,
        "Net Income": 48
    },
    "2020-12-31": {
        "Diluted EPS": 1.64,
        "Total Revenue": 773,
        "Gross Profit": 142,
        "Operating Income": 62,
        "EBIT": 84,
        "Net Income": 38
    },
    "2020-09-30": {
        "Diluted EPS": 1.62,
        "Total Revenue": 701,
        "Gross Profit": 133,
        "Operating Income": 60,
        "EBIT": 80,
        "Net Income": 37
    },
    "2020-06-30": {
        "Diluted EPS": 0.03,
        "Total Revenue": 424,
        "Gross Profit": 74,
        "Operating Income": 12,
        "EBIT": 31,
        "Net Income": 1
    },
    "2020-03-31": {
        "Diluted EPS": 0.91,
        "Total Revenue": 589,
        "Gross Profit": 109,
        "Operating Income": 39,
        "EBIT": 58,
        "Net Income": 21
    },
    "2019-12-31": {
        "Diluted EPS": 0.85,
        "Total Revenue": 549,
        "Gross Profit": 99,
        "Operating Income": 36,
        "EBIT": 54,
        "Net Income": 20
    },
    "2019-09-30": {
        "Diluted EPS": 0.92,
        "Total Revenue": 566,
        "Gross Profit": 104,
        "Operating Income": 37,
        "EBIT": 55,
        "Net Income": 21
    },
    "2019-06-30": {
        "Diluted EPS": 1.18,
        "Total Revenue": 613,
        "Gross Profit": 113,
        "Operating Income": 45,
        "EBIT": 62,
        "Net Income": 27
    },
    "2019-03-31": {
        "Diluted EPS": 0.9,
        "Total Revenue": 608,
        "Gross Profit": 107,
        "Operating Income": 36,
        "EBIT": 53,
        "Net Income": 21
    },
    "2018-12-31": {
        "Diluted EPS": 1.16,
        "Total Revenue": 531,
        "Gross Profit": 97,
        "Operating Income": 39,
        "EBIT": 55,
        "Net Income": 27
    },
    "2018-09-30": {
        "Diluted EPS": 1.15,
        "Total Revenue": 575,
        "Gross Profit": 107,
        "Operating Income": 45,
        "EBIT": 61,
        "Net Income": 28
    },
    "2018-06-30": {
        "Diluted EPS": 1.42,
        "Total Revenue": 605,
        "Gross Profit": 115,
        "Operating Income": 53,
        "EBIT": 69,
        "Net Income": 35
    },
    "2018-03-31": {
        "Diluted EPS": 1.2,
        "Total Revenue": 552,
        "Gross Profit": 98,
        "Operating Income": 42,
        "EBIT": 54,
        "Net Income": 30
    },
    "2017-12-31": {
        "Diluted EPS": 1.16,
        "Total Revenue": 476,
        "Gross Profit": 81,
        "Operating Income": 34,
        "EBIT": 43,
        "Net Income": 29
    },
    "2017-09-30": {
        "Diluted EPS": 0.72,
        "Total Revenue": 408,
        "Gross Profit": 69,
        "Operating Income": 30,
        "EBIT": 39,
        "Net Income": 18
    },
    "2017-06-30": {
        "Diluted EPS": 0.85,
        "Total Revenue": 407,
        "Gross Profit": 72,
        "Operating Income": 34,
        "EBIT": 42,
        "Net Income": 21
    },
    "2017-03-31": {
        "Diluted EPS": 0.75,
        "Total Revenue": 345,
        "Gross Profit": 58,
        "Operating Income": 24,
        "EBIT": 31,
        "Net Income": 17
    },
    "2016-12-31": {
        "Diluted EPS": 0.6,
        "Total Revenue": 324,
        "Gross Profit": 53,
        "Operating Income": 22,
        "EBIT": 29,
        "Net Income": 14
    },
    "2016-09-30": {
        "Diluted EPS": 0.53,
        "Total Revenue": 304,
        "Gross Profit": 49,
        "Operating Income": 20,
        "EBIT": 27,
        "Net Income": 12
    },
    "2016-06-30": {
        "Diluted EPS": 0.74,
        "Total Revenue": 315,
        "Gross Profit": 55,
        "Operating Income": 28,
        "EBIT": 34,
        "Net Income": 17
    },
    "2016-03-31": {
        "Diluted EPS": 0.57,
        "Total Revenue": 279,
        "Gross Profit": 45,
        "Operating Income": 21,
        "EBIT": 26,
        "Net Income": 13
    },
    "2015-12-31": {
        "Diluted EPS": 0.51,
        "Total Revenue": 249,
        "Gross Profit": 41,
        "Operating Income": 19,
        "EBIT": 23,
        "Net Income": 12
    },
    "2015-09-30": {
        "Diluted EPS": 0.39,
        "Total Revenue": 215,
        "Gross Profit": 35,
        "Operating Income": 15,
        "EBIT": 20,
        "Net Income": 9
    },
    "2015-06-30": {
        "Diluted EPS": 0.52,
        "Total Revenue": 233,
        "Gross Profit": 40,
        "Operating Income": 20,
        "EBIT": 24,
        "Net Income": 12
    },
    "2015-03-31": {
        "Diluted EPS": 0.39,
        "Total Revenue": 223,
        "Gross Profit": 35,
        "Operating Income": 16,
        "EBIT": 19,
        "Net Income": 9
    },
    "2014-12-31": {
        "Diluted EPS": 0.31,
        "Total Revenue": 190,
        "Gross Profit": 30,
        "Operating Income": 12,
        "EBIT": 15,
        "Net Income": 7
    },
    "2014-09-30": {
        "Diluted EPS": 0.3,
        "Total Revenue": 188,
        "Gross Profit": 30,
        "Operating Income": 12,
        "EBIT": 15,
        "Net Income": 7
    },
    "2014-06-30": {
        "Diluted EPS": 0.38,
        "Total Revenue": 188,
        "Gross Profit": 32,
        "Operating Income": 16,
        "EBIT": 18,
        "Net Income": 9
    },
    "2014-03-31": {
        "Diluted EPS": 0.28,
        "Total Revenue": 170,
        "Gross Profit": 27,
        "Operating Income": 12,
        "EBIT": 14,
        "Net Income": 7
    },
    "2013-12-31": {
        "Diluted EPS": 0.21,
        "Total Revenue": 147,
        "Gross Profit": 22,
        "Operating Income": 9,
        "EBIT": 11,
        "Net Income": 5
    },
    "2013-09-30": {
        "Diluted EPS": 0.23,
        "Total Revenue": 147,
        "Gross Profit": 22,
        "Operating Income": 9,
        "EBIT": 11,
        "Net Income": 5
    },
    "2013-06-30": {
        "Diluted EPS": 0.31,
        "Total Revenue": 160,
        "Gross Profit": 25,
        "Operating Income": 13,
        "EBIT": 15,
        "Net Income": 8
    },
    "2013-03-31": {
        "Diluted EPS": 0.24,
        "Total Revenue": 142,
        "Gross Profit": 22,
        "Operating Income": 10,
        "EBIT": 12,
        "Net Income": 6
    },
    "2012-12-31": {
        "Diluted EPS": 0.16,
        "Total Revenue": 106,
        "Gross Profit": 15,
        "Operating Income": 5,
        "EBIT": 7,
        "Net Income": 3
    },
    "2012-09-30": {
        "Diluted EPS": 0.27,
        "Total Revenue": 113,
        "Gross Profit": 17,
        "Operating Income": 7,
        "EBIT": 9,
        "Net Income": 7
    },
    "2012-06-30": {
        "Diluted EPS": 0.54,
        "Total Revenue": 116,
        "Gross Profit": 18,
        "Operating Income": 8,
        "EBIT": 9,
        "Net Income": 13
    },
    "2012-03-31": {
        "Diluted EPS": 0.21,
        "Total Revenue": 103,
        "Gross Profit": 16,
        "Operating Income": 8,
        "EBIT": 9,
        "Net Income": 5
    },
    "2011-12-31": {
        "Diluted EPS": 0.07,
        "Total Revenue": 78,
        "Gross Profit": 11,
        "Operating Income": 3,
        "EBIT": 5,
        "Net Income": 1
    },
    "2011-09-30": {
        "Diluted EPS": 0.2,
        "Total Revenue": 77,
        "Gross Profit": 13,
        "Operating Income": 5,
        "EBIT": 7,
        "Net Income": 5
    },
    "2011-06-30": {
        "Diluted EPS": 0.16,
        "Total Revenue": 83,
        "Gross Profit": 12,
        "Operating Income": 4,
        "EBIT": 6,
        "Net Income": 4
    },
    "2011-03-31": {
        "Diluted EPS": -0.06,
        "Total Revenue": 69,
        "Gross Profit": 8,
        "Operating Income": 1,
        "EBIT": 3,
        "Net Income": -1
    },
    "2010-12-31": {
        "Diluted EPS": -0.04,
        "Total Revenue": 58,
        "Gross Profit": 6,
        "Operating Income": 0,
        "EBIT": 2,
        "Net Income": -1
    },
    "2010-09-30": {
        "Diluted EPS": -0.03,
        "Total Revenue": 73,
        "Gross Profit": 8,
        "Operating Income": 1,
        "EBIT": 2,
        "Net Income": -1
    },
    "2010-06-30": {
        "Diluted EPS": 0.08,
        "Total Revenue": 84,
        "Gross Profit": 10,
        "Operating Income": 3,
        "EBIT": 5,
        "Net Income": 2
    },
    "2010-03-31": {
        "Diluted EPS": 0.04,
        "Total Revenue": 64,
        "Gross Profit": 6,
        "Operating Income": 3,
        "EBIT": 4,
        "Net Income": 1
    },
    "2009-12-31": {
        "Diluted EPS": 0.04,
        "Total Revenue": 53,
        "Gross Profit": 6,
        "Operating Income": 2,
        "EBIT": 4,
        "Net Income": 1
    },
    "2009-09-30": {
        "Diluted EPS": -0.03,
        "Total Revenue": 58,
        "Gross Profit": 7,
        "Operating Income": 2,
        "EBIT": 3,
        "Net Income": -1
    },
    "2009-06-30": {
        "Diluted EPS": -0.03,
        "Total Revenue": 56,
        "Gross Profit": 6,
        "Operating Income": 1,
        "EBIT": 2,
        "Net Income": -1
    },
    "2009-03-31": {
        "Diluted EPS": -0.2,
        "Total Revenue": 45,
        "Gross Profit": 4,
        "Operating Income": -3,
        "EBIT": -1,
        "Net Income": -4
    },
    "2023-09-30": {
        "Tax Effect Of Unusual Items": 0.0,
        "Tax Rate For Calcs": 0.27,
        "Normalized EBITDA": 107559000.0,
        "Net Income From Continuing Operation Net Minority Interest": 39550000.0,
        "Reconciled Depreciation": 36484000.0,
        "Reconciled Cost Of Revenue": 649977000.0,
        "EBITDA": 107559000.0,
        "EBIT": 71075000.0,
        "Net Interest Income": -16879000.0,
        "Interest Expense": 16879000.0,
        "Normalized Income": 39550000.0,
        "Net Income From Continuing And Discontinued Operation": 39550000.0,
        "Total Expenses": 794998000.0,
        "Total Operating Income As Reported": 71075000.0,
        "Diluted Average Shares": 21884000.0,
        "Basic Average Shares": 21511000.0,
        "Diluted EPS": 1.81,
        "Basic EPS": 1.84,
        "Diluted NI Availto Com Stockholders": 39550000.0,
        "Average Dilution Earnings": 0.0,
        "Net Income Common Stockholders": 39550000.0,
        "Net Income": 39550000.0,
        "Net Income Including Noncontrolling Interests": 39550000.0,
        "Net Income Continuous Operations": 39550000.0,
        "Tax Provision": 14646000.0,
        "Pretax Income": 54196000.0,
        "Net Non Operating Interest Income Expense": -16879000.0,
        "Interest Expense Non Operating": 16879000.0,
        "Operating Income": 71075000.0,
        "Operating Expense": 128044000.0,
        "Other Operating Expenses": 37664000.0,
        "Depreciation Amortization Depletion Income Statement": 19507000.0,
        "Depreciation And Amortization In Income Statement": 19507000.0,
        "Amortization": 19507000.0,
        "Amortization Of Intangibles Income Statement": 19507000.0,
        "Selling General And Administration": 70873000.0,
        "Selling And Marketing Expense": NaN,
        "General And Administrative Expense": NaN,
        "Other Gand A": NaN,
        "Gross Profit": 199119000.0,
        "Cost Of Revenue": 666954000.0,
        "Total Revenue": 866073000.0,
        "Operating Revenue": 866073000.0
    },
    "2023-12-31": {
        "Tax Effect Of Unusual Items": 0.0,
        "Tax Rate For Calcs": 0.266209,
        "Normalized EBITDA": 93883000.0,
        "Net Income From Continuing Operation Net Minority Interest": 30817000.0,
        "Reconciled Depreciation": 36567000.0,
        "Reconciled Cost Of Revenue": 585319000.0,
        "EBITDA": 93883000.0,
        "EBIT": 57316000.0,
        "Net Interest Income": -15319000.0,
        "Interest Expense": 15319000.0,
        "Normalized Income": 30817000.0,
        "Net Income From Continuing And Discontinued Operation": 30817000.0,
        "Total Expenses": 723871000.0,
        "Total Operating Income As Reported": 57316000.0,
        "Diluted Average Shares": 21914000.0,
        "Basic Average Shares": 21451000.0,
        "Diluted EPS": 1.41,
        "Basic EPS": 1.44,
        "Diluted NI Availto Com Stockholders": 30817000.0,
        "Average Dilution Earnings": 0.0,
        "Net Income Common Stockholders": 30817000.0,
        "Net Income": 30817000.0,
        "Net Income Including Noncontrolling Interests": 30817000.0,
        "Net Income Continuous Operations": 30817000.0,
        "Tax Provision": 11180000.0,
        "Pretax Income": 41997000.0,
        "Net Non Operating Interest Income Expense": -15319000.0,
        "Interest Expense Non Operating": 15319000.0,
        "Operating Income": 57316000.0,
        "Operating Expense": 121586000.0,
        "Other Operating Expenses": 34381000.0,
        "Depreciation Amortization Depletion Income Statement": 19601000.0,
        "Depreciation And Amortization In Income Statement": 19601000.0,
        "Amortization": 19601000.0,
        "Amortization Of Intangibles Income Statement": 19601000.0,
        "Selling General And Administration": 67604000.0,
        "Selling And Marketing Expense": NaN,
        "General And Administrative Expense": NaN,
        "Other Gand A": NaN,
        "Gross Profit": 178902000.0,
        "Cost Of Revenue": 602285000.0,
        "Total Revenue": 781187000.0,
        "Operating Revenue": 781187000.0
    },
    "2024-03-31": {
        "Tax Effect Of Unusual Items": 0.0,
        "Tax Rate For Calcs": 0.106,
        "Normalized EBITDA": 99677000.0,
        "Net Income From Continuing Operation Net Minority Interest": 35093000.0,
        "Reconciled Depreciation": 40335000.0,
        "Reconciled Cost Of Revenue": 711120000.0,
        "EBITDA": 99677000.0,
        "EBIT": 59342000.0,
        "Net Interest Income": -20090000.0,
        "Interest Expense": 20090000.0,
        "Normalized Income": 35093000.0,
        "Net Income From Continuing And Discontinued Operation": 35093000.0,
        "Total Expenses": 874150000.0,
        "Total Operating Income As Reported": 59342000.0,
        "Diluted Average Shares": 22080000.0,
        "Basic Average Shares": 21653000.0,
        "Diluted EPS": 1.59,
        "Basic EPS": 1.62,
        "Diluted NI Availto Com Stockholders": 35093000.0,
        "Average Dilution Earnings": 0.0,
        "Net Income Common Stockholders": 35093000.0,
        "Net Income": 35093000.0,
        "Net Income Including Noncontrolling Interests": 35093000.0,
        "Net Income Continuous Operations": 35093000.0,
        "Tax Provision": 4159000.0,
        "Pretax Income": 39252000.0,
        "Net Non Operating Interest Income Expense": -20090000.0,
        "Interest Expense Non Operating": 20090000.0,
        "Operating Income": 59342000.0,
        "Operating Expense": 145513000.0,
        "Other Operating Expenses": 37449000.0,
        "Depreciation Amortization Depletion Income Statement": 22818000.0,
        "Depreciation And Amortization In Income Statement": 22818000.0,
        "Amortization": 22818000.0,
        "Amortization Of Intangibles Income Statement": 22818000.0,
        "Selling General And Administration": 85246000.0,
        "Selling And Marketing Expense": NaN,
        "General And Administrative Expense": NaN,
        "Other Gand A": NaN,
        "Gross Profit": 204855000.0,
        "Cost Of Revenue": 728637000.0,
        "Total Revenue": 933492000.0,
        "Operating Revenue": 933492000.0
    }
}