{
    "2022-12-31": {
        "Tax Effect Of Unusual Items": -478389.999796,
        "Tax Rate For Calcs": 0.046896,
        "Normalized EBITDA": 75524000.0,
        "Total Unusual Items": -10201000.0,
        "Total Unusual Items Excluding Goodwill": -10201000.0,
        "Net Income From Continuing Operation Net Minority Interest": 46514000.0,
        "Reconciled Depreciation": 5746000.0,
        "Reconciled Cost Of Revenue": -46461000.0,
        "EBITDA": 65323000.0,
        "EBIT": 49463000.0,
        "Net Interest Income": -132000.0,
        "Interest Expense": 504000.0,
        "Normalized Income": 56236610.000204,
        "Net Income From Continuing And Discontinued Operation": 46514000.0,
        "Total Expenses": 23318000.0,
        "Rent Expense Supplemental": 189000.0,
        "Diluted Average Shares": NaN,
        "Basic Average Shares": NaN,
        "Diluted EPS": NaN,
        "Basic EPS": NaN,
        "Diluted NI Availto Com Stockholders": 46514000.0,
        "Net Income Common Stockholders": 46514000.0,
        "Net Income": 46514000.0,
        "Minority Interests": -149000.0,
        "Net Income Including Noncontrolling Interests": 46663000.0,
        "Net Income Continuous Operations": 46663000.0,
        "Tax Provision": 2296000.0,
        "Pretax Income": 48959000.0,
        "Other Income Expense": -18872000.0,
        "Other Non Operating Income Expenses": -7969000.0,
        "Special Income Charges": -12743000.0,
        "Gain On Sale Of Business": NaN,
        "Other Special Charges": NaN,
        "Restructuring And Mergern Acquisition": 12692000.0,
        "Earnings From Equity Interest": -702000.0,
        "Gain On Sale Of Security": 2542000.0,
        "Net Non Operating Interest Income Expense": -132000.0,
        "Total Other Finance Cost": -372000.0,
        "Interest Expense Non Operating": 504000.0,
        "Operating Income": 67963000.0,
        "Operating Expense": 69779000.0,
        "Other Taxes": 150000.0,
        "Depreciation Amortization Depletion Income Statement": 15860000.0,
        "Depreciation And Amortization In Income Statement": 15860000.0,
        "Amortization": 14796000.0,
        "Amortization Of Intangibles Income Statement": 14796000.0,
        "Depreciation Income Statement": 1064000.0,
        "Selling General And Administration": 53769000.0,
        "Selling And Marketing Expense": 877000.0,
        "General And Administrative Expense": 52892000.0,
        "Other Gand A": 6540000.0,
        "Insurance And Claims": NaN,
        "Rent And Landing Fees": 189000.0,
        "Salaries And Wages": NaN,
        "Gross Profit": 137742000.0,
        "Cost Of Revenue": -46461000.0,
        "Total Revenue": 91281000.0,
        "Excise Taxes": 2399000.0,
        "Operating Revenue": 93680000.0
    },
    "2022-09-30": {
        "Tax Effect Of Unusual Items": NaN,
        "Tax Rate For Calcs": NaN,
        "Normalized EBITDA": NaN,
        "Total Unusual Items": NaN,
        "Total Unusual Items Excluding Goodwill": NaN,
        "Net Income From Continuing Operation Net Minority Interest": NaN,
        "Reconciled Depreciation": NaN,
        "Reconciled Cost Of Revenue": NaN,
        "EBITDA": NaN,
        "EBIT": NaN,
        "Net Interest Income": NaN,
        "Interest Expense": NaN,
        "Normalized Income": NaN,
        "Net Income From Continuing And Discontinued Operation": NaN,
        "Total Expenses": NaN,
        "Rent Expense Supplemental": NaN,
        "Diluted Average Shares": 147192930.0,
        "Basic Average Shares": 147192930.0,
        "Diluted EPS": 0.08303,
        "Basic EPS": 0.08303,
        "Diluted NI Availto Com Stockholders": NaN,
        "Net Income Common Stockholders": NaN,
        "Net Income": NaN,
        "Minority Interests": NaN,
        "Net Income Including Noncontrolling Interests": NaN,
        "Net Income Continuous Operations": NaN,
        "Tax Provision": NaN,
        "Pretax Income": NaN,
        "Other Income Expense": NaN,
        "Other Non Operating Income Expenses": NaN,
        "Special Income Charges": NaN,
        "Gain On Sale Of Business": NaN,
        "Other Special Charges": 3514000.0,
        "Restructuring And Mergern Acquisition": NaN,
        "Earnings From Equity Interest": NaN,
        "Gain On Sale Of Security": NaN,
        "Net Non Operating Interest Income Expense": NaN,
        "Total Other Finance Cost": NaN,
        "Interest Expense Non Operating": NaN,
        "Operating Income": NaN,
        "Operating Expense": NaN,
        "Other Taxes": NaN,
        "Depreciation Amortization Depletion Income Statement": NaN,
        "Depreciation And Amortization In Income Statement": NaN,
        "Amortization": NaN,
        "Amortization Of Intangibles Income Statement": NaN,
        "Depreciation Income Statement": NaN,
        "Selling General And Administration": NaN,
        "Selling And Marketing Expense": NaN,
        "General And Administrative Expense": NaN,
        "Other Gand A": NaN,
        "Insurance And Claims": 27000.0,
        "Rent And Landing Fees": NaN,
        "Salaries And Wages": 6857000.0,
        "Gross Profit": NaN,
        "Cost Of Revenue": NaN,
        "Total Revenue": NaN,
        "Excise Taxes": NaN,
        "Operating Revenue": NaN
    },
    "2022-06-30": {
        "Tax Effect Of Unusual Items": 884800.0,
        "Tax Rate For Calcs": 0.4,
        "Normalized EBITDA": 18906000.0,
        "Total Unusual Items": 2212000.0,
        "Total Unusual Items Excluding Goodwill": 2212000.0,
        "Net Income From Continuing Operation Net Minority Interest": 15906000.0,
        "Reconciled Depreciation": 5123000.0,
        "Reconciled Cost Of Revenue": 24138000.0,
        "EBITDA": 21118000.0,
        "EBIT": 15995000.0,
        "Net Interest Income": -1026000.0,
        "Interest Expense": 430000.0,
        "Normalized Income": 14578800.0,
        "Net Income From Continuing And Discontinued Operation": 15906000.0,
        "Total Expenses": 39293000.0,
        "Rent Expense Supplemental": 419000.0,
        "Diluted Average Shares": 147192930.0,
        "Basic Average Shares": 147192930.0,
        "Diluted EPS": 0.10806,
        "Basic EPS": 0.10806,
        "Diluted NI Availto Com Stockholders": 15906000.0,
        "Net Income Common Stockholders": 15906000.0,
        "Net Income": 15906000.0,
        "Minority Interests": 0.0,
        "Net Income Including Noncontrolling Interests": 15906000.0,
        "Net Income Continuous Operations": 15906000.0,
        "Tax Provision": -341000.0,
        "Pretax Income": 15565000.0,
        "Other Income Expense": 266000.0,
        "Other Non Operating Income Expenses": -949000.0,
        "Special Income Charges": -878000.0,
        "Restructuring And Mergern Acquisition": 878000.0,
        "Earnings From Equity Interest": -997000.0,
        "Gain On Sale Of Security": 3090000.0,
        "Net Non Operating Interest Income Expense": -1026000.0,
        "Total Other Finance Cost": 596000.0,
        "Interest Expense Non Operating": 430000.0,
        "Operating Income": 16325000.0,
        "Operating Expense": 11876000.0,
        "Other Taxes": 48000.0,
        "Depreciation Amortization Depletion Income Statement": 1844000.0,
        "Depreciation And Amortization In Income Statement": 1844000.0,
        "Amortization": 860000.0,
        "Amortization Of Intangibles Income Statement": 860000.0,
        "Depreciation Income Statement": 984000.0,
        "Selling General And Administration": 9984000.0,
        "Selling And Marketing Expense": 224000.0,
        "General And Administrative Expense": 9760000.0,
        "Other Gand A": 9341000.0,
        "Rent And Landing Fees": 419000.0,
        "Gross Profit": 28201000.0,
        "Cost Of Revenue": 27417000.0,
        "Total Revenue": 55618000.0,
        "Excise Taxes": 942000.0,
        "Operating Revenue": 56560000.0
    },
    "2023-03-31": {
        "Tax Effect Of Unusual Items": NaN,
        "Tax Rate For Calcs": NaN,
        "Normalized EBITDA": NaN,
        "Total Unusual Items": NaN,
        "Total Unusual Items Excluding Goodwill": NaN,
        "Net Income From Continuing Operation Net Minority Interest": NaN,
        "Reconciled Depreciation": NaN,
        "Reconciled Cost Of Revenue": NaN,
        "EBITDA": NaN,
        "EBIT": NaN,
        "Net Interest Income": NaN,
        "Interest Expense": 344000.0,
        "Normalized Income": NaN,
        "Net Income From Continuing And Discontinued Operation": NaN,
        "Total Expenses": NaN,
        "Rent Expense Supplemental": 326000.0,
        "Diluted Average Shares": 147552748.0,
        "Basic Average Shares": 147525622.0,
        "Diluted EPS": 0.11686,
        "Basic EPS": 0.11688,
        "Diluted NI Availto Com Stockholders": NaN,
        "Net Income Common Stockholders": NaN,
        "Net Income": NaN,
        "Minority Interests": NaN,
        "Net Income Including Noncontrolling Interests": NaN,
        "Net Income Continuous Operations": NaN,
        "Tax Provision": NaN,
        "Pretax Income": NaN,
        "Other Income Expense": NaN,
        "Other Non Operating Income Expenses": NaN,
        "Special Income Charges": NaN,
        "Gain On Sale Of Business": NaN,
        "Other Special Charges": 3343000.0,
        "Restructuring And Mergern Acquisition": NaN,
        "Earnings From Equity Interest": NaN,
        "Gain On Sale Of Security": 412000.0,
        "Net Non Operating Interest Income Expense": NaN,
        "Total Other Finance Cost": NaN,
        "Interest Expense Non Operating": 344000.0,
        "Operating Income": NaN,
        "Operating Expense": NaN,
        "Other Taxes": 172000.0,
        "Depreciation Amortization Depletion Income Statement": NaN,
        "Depreciation And Amortization In Income Statement": NaN,
        "Amortization": NaN,
        "Amortization Of Intangibles Income Statement": NaN,
        "Depreciation Income Statement": 1097000.0,
        "Selling General And Administration": NaN,
        "Selling And Marketing Expense": 413000.0,
        "General And Administrative Expense": NaN,
        "Other Gand A": NaN,
        "Insurance And Claims": 265000.0,
        "Rent And Landing Fees": 326000.0,
        "Salaries And Wages": NaN,
        "Gross Profit": NaN,
        "Cost Of Revenue": NaN,
        "Total Revenue": NaN,
        "Excise Taxes": NaN,
        "Operating Revenue": NaN
    },
    "2022-03-31": {
        "Diluted EPS": 0.12,
        "Total Revenue": 55,
        "Gross Profit": 27,
        "Operating Income": 18,
        "EBIT": 23,
        "Net Income": 18
    },
    "2021-12-31": {
        "Diluted EPS": 0.1,
        "Total Revenue": 46,
        "Gross Profit": 30,
        "Operating Income": 15,
        "EBIT": 17,
        "Net Income": 14
    },
    "2021-09-30": {
        "Diluted EPS": 0.16,
        "Total Revenue": 40,
        "Gross Profit": 25,
        "Operating Income": 21,
        "EBIT": 23,
        "Net Income": 22
    },
    "2021-06-30": {
        "Diluted EPS": 0.54,
        "Total Revenue": 119,
        "Gross Profit": 76,
        "Operating Income": 72,
        "EBIT": 74,
        "Net Income": 73
    },
    "2021-03-31": {
        "Diluted EPS": 0.11,
        "Total Revenue": 31,
        "Gross Profit": 19,
        "Operating Income": 14,
        "EBIT": 16,
        "Net Income": 13
    },
    "2020-12-31": {
        "Diluted EPS": 0.12,
        "Total Revenue": 32,
        "Gross Profit": 25,
        "Operating Income": 17,
        "EBIT": 19,
        "Net Income": 16
    },
    "2020-09-30": {
        "Diluted EPS": 0.18,
        "Total Revenue": 33,
        "Gross Profit": 23,
        "Operating Income": 20,
        "EBIT": 22,
        "Net Income": 21
    },
    "2020-06-30": {
        "Diluted EPS": 0.12,
        "Total Revenue": 25,
        "Gross Profit": 17,
        "Operating Income": 14,
        "EBIT": 16,
        "Net Income": 14
    },
    "2020-03-31": {
        "Diluted EPS": 0.1,
        "Total Revenue": 26,
        "Gross Profit": 17,
        "Operating Income": 14,
        "EBIT": 16,
        "Net Income": 12
    },
    "2019-12-31": {
        "Diluted EPS": 0.0,
        "Total Revenue": NaN,
        "Gross Profit": NaN,
        "Operating Income": NaN,
        "EBIT": NaN,
        "Net Income": NaN
    },
    "2018-12-31": {
        "Diluted EPS": 0.0,
        "Total Revenue": NaN,
        "Gross Profit": NaN,
        "Operating Income": NaN,
        "EBIT": NaN,
        "Net Income": NaN
    },
    "2023-06-30": {
        "Tax Effect Of Unusual Items": -2181270.0,
        "Tax Rate For Calcs": 0.21,
        "Normalized EBITDA": 45774000.0,
        "Total Unusual Items": -10387000.0,
        "Total Unusual Items Excluding Goodwill": -10387000.0,
        "Net Income From Continuing Operation Net Minority Interest": 35701000.0,
        "Reconciled Depreciation": 6731000.0,
        "Reconciled Cost Of Revenue": 10082000.0,
        "EBITDA": 35387000.0,
        "EBIT": 28656000.0,
        "Net Interest Income": -436000.0,
        "Interest Expense": 315000.0,
        "Normalized Income": 43906730.0,
        "Net Income From Continuing And Discontinued Operation": 35701000.0,
        "Total Expenses": 39335000.0,
        "Rent Expense Supplemental": 231000.0,
        "Diluted Average Shares": 147875671.0,
        "Basic Average Shares": 147875671.0,
        "Diluted EPS": 0.241419,
        "Basic EPS": 0.241419,
        "Diluted NI Availto Com Stockholders": 35701000.0,
        "Net Income Common Stockholders": 35701000.0,
        "Net Income": 35701000.0,
        "Minority Interests": -325000.0,
        "Net Income Including Noncontrolling Interests": 36026000.0,
        "Net Income Continuous Operations": 36026000.0,
        "Tax Provision": -7685000.0,
        "Pretax Income": 28341000.0,
        "Other Income Expense": -10479000.0,
        "Other Non Operating Income Expenses": -156000.0,
        "Special Income Charges": -11648000.0,
        "Gain On Sale Of Business": 4199000.0,
        "Other Special Charges": 2823000.0,
        "Restructuring And Mergern Acquisition": 13024000.0,
        "Earnings From Equity Interest": 64000.0,
        "Gain On Sale Of Security": 1261000.0,
        "Net Non Operating Interest Income Expense": -436000.0,
        "Total Other Finance Cost": 121000.0,
        "Interest Expense Non Operating": 315000.0,
        "Operating Income": 39256000.0,
        "Operating Expense": 29253000.0,
        "Other Taxes": 172000.0,
        "Depreciation Amortization Depletion Income Statement": 6731000.0,
        "Depreciation And Amortization In Income Statement": 6731000.0,
        "Amortization": 5520000.0,
        "Amortization Of Intangibles Income Statement": 5520000.0,
        "Depreciation Income Statement": 1211000.0,
        "Selling General And Administration": 22350000.0,
        "Selling And Marketing Expense": 518000.0,
        "General And Administrative Expense": 21832000.0,
        "Other Gand A": 7816000.0,
        "Insurance And Claims": 170000.0,
        "Rent And Landing Fees": 231000.0,
        "Salaries And Wages": 13615000.0,
        "Gross Profit": 68509000.0,
        "Cost Of Revenue": 10082000.0,
        "Total Revenue": 78591000.0,
        "Excise Taxes": 2493000.0,
        "Operating Revenue": 81084000.0
    },
    "2023-09-30": {
        "Tax Effect Of Unusual Items": -2267160.0,
        "Tax Rate For Calcs": 0.21,
        "Normalized EBITDA": 36568000.0,
        "Total Unusual Items": -10796000.0,
        "Total Unusual Items Excluding Goodwill": -10796000.0,
        "Net Income From Continuing Operation Net Minority Interest": 18468000.0,
        "Reconciled Depreciation": 7180000.0,
        "Reconciled Cost Of Revenue": 10174000.0,
        "EBITDA": 25772000.0,
        "EBIT": 18592000.0,
        "Net Interest Income": -928000.0,
        "Interest Expense": 306000.0,
        "Normalized Income": 26996840.0,
        "Net Income From Continuing And Discontinued Operation": 18468000.0,
        "Total Expenses": 33067000.0,
        "Rent Expense Supplemental": 429000.0,
        "Diluted Average Shares": 148283533.0,
        "Basic Average Shares": 148215434.0,
        "Diluted EPS": 0.12455,
        "Basic EPS": 0.1246,
        "Diluted NI Availto Com Stockholders": 18468000.0,
        "Net Income Common Stockholders": 18468000.0,
        "Net Income": 18468000.0,
        "Minority Interests": -371000.0,
        "Net Income Including Noncontrolling Interests": 18839000.0,
        "Net Income Continuous Operations": 18839000.0,
        "Tax Provision": -553000.0,
        "Pretax Income": 18286000.0,
        "Other Income Expense": -11255000.0,
        "Other Non Operating Income Expenses": -417000.0,
        "Special Income Charges": -12872000.0,
        "Gain On Sale Of Business": NaN,
        "Other Special Charges": NaN,
        "Restructuring And Mergern Acquisition": 12872000.0,
        "Earnings From Equity Interest": -42000.0,
        "Gain On Sale Of Security": 2076000.0,
        "Net Non Operating Interest Income Expense": -928000.0,
        "Total Other Finance Cost": 622000.0,
        "Interest Expense Non Operating": 306000.0,
        "Operating Income": 30469000.0,
        "Operating Expense": 22893000.0,
        "Other Taxes": 210000.0,
        "Depreciation Amortization Depletion Income Statement": 7180000.0,
        "Depreciation And Amortization In Income Statement": 7180000.0,
        "Amortization": 5875000.0,
        "Amortization Of Intangibles Income Statement": 5875000.0,
        "Depreciation Income Statement": 1305000.0,
        "Selling General And Administration": 15503000.0,
        "Selling And Marketing Expense": 1109000.0,
        "General And Administrative Expense": 14394000.0,
        "Other Gand A": 8215000.0,
        "Insurance And Claims": 122000.0,
        "Rent And Landing Fees": 429000.0,
        "Salaries And Wages": 5628000.0,
        "Gross Profit": 53362000.0,
        "Cost Of Revenue": 10174000.0,
        "Total Revenue": 63536000.0,
        "Excise Taxes": 1358000.0,
        "Operating Revenue": 64894000.0
    },
    "2023-12-31": {
        "Tax Effect Of Unusual Items": 786584.803283,
        "Tax Rate For Calcs": 0.045203,
        "Normalized EBITDA": 40769000.0,
        "Total Unusual Items": 17401000.0,
        "Total Unusual Items Excluding Goodwill": 17401000.0,
        "Net Income From Continuing Operation Net Minority Interest": 46988000.0,
        "Reconciled Depreciation": 7210000.0,
        "Reconciled Cost Of Revenue": 8665000.0,
        "EBITDA": 58170000.0,
        "EBIT": 50960000.0,
        "Net Interest Income": -500000.0,
        "Interest Expense": 278000.0,
        "Normalized Income": 30373584.803283,
        "Net Income From Continuing And Discontinued Operation": 46988000.0,
        "Total Expenses": 56414000.0,
        "Rent Expense Supplemental": 93000.0,
        "Diluted Average Shares": NaN,
        "Basic Average Shares": NaN,
        "Diluted EPS": NaN,
        "Basic EPS": NaN,
        "Diluted NI Availto Com Stockholders": 46988000.0,
        "Net Income Common Stockholders": 46988000.0,
        "Net Income": 46988000.0,
        "Minority Interests": -1403000.0,
        "Net Income Including Noncontrolling Interests": 48391000.0,
        "Net Income Continuous Operations": 48391000.0,
        "Tax Provision": 2291000.0,
        "Pretax Income": 50682000.0,
        "Other Income Expense": -4142000.0,
        "Other Non Operating Income Expenses": -17166000.0,
        "Special Income Charges": 19956000.0,
        "Gain On Sale Of Business": NaN,
        "Other Special Charges": NaN,
        "Restructuring And Mergern Acquisition": -9566000.0,
        "Earnings From Equity Interest": -4377000.0,
        "Gain On Sale Of Security": -2555000.0,
        "Net Non Operating Interest Income Expense": -500000.0,
        "Total Other Finance Cost": 222000.0,
        "Interest Expense Non Operating": 278000.0,
        "Operating Income": 55324000.0,
        "Operating Expense": 47749000.0,
        "Other Taxes": 221000.0,
        "Depreciation Amortization Depletion Income Statement": 7210000.0,
        "Depreciation And Amortization In Income Statement": 7210000.0,
        "Amortization": 6076000.0,
        "Amortization Of Intangibles Income Statement": 6076000.0,
        "Depreciation Income Statement": 1134000.0,
        "Selling General And Administration": 40318000.0,
        "Selling And Marketing Expense": 837000.0,
        "General And Administrative Expense": 39481000.0,
        "Other Gand A": 6058000.0,
        "Insurance And Claims": 112000.0,
        "Rent And Landing Fees": 93000.0,
        "Salaries And Wages": 33218000.0,
        "Gross Profit": 103073000.0,
        "Cost Of Revenue": 8665000.0,
        "Total Revenue": 111738000.0,
        "Excise Taxes": 1856000.0,
        "Operating Revenue": 113594000.0
    },
    "2024-06-30": {
        "Tax Effect Of Unusual Items": -656250.0,
        "Tax Rate For Calcs": 0.1875,
        "Normalized EBITDA": 37700000.0,
        "Total Unusual Items": -3500000.0,
        "Total Unusual Items Excluding Goodwill": -3500000.0,
        "Net Income From Continuing Operation Net Minority Interest": 800000.0,
        "Reconciled Depreciation": 6400000.0,
        "Reconciled Cost Of Revenue": 29600000.0,
        "EBITDA": 34200000.0,
        "EBIT": 27800000.0,
        "Net Interest Income": -4700000.0,
        "Interest Expense": NaN,
        "Normalized Income": 3643750.0,
        "Net Income From Continuing And Discontinued Operation": 800000.0,
        "Total Expenses": 47200000.0,
        "Rent Expense Supplemental": NaN,
        "Diluted Average Shares": 151808439.0,
        "Basic Average Shares": 151808439.0,
        "Diluted EPS": 0.00527,
        "Basic EPS": 0.00527,
        "Diluted NI Availto Com Stockholders": 800000.0,
        "Net Income Common Stockholders": 800000.0,
        "Net Income": 800000.0,
        "Minority Interests": -1800000.0,
        "Net Income Including Noncontrolling Interests": 2600000.0,
        "Net Income Continuous Operations": 2600000.0,
        "Tax Provision": 600000.0,
        "Pretax Income": 3200000.0,
        "Other Income Expense": -20000000.0,
        "Other Non Operating Income Expenses": -16400000.0,
        "Special Income Charges": -3500000.0,
        "Gain On Sale Of Business": NaN,
        "Other Special Charges": NaN,
        "Restructuring And Mergern Acquisition": 3500000.0,
        "Earnings From Equity Interest": -100000.0,
        "Gain On Sale Of Security": NaN,
        "Net Non Operating Interest Income Expense": -4700000.0,
        "Total Other Finance Cost": 4700000.0,
        "Interest Expense Non Operating": NaN,
        "Operating Income": 27800000.0,
        "Operating Expense": 17600000.0,
        "Other Taxes": NaN,
        "Depreciation Amortization Depletion Income Statement": 6400000.0,
        "Depreciation And Amortization In Income Statement": 6400000.0,
        "Amortization": 6400000.0,
        "Amortization Of Intangibles Income Statement": 6400000.0,
        "Depreciation Income Statement": NaN,
        "Selling General And Administration": 11200000.0,
        "Selling And Marketing Expense": NaN,
        "General And Administrative Expense": 11200000.0,
        "Other Gand A": 11200000.0,
        "Insurance And Claims": NaN,
        "Rent And Landing Fees": NaN,
        "Salaries And Wages": 0.0,
        "Gross Profit": 45400000.0,
        "Cost Of Revenue": 29600000.0,
        "Total Revenue": 75000000.0,
        "Excise Taxes": 1500000.0,
        "Operating Revenue": 76500000.0
    },
    "2024-03-31": {
        "Tax Effect Of Unusual Items": -1833090.0,
        "Tax Rate For Calcs": 0.21,
        "Normalized EBITDA": 36367000.0,
        "Total Unusual Items": -8729000.0,
        "Total Unusual Items Excluding Goodwill": -8729000.0,
        "Net Income From Continuing Operation Net Minority Interest": 15449000.0,
        "Reconciled Depreciation": 7236000.0,
        "Reconciled Cost Of Revenue": 10417000.0,
        "EBITDA": 27638000.0,
        "EBIT": 20402000.0,
        "Net Interest Income": -898000.0,
        "Interest Expense": 329000.0,
        "Normalized Income": 22344910.0,
        "Net Income From Continuing And Discontinued Operation": 15449000.0,
        "Total Expenses": 33359000.0,
        "Rent Expense Supplemental": 217000.0,
        "Diluted Average Shares": 152165829.0,
        "Basic Average Shares": 150157792.0,
        "Diluted EPS": 0.10153,
        "Basic EPS": 0.10289,
        "Diluted NI Availto Com Stockholders": 15449000.0,
        "Net Income Common Stockholders": 15449000.0,
        "Net Income": 15449000.0,
        "Minority Interests": -404000.0,
        "Net Income Including Noncontrolling Interests": 15853000.0,
        "Net Income Continuous Operations": 15853000.0,
        "Tax Provision": 4220000.0,
        "Pretax Income": 20073000.0,
        "Other Income Expense": -9578000.0,
        "Other Non Operating Income Expenses": -640000.0,
        "Special Income Charges": -9268000.0,
        "Gain On Sale Of Business": NaN,
        "Other Special Charges": NaN,
        "Restructuring And Mergern Acquisition": 9268000.0,
        "Earnings From Equity Interest": -209000.0,
        "Gain On Sale Of Security": 539000.0,
        "Net Non Operating Interest Income Expense": -898000.0,
        "Total Other Finance Cost": 569000.0,
        "Interest Expense Non Operating": 329000.0,
        "Operating Income": 30549000.0,
        "Operating Expense": 22942000.0,
        "Other Taxes": 168000.0,
        "Depreciation Amortization Depletion Income Statement": 7236000.0,
        "Depreciation And Amortization In Income Statement": 7236000.0,
        "Amortization": 6044000.0,
        "Amortization Of Intangibles Income Statement": 6044000.0,
        "Depreciation Income Statement": 1192000.0,
        "Selling General And Administration": 15538000.0,
        "Selling And Marketing Expense": 768000.0,
        "General And Administrative Expense": 14770000.0,
        "Other Gand A": 6545000.0,
        "Insurance And Claims": 196000.0,
        "Rent And Landing Fees": 217000.0,
        "Salaries And Wages": 7812000.0,
        "Gross Profit": 53491000.0,
        "Cost Of Revenue": 10417000.0,
        "Total Revenue": 63908000.0,
        "Excise Taxes": 1283000.0,
        "Operating Revenue": 65191000.0
    }
}