{
    "2023-03-31": {
        "Tax Effect Of Unusual Items": NaN,
        "Tax Rate For Calcs": NaN,
        "Normalized EBITDA": NaN,
        "Total Unusual Items": -8000.0,
        "Total Unusual Items Excluding Goodwill": -8000.0,
        "Net Income From Continuing Operation Net Minority Interest": NaN,
        "Reconciled Depreciation": NaN,
        "Reconciled Cost Of Revenue": NaN,
        "EBITDA": NaN,
        "EBIT": NaN,
        "Net Interest Income": NaN,
        "Interest Income": NaN,
        "Normalized Income": NaN,
        "Net Income From Continuing And Discontinued Operation": NaN,
        "Total Expenses": NaN,
        "Total Operating Income As Reported": NaN,
        "Diluted Average Shares": 123792741.0,
        "Basic Average Shares": 123289584.0,
        "Diluted EPS": 0.01,
        "Basic EPS": 0.01,
        "Diluted NI Availto Com Stockholders": NaN,
        "Net Income Common Stockholders": NaN,
        "Net Income": NaN,
        "Net Income Including Noncontrolling Interests": NaN,
        "Net Income Continuous Operations": NaN,
        "Tax Provision": NaN,
        "Pretax Income": NaN,
        "Other Income Expense": NaN,
        "Other Non Operating Income Expenses": NaN,
        "Gain On Sale Of Security": -8000.0,
        "Net Non Operating Interest Income Expense": NaN,
        "Total Other Finance Cost": -1440000.0,
        "Interest Income Non Operating": NaN,
        "Operating Income": NaN,
        "Operating Expense": NaN,
        "Research And Development": NaN,
        "Selling General And Administration": NaN,
        "Selling And Marketing Expense": NaN,
        "General And Administrative Expense": NaN,
        "Other Gand A": NaN,
        "Gross Profit": NaN,
        "Cost Of Revenue": NaN,
        "Total Revenue": NaN,
        "Operating Revenue": NaN
    },
    "2022-12-31": {
        "Tax Effect Of Unusual Items": NaN,
        "Tax Rate For Calcs": NaN,
        "Normalized EBITDA": NaN,
        "Total Unusual Items": NaN,
        "Total Unusual Items Excluding Goodwill": NaN,
        "Net Income From Continuing Operation Net Minority Interest": NaN,
        "Reconciled Depreciation": NaN,
        "Reconciled Cost Of Revenue": NaN,
        "EBITDA": NaN,
        "EBIT": NaN,
        "Net Interest Income": NaN,
        "Normalized Income": NaN,
        "Net Income From Continuing And Discontinued Operation": NaN,
        "Total Expenses": NaN,
        "Total Operating Income As Reported": NaN,
        "Diluted Average Shares": 124395447.0,
        "Basic Average Shares": 123090334.0,
        "Diluted EPS": 0.01,
        "Basic EPS": 0.01,
        "Diluted NI Availto Com Stockholders": NaN,
        "Net Income Common Stockholders": NaN,
        "Net Income": NaN,
        "Net Income Including Noncontrolling Interests": NaN,
        "Net Income Continuous Operations": NaN,
        "Tax Provision": NaN,
        "Pretax Income": NaN,
        "Other Income Expense": NaN,
        "Other Non Operating Income Expenses": NaN,
        "Gain On Sale Of Security": NaN,
        "Net Non Operating Interest Income Expense": NaN,
        "Total Other Finance Cost": NaN,
        "Operating Income": NaN,
        "Operating Expense": NaN,
        "Research And Development": NaN,
        "Selling General And Administration": NaN,
        "Selling And Marketing Expense": NaN,
        "General And Administrative Expense": NaN,
        "Other Gand A": NaN,
        "Gross Profit": NaN,
        "Cost Of Revenue": NaN,
        "Total Revenue": NaN,
        "Operating Revenue": NaN
    },
    "2022-09-30": {
        "Tax Effect Of Unusual Items": -5880.0,
        "Tax Rate For Calcs": 0.21,
        "Normalized EBITDA": 5269000.0,
        "Total Unusual Items": -28000.0,
        "Total Unusual Items Excluding Goodwill": -28000.0,
        "Net Income From Continuing Operation Net Minority Interest": -737000.0,
        "Reconciled Depreciation": 6158000.0,
        "Reconciled Cost Of Revenue": 90295000.0,
        "EBITDA": 5241000.0,
        "EBIT": -917000.0,
        "Net Interest Income": 504000.0,
        "Normalized Income": -714880.0,
        "Net Income From Continuing And Discontinued Operation": -737000.0,
        "Total Expenses": 129069000.0,
        "Total Operating Income As Reported": -917000.0,
        "Diluted Average Shares": 122740982.0,
        "Basic Average Shares": 122740982.0,
        "Diluted EPS": -0.01,
        "Basic EPS": -0.01,
        "Diluted NI Availto Com Stockholders": -737000.0,
        "Net Income Common Stockholders": -737000.0,
        "Net Income": -737000.0,
        "Net Income Including Noncontrolling Interests": -737000.0,
        "Net Income Continuous Operations": -737000.0,
        "Tax Provision": 296000.0,
        "Pretax Income": -441000.0,
        "Other Income Expense": -28000.0,
        "Gain On Sale Of Security": -28000.0,
        "Net Non Operating Interest Income Expense": 504000.0,
        "Total Other Finance Cost": -504000.0,
        "Operating Income": -917000.0,
        "Operating Expense": 38774000.0,
        "Research And Development": 10350000.0,
        "Selling General And Administration": 28424000.0,
        "Selling And Marketing Expense": 19048000.0,
        "General And Administrative Expense": 9376000.0,
        "Other Gand A": 9376000.0,
        "Gross Profit": 37857000.0,
        "Cost Of Revenue": 90295000.0,
        "Total Revenue": 128152000.0,
        "Operating Revenue": 128152000.0
    },
    "2022-06-30": {
        "Tax Effect Of Unusual Items": 21600.0,
        "Tax Rate For Calcs": 0.4,
        "Normalized EBITDA": 3607000.0,
        "Total Unusual Items": 54000.0,
        "Total Unusual Items Excluding Goodwill": 54000.0,
        "Net Income From Continuing Operation Net Minority Interest": -2451000.0,
        "Reconciled Depreciation": 5886000.0,
        "Reconciled Cost Of Revenue": 84141000.0,
        "EBITDA": 3661000.0,
        "EBIT": -2225000.0,
        "Net Interest Income": 98000.0,
        "Normalized Income": -2483400.0,
        "Net Income From Continuing And Discontinued Operation": -2451000.0,
        "Total Expenses": 122194000.0,
        "Total Operating Income As Reported": -2225000.0,
        "Diluted Average Shares": 121637711.0,
        "Basic Average Shares": 121637711.0,
        "Diluted EPS": -0.02,
        "Basic EPS": -0.02,
        "Diluted NI Availto Com Stockholders": -2451000.0,
        "Net Income Common Stockholders": -2451000.0,
        "Net Income": -2451000.0,
        "Net Income Including Noncontrolling Interests": -2451000.0,
        "Net Income Continuous Operations": -2451000.0,
        "Tax Provision": 378000.0,
        "Pretax Income": -2073000.0,
        "Other Income Expense": 54000.0,
        "Gain On Sale Of Security": 54000.0,
        "Net Non Operating Interest Income Expense": 98000.0,
        "Total Other Finance Cost": -98000.0,
        "Operating Income": -2225000.0,
        "Operating Expense": 38053000.0,
        "Research And Development": 10185000.0,
        "Selling General And Administration": 27868000.0,
        "Selling And Marketing Expense": 17851000.0,
        "General And Administrative Expense": 10017000.0,
        "Other Gand A": 10017000.0,
        "Gross Profit": 35828000.0,
        "Cost Of Revenue": 84141000.0,
        "Total Revenue": 119969000.0,
        "Operating Revenue": 119969000.0
    },
    "2022-03-31": {
        "Diluted EPS": 0.01,
        "Total Revenue": 117,
        "Gross Profit": 35,
        "Operating Income": -1,
        "EBIT": 5,
        "Net Income": 2
    },
    "2021-12-31": {
        "Diluted EPS": 0.04,
        "Total Revenue": 108,
        "Gross Profit": 34,
        "Operating Income": 0,
        "EBIT": 5,
        "Net Income": 5
    },
    "2021-09-30": {
        "Diluted EPS": 0.0,
        "Total Revenue": 102,
        "Gross Profit": 31,
        "Operating Income": 1,
        "EBIT": 5,
        "Net Income": 0
    },
    "2021-06-30": {
        "Diluted EPS": -0.0,
        "Total Revenue": 93,
        "Gross Profit": 29,
        "Operating Income": 4,
        "EBIT": 7,
        "Net Income": 0
    },
    "2021-03-31": {
        "Diluted EPS": 0.02,
        "Total Revenue": 92,
        "Gross Profit": 28,
        "Operating Income": 5,
        "EBIT": 7,
        "Net Income": 2
    },
    "2020-12-31": {
        "Diluted EPS": 0.0,
        "Total Revenue": NaN,
        "Gross Profit": NaN,
        "Operating Income": NaN,
        "EBIT": NaN,
        "Net Income": NaN
    },
    "2020-09-30": {
        "Diluted EPS": 0.01,
        "Total Revenue": 78,
        "Gross Profit": 23,
        "Operating Income": 3,
        "EBIT": 5,
        "Net Income": 1
    },
    "2020-06-30": {
        "Diluted EPS": 0.03,
        "Total Revenue": 72,
        "Gross Profit": 23,
        "Operating Income": 6,
        "EBIT": 6,
        "Net Income": 3
    },
    "2019-12-31": {
        "Diluted EPS": 0.0,
        "Total Revenue": NaN,
        "Gross Profit": NaN,
        "Operating Income": NaN,
        "EBIT": NaN,
        "Net Income": NaN
    },
    "2023-06-30": {
        "Tax Effect Of Unusual Items": 0.0,
        "Tax Rate For Calcs": 0.07,
        "Normalized EBITDA": 11929000.0,
        "Total Unusual Items": -7000.0,
        "Total Unusual Items Excluding Goodwill": -7000.0,
        "Net Income From Continuing Operation Net Minority Interest": 5839000.0,
        "Reconciled Depreciation": 7303000.0,
        "Reconciled Cost Of Revenue": 103077000.0,
        "EBITDA": 11929000.0,
        "EBIT": 4626000.0,
        "Net Interest Income": 1658000.0,
        "Interest Income": 1658000.0,
        "Normalized Income": 5839000.0,
        "Net Income From Continuing And Discontinued Operation": 5839000.0,
        "Total Expenses": 144313000.0,
        "Total Operating Income As Reported": 4626000.0,
        "Diluted Average Shares": 124012107.0,
        "Basic Average Shares": 123378128.0,
        "Diluted EPS": 0.05,
        "Basic EPS": 0.05,
        "Diluted NI Availto Com Stockholders": 5839000.0,
        "Net Income Common Stockholders": 5839000.0,
        "Net Income": 5839000.0,
        "Net Income Including Noncontrolling Interests": 5839000.0,
        "Net Income Continuous Operations": 5839000.0,
        "Tax Provision": 438000.0,
        "Pretax Income": 6277000.0,
        "Other Income Expense": -7000.0,
        "Other Non Operating Income Expenses": -7000.0,
        "Gain On Sale Of Security": -7000.0,
        "Net Non Operating Interest Income Expense": 1658000.0,
        "Total Other Finance Cost": -1658000.0,
        "Interest Income Non Operating": 1658000.0,
        "Operating Income": 4626000.0,
        "Operating Expense": 41236000.0,
        "Research And Development": 10907000.0,
        "Selling General And Administration": 30329000.0,
        "Selling And Marketing Expense": 21599000.0,
        "General And Administrative Expense": 8730000.0,
        "Other Gand A": 8730000.0,
        "Gross Profit": 45862000.0,
        "Cost Of Revenue": 103077000.0,
        "Total Revenue": 148939000.0,
        "Operating Revenue": 146677000.0
    },
    "2023-09-30": {
        "Tax Effect Of Unusual Items": -1938.0,
        "Tax Rate For Calcs": 0.114,
        "Normalized EBITDA": 13100000.0,
        "Total Unusual Items": -17000.0,
        "Total Unusual Items Excluding Goodwill": -17000.0,
        "Net Income From Continuing Operation Net Minority Interest": 6377000.0,
        "Reconciled Depreciation": 7772000.0,
        "Reconciled Cost Of Revenue": 105513000.0,
        "EBITDA": 13083000.0,
        "EBIT": 5311000.0,
        "Net Interest Income": 1905000.0,
        "Interest Income": NaN,
        "Normalized Income": 6392062.0,
        "Net Income From Continuing And Discontinued Operation": 6377000.0,
        "Total Expenses": 147112000.0,
        "Total Operating Income As Reported": 5311000.0,
        "Diluted Average Shares": 125639879.0,
        "Basic Average Shares": 123620260.0,
        "Diluted EPS": 0.05,
        "Basic EPS": 0.05,
        "Diluted NI Availto Com Stockholders": 6377000.0,
        "Net Income Common Stockholders": 6377000.0,
        "Net Income": 6377000.0,
        "Net Income Including Noncontrolling Interests": 6377000.0,
        "Net Income Continuous Operations": 6377000.0,
        "Tax Provision": 822000.0,
        "Pretax Income": 7199000.0,
        "Other Income Expense": -17000.0,
        "Other Non Operating Income Expenses": NaN,
        "Gain On Sale Of Security": -17000.0,
        "Net Non Operating Interest Income Expense": 1905000.0,
        "Total Other Finance Cost": -1905000.0,
        "Interest Income Non Operating": NaN,
        "Operating Income": 5311000.0,
        "Operating Expense": 41599000.0,
        "Research And Development": 11035000.0,
        "Selling General And Administration": 30564000.0,
        "Selling And Marketing Expense": 21481000.0,
        "General And Administrative Expense": 9083000.0,
        "Other Gand A": 9083000.0,
        "Gross Profit": 46910000.0,
        "Cost Of Revenue": 105513000.0,
        "Total Revenue": 152423000.0,
        "Operating Revenue": 150500000.0
    },
    "2023-12-31": {
        "Tax Effect Of Unusual Items": 7063.571429,
        "Tax Rate For Calcs": 0.160536,
        "Normalized EBITDA": 17382000.0,
        "Total Unusual Items": 44000.0,
        "Total Unusual Items Excluding Goodwill": 44000.0,
        "Net Income From Continuing Operation Net Minority Interest": 9402000.0,
        "Reconciled Depreciation": 8286000.0,
        "Reconciled Cost Of Revenue": 115308000.0,
        "EBITDA": 17426000.0,
        "EBIT": 9140000.0,
        "Net Interest Income": 2016000.0,
        "Interest Income": NaN,
        "Normalized Income": 9365063.571429,
        "Net Income From Continuing And Discontinued Operation": 9402000.0,
        "Total Expenses": 155660000.0,
        "Total Operating Income As Reported": 9140000.0,
        "Diluted Average Shares": NaN,
        "Basic Average Shares": NaN,
        "Diluted EPS": NaN,
        "Basic EPS": NaN,
        "Diluted NI Availto Com Stockholders": 9402000.0,
        "Net Income Common Stockholders": 9402000.0,
        "Net Income": 9402000.0,
        "Net Income Including Noncontrolling Interests": 9402000.0,
        "Net Income Continuous Operations": 9402000.0,
        "Tax Provision": 1798000.0,
        "Pretax Income": 11200000.0,
        "Other Income Expense": 44000.0,
        "Other Non Operating Income Expenses": NaN,
        "Gain On Sale Of Security": 44000.0,
        "Net Non Operating Interest Income Expense": 2016000.0,
        "Total Other Finance Cost": -2016000.0,
        "Interest Income Non Operating": NaN,
        "Operating Income": 9140000.0,
        "Operating Expense": 40352000.0,
        "Research And Development": 10653000.0,
        "Selling General And Administration": 29699000.0,
        "Selling And Marketing Expense": 20652000.0,
        "General And Administrative Expense": 9047000.0,
        "Other Gand A": 9047000.0,
        "Gross Profit": 49492000.0,
        "Cost Of Revenue": 115308000.0,
        "Total Revenue": 164800000.0,
        "Operating Revenue": 163030000.0
    },
    "2024-03-31": {
        "Tax Effect Of Unusual Items": 5904.0,
        "Tax Rate For Calcs": 0.328,
        "Normalized EBITDA": 16862000.0,
        "Total Unusual Items": 18000.0,
        "Total Unusual Items Excluding Goodwill": 18000.0,
        "Net Income From Continuing Operation Net Minority Interest": 7226000.0,
        "Reconciled Depreciation": 8537000.0,
        "Reconciled Cost Of Revenue": 132150000.0,
        "EBITDA": 16880000.0,
        "EBIT": 8343000.0,
        "Net Interest Income": 2186000.0,
        "Interest Income": NaN,
        "Normalized Income": 7213904.0,
        "Net Income From Continuing And Discontinued Operation": 7226000.0,
        "Total Expenses": 176532000.0,
        "Total Operating Income As Reported": 8343000.0,
        "Diluted Average Shares": 126917654.0,
        "Basic Average Shares": 123945778.0,
        "Diluted EPS": 0.06,
        "Basic EPS": 0.06,
        "Diluted NI Availto Com Stockholders": 7226000.0,
        "Net Income Common Stockholders": 7226000.0,
        "Net Income": 7226000.0,
        "Net Income Including Noncontrolling Interests": 7226000.0,
        "Net Income Continuous Operations": 7226000.0,
        "Tax Provision": 3534000.0,
        "Pretax Income": 10760000.0,
        "Other Income Expense": 231000.0,
        "Other Non Operating Income Expenses": 213000.0,
        "Gain On Sale Of Security": 18000.0,
        "Net Non Operating Interest Income Expense": 2186000.0,
        "Total Other Finance Cost": -2186000.0,
        "Interest Income Non Operating": NaN,
        "Operating Income": 8343000.0,
        "Operating Expense": 44382000.0,
        "Research And Development": 12051000.0,
        "Selling General And Administration": 32331000.0,
        "Selling And Marketing Expense": 23239000.0,
        "General And Administrative Expense": 9092000.0,
        "Other Gand A": 9092000.0,
        "Gross Profit": 52725000.0,
        "Cost Of Revenue": 132150000.0,
        "Total Revenue": 184875000.0,
        "Operating Revenue": 182752000.0
    },
    "2024-06-30": {
        "Tax Effect Of Unusual Items": 0.0,
        "Tax Rate For Calcs": 0.249,
        "Normalized EBITDA": 19205000.0,
        "Total Unusual Items": NaN,
        "Total Unusual Items Excluding Goodwill": NaN,
        "Net Income From Continuing Operation Net Minority Interest": 9364000.0,
        "Reconciled Depreciation": 8969000.0,
        "Reconciled Cost Of Revenue": 138671000.0,
        "EBITDA": 19205000.0,
        "EBIT": 10236000.0,
        "Net Interest Income": 2194000.0,
        "Interest Income": 2194000.0,
        "Normalized Income": 9364000.0,
        "Net Income From Continuing And Discontinued Operation": 9364000.0,
        "Total Expenses": 187186000.0,
        "Total Operating Income As Reported": 10236000.0,
        "Diluted Average Shares": 127252366.0,
        "Basic Average Shares": 124264789.0,
        "Diluted EPS": 0.07,
        "Basic EPS": 0.08,
        "Diluted NI Availto Com Stockholders": 9364000.0,
        "Net Income Common Stockholders": 9364000.0,
        "Net Income": 9364000.0,
        "Net Income Including Noncontrolling Interests": 9364000.0,
        "Net Income Continuous Operations": 9364000.0,
        "Tax Provision": 3105000.0,
        "Pretax Income": 12469000.0,
        "Other Income Expense": 39000.0,
        "Other Non Operating Income Expenses": 39000.0,
        "Gain On Sale Of Security": NaN,
        "Net Non Operating Interest Income Expense": 2194000.0,
        "Total Other Finance Cost": NaN,
        "Interest Income Non Operating": 2194000.0,
        "Operating Income": 10236000.0,
        "Operating Expense": 48515000.0,
        "Research And Development": 12535000.0,
        "Selling General And Administration": 35980000.0,
        "Selling And Marketing Expense": 26766000.0,
        "General And Administrative Expense": 9214000.0,
        "Other Gand A": 9214000.0,
        "Gross Profit": 58751000.0,
        "Cost Of Revenue": 138671000.0,
        "Total Revenue": 197422000.0,
        "Operating Revenue": 193564000.0
    }
}