{
    "2023-03-31": {
        "Tax Effect Of Unusual Items": -52920.0,
        "Tax Rate For Calcs": 0.21,
        "Normalized EBITDA": 21303000.0,
        "Total Unusual Items": -252000.0,
        "Total Unusual Items Excluding Goodwill": -252000.0,
        "Net Income From Continuing Operation Net Minority Interest": 7938000.0,
        "Reconciled Depreciation": 6039000.0,
        "Reconciled Cost Of Revenue": 27081000.0,
        "EBITDA": 21051000.0,
        "EBIT": 15012000.0,
        "Net Interest Income": 2350000.0,
        "Interest Income": 2350000.0,
        "Normalized Income": 8137080.0,
        "Net Income From Continuing And Discontinued Operation": 7938000.0,
        "Total Expenses": 177002000.0,
        "Total Operating Income As Reported": 15012000.0,
        "Diluted Average Shares": 388308279.0,
        "Basic Average Shares": 360220161.0,
        "Diluted EPS": 0.02,
        "Basic EPS": 0.02,
        "Diluted NI Availto Com Stockholders": 7938000.0,
        "Net Income Common Stockholders": 7938000.0,
        "Net Income": 7938000.0,
        "Net Income Including Noncontrolling Interests": 7938000.0,
        "Net Income Continuous Operations": 7938000.0,
        "Earnings From Equity Interest Net Of Tax": 0.0,
        "Tax Provision": 9172000.0,
        "Pretax Income": 17110000.0,
        "Other Income Expense": -252000.0,
        "Gain On Sale Of Security": -252000.0,
        "Net Non Operating Interest Income Expense": 2350000.0,
        "Total Other Finance Cost": -2350000.0,
        "Interest Income Non Operating": 2350000.0,
        "Operating Income": 15012000.0,
        "Operating Expense": 149921000.0,
        "Other Operating Expenses": 40095000.0,
        "Depreciation Amortization Depletion Income Statement": 6039000.0,
        "Depreciation And Amortization In Income Statement": 6039000.0,
        "Research And Development": 29280000.0,
        "Selling General And Administration": 74507000.0,
        "Selling And Marketing Expense": 47826000.0,
        "General And Administrative Expense": 26681000.0,
        "Other Gand A": 26681000.0,
        "Gross Profit": 164933000.0,
        "Cost Of Revenue": 27081000.0,
        "Total Revenue": 192014000.0,
        "Operating Revenue": 189794000.0
    },
    "2022-12-31": {
        "Tax Effect Of Unusual Items": 1056510.0,
        "Tax Rate For Calcs": 0.21,
        "Normalized EBITDA": -37194000.0,
        "Total Unusual Items": 5031000.0,
        "Total Unusual Items Excluding Goodwill": 5031000.0,
        "Net Income From Continuing Operation Net Minority Interest": -10151000.0,
        "Reconciled Depreciation": 5333000.0,
        "Reconciled Cost Of Revenue": 30392000.0,
        "EBITDA": -32163000.0,
        "EBIT": -37496000.0,
        "Net Interest Income": 1005000.0,
        "Normalized Income": -14125490.0,
        "Net Income From Continuing And Discontinued Operation": -10151000.0,
        "Total Expenses": 192122000.0,
        "Total Operating Income As Reported": -8564000.0,
        "Diluted Average Shares": 352756697.0,
        "Basic Average Shares": 352756697.0,
        "Diluted EPS": -0.03,
        "Basic EPS": -0.03,
        "Diluted NI Availto Com Stockholders": -10151000.0,
        "Net Income Common Stockholders": -10151000.0,
        "Net Income": -10151000.0,
        "Net Income Including Noncontrolling Interests": -10151000.0,
        "Net Income Continuous Operations": -10151000.0,
        "Earnings From Equity Interest Net Of Tax": -13000.0,
        "Tax Provision": 7610000.0,
        "Pretax Income": -2528000.0,
        "Other Income Expense": 5031000.0,
        "Gain On Sale Of Security": 5031000.0,
        "Net Non Operating Interest Income Expense": 1005000.0,
        "Total Other Finance Cost": NaN,
        "Operating Income": -8564000.0,
        "Operating Expense": 161730000.0,
        "Other Operating Expenses": 41304000.0,
        "Depreciation Amortization Depletion Income Statement": 5333000.0,
        "Depreciation And Amortization In Income Statement": 5333000.0,
        "Research And Development": 32902000.0,
        "Selling General And Administration": 82191000.0,
        "Selling And Marketing Expense": 52194000.0,
        "General And Administrative Expense": 29997000.0,
        "Other Gand A": 29997000.0,
        "Gross Profit": 153166000.0,
        "Cost Of Revenue": 30392000.0,
        "Total Revenue": 183558000.0,
        "Operating Revenue": 183558000.0
    },
    "2022-09-30": {
        "Tax Effect Of Unusual Items": -6038000.0,
        "Tax Rate For Calcs": 0.4,
        "Normalized EBITDA": 796000.0,
        "Total Unusual Items": -15095000.0,
        "Total Unusual Items Excluding Goodwill": -15095000.0,
        "Net Income From Continuing Operation Net Minority Interest": -26452000.0,
        "Reconciled Depreciation": 5899000.0,
        "Reconciled Cost Of Revenue": 27986000.0,
        "EBITDA": -14299000.0,
        "EBIT": -20198000.0,
        "Net Interest Income": -3617000.0,
        "Interest Expense": 3617000.0,
        "Normalized Income": -17395000.0,
        "Net Income From Continuing And Discontinued Operation": -26452000.0,
        "Total Expenses": 164020000.0,
        "Total Operating Income As Reported": -5103000.0,
        "Diluted Average Shares": 349740787.0,
        "Basic Average Shares": 349740787.0,
        "Diluted EPS": -0.08,
        "Basic EPS": -0.08,
        "Diluted NI Availto Com Stockholders": -26452000.0,
        "Net Income Common Stockholders": -26452000.0,
        "Net Income": -26452000.0,
        "Net Income Including Noncontrolling Interests": -26452000.0,
        "Net Income Continuous Operations": -26452000.0,
        "Earnings From Equity Interest Net Of Tax": -2000.0,
        "Tax Provision": 2635000.0,
        "Pretax Income": -23815000.0,
        "Other Income Expense": -15095000.0,
        "Gain On Sale Of Security": -15095000.0,
        "Net Non Operating Interest Income Expense": -3617000.0,
        "Total Other Finance Cost": 3617000.0,
        "Interest Expense Non Operating": 3617000.0,
        "Operating Income": -5103000.0,
        "Operating Expense": 136034000.0,
        "Other Operating Expenses": 37744000.0,
        "Depreciation Amortization Depletion Income Statement": 5899000.0,
        "Depreciation And Amortization In Income Statement": 5899000.0,
        "Research And Development": 29617000.0,
        "Selling General And Administration": 62774000.0,
        "Selling And Marketing Expense": 41081000.0,
        "General And Administrative Expense": 21693000.0,
        "Other Gand A": 21693000.0,
        "Gross Profit": 130931000.0,
        "Cost Of Revenue": 27986000.0,
        "Total Revenue": 158917000.0,
        "Operating Revenue": 158917000.0
    },
    "2022-06-30": {
        "Tax Effect Of Unusual Items": 3038048.250905,
        "Tax Rate For Calcs": 0.236774,
        "Normalized EBITDA": -9864000.0,
        "Total Unusual Items": 12831000.0,
        "Total Unusual Items Excluding Goodwill": 12831000.0,
        "Net Income From Continuing Operation Net Minority Interest": 4422000.0,
        "Reconciled Depreciation": 5171000.0,
        "Reconciled Cost Of Revenue": 26212000.0,
        "EBITDA": 2967000.0,
        "EBIT": -2204000.0,
        "Net Interest Income": -4824000.0,
        "Interest Expense": NaN,
        "Normalized Income": -5370951.749095,
        "Net Income From Continuing And Discontinued Operation": 4422000.0,
        "Total Expenses": 150394000.0,
        "Total Operating Income As Reported": -2204000.0,
        "Diluted Average Shares": 366013696.0,
        "Basic Average Shares": 345522076.0,
        "Diluted EPS": 0.01,
        "Basic EPS": 0.01,
        "Diluted NI Availto Com Stockholders": 4422000.0,
        "Net Income Common Stockholders": 4422000.0,
        "Net Income": 4422000.0,
        "Net Income Including Noncontrolling Interests": 4422000.0,
        "Net Income Continuous Operations": 4422000.0,
        "Earnings From Equity Interest Net Of Tax": -7000.0,
        "Tax Provision": 1374000.0,
        "Pretax Income": 5803000.0,
        "Other Income Expense": 12831000.0,
        "Gain On Sale Of Security": 12831000.0,
        "Net Non Operating Interest Income Expense": -4824000.0,
        "Total Other Finance Cost": 4824000.0,
        "Interest Expense Non Operating": NaN,
        "Operating Income": -2204000.0,
        "Operating Expense": 124182000.0,
        "Other Operating Expenses": 35392000.0,
        "Depreciation Amortization Depletion Income Statement": 5171000.0,
        "Depreciation And Amortization In Income Statement": 5171000.0,
        "Research And Development": 26607000.0,
        "Selling General And Administration": 57012000.0,
        "Selling And Marketing Expense": 36820000.0,
        "General And Administrative Expense": 20192000.0,
        "Other Gand A": 20192000.0,
        "Gross Profit": 121978000.0,
        "Cost Of Revenue": 26212000.0,
        "Total Revenue": 148190000.0,
        "Operating Revenue": 148190000.0
    },
    "2022-03-31": {
        "Diluted EPS": 0.06,
        "Total Revenue": 137,
        "Gross Profit": 137,
        "Operating Income": -6,
        "EBIT": -2,
        "Net Income": 20
    },
    "2021-12-31": {
        "Diluted EPS": 0.46,
        "Total Revenue": 139,
        "Gross Profit": 139,
        "Operating Income": -4,
        "EBIT": 0,
        "Net Income": -23
    },
    "2021-09-30": {
        "Diluted EPS": 0.0,
        "Total Revenue": 123,
        "Gross Profit": 123,
        "Operating Income": -7,
        "EBIT": -2,
        "Net Income": 1
    },
    "2021-06-30": {
        "Diluted EPS": -0.63,
        "Total Revenue": 111,
        "Gross Profit": 111,
        "Operating Income": -18,
        "EBIT": -14,
        "Net Income": -42
    },
    "2021-03-31": {
        "Diluted EPS": -0.16,
        "Total Revenue": 101,
        "Gross Profit": 101,
        "Operating Income": -1,
        "EBIT": 4,
        "Net Income": -4
    },
    "2020-12-31": {
        "Diluted EPS": 0.0,
        "Total Revenue": NaN,
        "Gross Profit": NaN,
        "Operating Income": NaN,
        "EBIT": NaN,
        "Net Income": NaN
    },
    "2020-09-30": {
        "Diluted EPS": -0.05,
        "Total Revenue": 91,
        "Gross Profit": 91,
        "Operating Income": 1,
        "EBIT": 5,
        "Net Income": 2
    },
    "2020-06-30": {
        "Diluted EPS": -0.22,
        "Total Revenue": 78,
        "Gross Profit": 78,
        "Operating Income": -6,
        "EBIT": -6,
        "Net Income": -7
    },
    "2019-12-31": {
        "Diluted EPS": 0.0,
        "Total Revenue": NaN,
        "Gross Profit": NaN,
        "Operating Income": NaN,
        "EBIT": NaN,
        "Net Income": NaN
    },
    "2023-06-30": {
        "Tax Effect Of Unusual Items": 1522121.451965,
        "Tax Rate For Calcs": 0.112036,
        "Normalized EBITDA": 25715000.0,
        "Total Unusual Items": 13586000.0,
        "Total Unusual Items Excluding Goodwill": 13586000.0,
        "Net Income From Continuing Operation Net Minority Interest": 45549000.0,
        "Reconciled Depreciation": 5909000.0,
        "Reconciled Cost Of Revenue": 28497000.0,
        "EBITDA": 39301000.0,
        "EBIT": 33392000.0,
        "Net Interest Income": 4318000.0,
        "Interest Income": NaN,
        "Normalized Income": 33485121.451965,
        "Net Income From Continuing And Discontinued Operation": 45549000.0,
        "Total Expenses": 173342000.0,
        "Total Operating Income As Reported": 33392000.0,
        "Diluted Average Shares": 387623679.0,
        "Basic Average Shares": 365000974.0,
        "Diluted EPS": 0.12,
        "Basic EPS": 0.12,
        "Diluted NI Availto Com Stockholders": 45549000.0,
        "Net Income Common Stockholders": 45549000.0,
        "Net Income": 45549000.0,
        "Net Income Including Noncontrolling Interests": 45549000.0,
        "Net Income Continuous Operations": 45549000.0,
        "Earnings From Equity Interest Net Of Tax": 0.0,
        "Tax Provision": 5747000.0,
        "Pretax Income": 51296000.0,
        "Other Income Expense": 13586000.0,
        "Gain On Sale Of Security": 13586000.0,
        "Net Non Operating Interest Income Expense": 4318000.0,
        "Total Other Finance Cost": -4318000.0,
        "Interest Income Non Operating": NaN,
        "Operating Income": 33392000.0,
        "Operating Expense": 144845000.0,
        "Other Operating Expenses": 40527000.0,
        "Depreciation Amortization Depletion Income Statement": 5909000.0,
        "Depreciation And Amortization In Income Statement": 5909000.0,
        "Research And Development": 27995000.0,
        "Selling General And Administration": 70414000.0,
        "Selling And Marketing Expense": 48402000.0,
        "General And Administrative Expense": 22012000.0,
        "Other Gand A": 22012000.0,
        "Gross Profit": 178237000.0,
        "Cost Of Revenue": 28497000.0,
        "Total Revenue": 206734000.0,
        "Operating Revenue": 206734000.0
    },
    "2023-09-30": {
        "Tax Effect Of Unusual Items": -1637790.0,
        "Tax Rate For Calcs": 0.21,
        "Normalized EBITDA": 44414000.0,
        "Total Unusual Items": -7799000.0,
        "Total Unusual Items Excluding Goodwill": -7799000.0,
        "Net Income From Continuing Operation Net Minority Interest": 12825000.0,
        "Reconciled Depreciation": 7116000.0,
        "Reconciled Cost Of Revenue": 30393000.0,
        "EBITDA": 36615000.0,
        "EBIT": 29499000.0,
        "Net Interest Income": 1137000.0,
        "Interest Income": NaN,
        "Normalized Income": 18986210.0,
        "Net Income From Continuing And Discontinued Operation": 12825000.0,
        "Total Expenses": 178536000.0,
        "Total Operating Income As Reported": 29499000.0,
        "Diluted Average Shares": 381845099.0,
        "Basic Average Shares": 357429113.0,
        "Diluted EPS": 0.03,
        "Basic EPS": 0.04,
        "Diluted NI Availto Com Stockholders": 12825000.0,
        "Net Income Common Stockholders": 12825000.0,
        "Net Income": 12825000.0,
        "Net Income Including Noncontrolling Interests": 12825000.0,
        "Net Income Continuous Operations": 12825000.0,
        "Earnings From Equity Interest Net Of Tax": 0.0,
        "Tax Provision": 10012000.0,
        "Pretax Income": 22837000.0,
        "Other Income Expense": -7799000.0,
        "Gain On Sale Of Security": -7799000.0,
        "Net Non Operating Interest Income Expense": 1137000.0,
        "Total Other Finance Cost": -1137000.0,
        "Interest Income Non Operating": NaN,
        "Operating Income": 29499000.0,
        "Operating Expense": 148143000.0,
        "Other Operating Expenses": 40301000.0,
        "Depreciation Amortization Depletion Income Statement": 7116000.0,
        "Depreciation And Amortization In Income Statement": 7116000.0,
        "Research And Development": 26950000.0,
        "Selling General And Administration": 73776000.0,
        "Selling And Marketing Expense": 48664000.0,
        "General And Administrative Expense": 25112000.0,
        "Other Gand A": 25112000.0,
        "Gross Profit": 177642000.0,
        "Cost Of Revenue": 30393000.0,
        "Total Revenue": 208035000.0,
        "Operating Revenue": 208035000.0
    },
    "2023-12-31": {
        "Tax Effect Of Unusual Items": 4086700.603008,
        "Tax Rate For Calcs": 0.345628,
        "Normalized EBITDA": 22632000.0,
        "Total Unusual Items": 11824000.0,
        "Total Unusual Items Excluding Goodwill": 11824000.0,
        "Net Income From Continuing Operation Net Minority Interest": 27021000.0,
        "Reconciled Depreciation": 8750000.0,
        "Reconciled Cost Of Revenue": 36320000.0,
        "EBITDA": 34456000.0,
        "EBIT": 25706000.0,
        "Net Interest Income": 3763000.0,
        "Interest Income": NaN,
        "Normalized Income": 19283700.603008,
        "Net Income From Continuing And Discontinued Operation": 27021000.0,
        "Total Expenses": 198614000.0,
        "Total Operating Income As Reported": 25706000.0,
        "Diluted Average Shares": 379881231.0,
        "Basic Average Shares": 354697812.0,
        "Diluted EPS": 0.07,
        "Basic EPS": 0.08,
        "Diluted NI Availto Com Stockholders": 27021000.0,
        "Net Income Common Stockholders": 27021000.0,
        "Net Income": 27021000.0,
        "Net Income Including Noncontrolling Interests": 27021000.0,
        "Net Income Continuous Operations": 27021000.0,
        "Earnings From Equity Interest Net Of Tax": 0.0,
        "Tax Provision": 14272000.0,
        "Pretax Income": 41293000.0,
        "Other Income Expense": 11824000.0,
        "Gain On Sale Of Security": 11824000.0,
        "Net Non Operating Interest Income Expense": 3763000.0,
        "Total Other Finance Cost": -3763000.0,
        "Interest Income Non Operating": NaN,
        "Operating Income": 25706000.0,
        "Operating Expense": 162294000.0,
        "Other Operating Expenses": 39686000.0,
        "Depreciation Amortization Depletion Income Statement": 8750000.0,
        "Depreciation And Amortization In Income Statement": 8750000.0,
        "Research And Development": 34972000.0,
        "Selling General And Administration": 78886000.0,
        "Selling And Marketing Expense": 51762000.0,
        "General And Administrative Expense": 27124000.0,
        "Other Gand A": 27124000.0,
        "Gross Profit": 188000000.0,
        "Cost Of Revenue": 36320000.0,
        "Total Revenue": 224320000.0,
        "Operating Revenue": 224320000.0
    },
    "2024-03-31": {
        "Tax Effect Of Unusual Items": 563520.0,
        "Tax Rate For Calcs": 0.32,
        "Normalized EBITDA": 46023000.0,
        "Total Unusual Items": 1761000.0,
        "Total Unusual Items Excluding Goodwill": 1761000.0,
        "Net Income From Continuing Operation Net Minority Interest": 28974000.0,
        "Reconciled Depreciation": 9408000.0,
        "Reconciled Cost Of Revenue": 33966000.0,
        "EBITDA": 47784000.0,
        "EBIT": 38376000.0,
        "Net Interest Income": 2747000.0,
        "Interest Income": 2747000.0,
        "Normalized Income": 27776520.0,
        "Net Income From Continuing And Discontinued Operation": 28974000.0,
        "Total Expenses": 189807000.0,
        "Total Operating Income As Reported": 38376000.0,
        "Diluted Average Shares": 378715301.0,
        "Basic Average Shares": 359306195.0,
        "Diluted EPS": 0.08,
        "Basic EPS": 0.08,
        "Diluted NI Availto Com Stockholders": 28974000.0,
        "Net Income Common Stockholders": 28974000.0,
        "Net Income": 28974000.0,
        "Net Income Including Noncontrolling Interests": 28974000.0,
        "Net Income Continuous Operations": 28974000.0,
        "Earnings From Equity Interest Net Of Tax": NaN,
        "Tax Provision": 13910000.0,
        "Pretax Income": 42884000.0,
        "Other Income Expense": 1761000.0,
        "Gain On Sale Of Security": 1761000.0,
        "Net Non Operating Interest Income Expense": 2747000.0,
        "Total Other Finance Cost": NaN,
        "Interest Income Non Operating": 2747000.0,
        "Operating Income": 38376000.0,
        "Operating Expense": 155841000.0,
        "Other Operating Expenses": 40283000.0,
        "Depreciation Amortization Depletion Income Statement": 9408000.0,
        "Depreciation And Amortization In Income Statement": 9408000.0,
        "Research And Development": 32051000.0,
        "Selling General And Administration": 74099000.0,
        "Selling And Marketing Expense": 49890000.0,
        "General And Administrative Expense": 24209000.0,
        "Other Gand A": 24209000.0,
        "Gross Profit": 194217000.0,
        "Cost Of Revenue": 33966000.0,
        "Total Revenue": 228183000.0,
        "Operating Revenue": 225726000.0
    }
}