{
    "2023-05-31": {
        "Tax Effect Of Unusual Items": 0.0,
        "Tax Rate For Calcs": 0.244,
        "Normalized EBITDA": 497400000.0,
        "Net Income From Continuing Operation Net Minority Interest": 350400000.0,
        "Reconciled Depreciation": 44100000.0,
        "Reconciled Cost Of Revenue": 369800000.0,
        "EBITDA": 497400000.0,
        "EBIT": 453300000.0,
        "Net Interest Income": 9400000.0,
        "Interest Expense": 9400000.0,
        "Interest Income": 18800000.0,
        "Normalized Income": 350400000.0,
        "Net Income From Continuing And Discontinued Operation": 350400000.0,
        "Total Expenses": 776300000.0,
        "Total Operating Income As Reported": 453300000.0,
        "Diluted Average Shares": 362300000.0,
        "Basic Average Shares": 360500000.0,
        "Diluted EPS": 0.97,
        "Basic EPS": 0.97,
        "Diluted NI Availto Com Stockholders": 350400000.0,
        "Net Income Common Stockholders": 350400000.0,
        "Net Income": 350400000.0,
        "Net Income Including Noncontrolling Interests": 350400000.0,
        "Net Income Continuous Operations": 350400000.0,
        "Tax Provision": 113200000.0,
        "Pretax Income": 463600000.0,
        "Other Income Expense": 10300000.0,
        "Other Non Operating Income Expenses": 10300000.0,
        "Net Non Operating Interest Income Expense": 9400000.0,
        "Interest Expense Non Operating": 9400000.0,
        "Interest Income Non Operating": 18800000.0,
        "Operating Income": 453300000.0,
        "Operating Expense": 406500000.0,
        "Selling General And Administration": 406500000.0,
        "Gross Profit": 859800000.0,
        "Cost Of Revenue": 369800000.0,
        "Total Revenue": 1229600000.0,
        "Operating Revenue": 1204700000.0
    },
    "2023-02-28": {
        "Tax Effect Of Unusual Items": 0.0,
        "Tax Rate For Calcs": 0.243,
        "Normalized EBITDA": 611900000.0,
        "Net Income From Continuing Operation Net Minority Interest": 467400000.0,
        "Reconciled Depreciation": 44200000.0,
        "Reconciled Cost Of Revenue": 372900000.0,
        "EBITDA": 611900000.0,
        "EBIT": 611900000.0,
        "Net Interest Income": 5800000.0,
        "Interest Expense": 9000000.0,
        "Interest Income": 14800000.0,
        "Normalized Income": 467400000.0,
        "Net Income From Continuing And Discontinued Operation": 467400000.0,
        "Total Expenses": 769100000.0,
        "Total Operating Income As Reported": 611900000.0,
        "Diluted Average Shares": 362300000.0,
        "Basic Average Shares": 360500000.0,
        "Diluted EPS": 1.29,
        "Basic EPS": 1.3,
        "Diluted NI Availto Com Stockholders": 467400000.0,
        "Net Income Common Stockholders": 467400000.0,
        "Net Income": 467400000.0,
        "Net Income Including Noncontrolling Interests": 467400000.0,
        "Net Income Continuous Operations": 467400000.0,
        "Tax Provision": 150000000.0,
        "Pretax Income": 617400000.0,
        "Other Income Expense": 5500000.0,
        "Other Non Operating Income Expenses": 5500000.0,
        "Net Non Operating Interest Income Expense": 5800000.0,
        "Interest Expense Non Operating": 9000000.0,
        "Interest Income Non Operating": 14800000.0,
        "Operating Income": 611900000.0,
        "Operating Expense": 396200000.0,
        "Selling General And Administration": 396200000.0,
        "Gross Profit": 1008100000.0,
        "Cost Of Revenue": 372900000.0,
        "Total Revenue": 1381000000.0,
        "Operating Revenue": 1345700000.0
    },
    "2022-11-30": {
        "Tax Effect Of Unusual Items": 0.0,
        "Tax Rate For Calcs": 0.242,
        "Normalized EBITDA": 528700000.0,
        "Net Income From Continuing Operation Net Minority Interest": 360300000.0,
        "Reconciled Depreciation": 44300000.0,
        "Reconciled Cost Of Revenue": 359300000.0,
        "EBITDA": 528700000.0,
        "EBIT": 484400000.0,
        "Net Interest Income": 900000.0,
        "Interest Expense": 9200000.0,
        "Interest Income": 10100000.0,
        "Normalized Income": 360300000.0,
        "Net Income From Continuing And Discontinued Operation": 360300000.0,
        "Total Expenses": 718000000.0,
        "Total Operating Income As Reported": 472300000.0,
        "Diluted Average Shares": 362300000.0,
        "Basic Average Shares": 360500000.0,
        "Diluted EPS": 0.99,
        "Basic EPS": 1.0,
        "Diluted NI Availto Com Stockholders": 360300000.0,
        "Net Income Common Stockholders": 360300000.0,
        "Net Income": 360300000.0,
        "Net Income Including Noncontrolling Interests": 360300000.0,
        "Net Income Continuous Operations": 360300000.0,
        "Tax Provision": 114900000.0,
        "Pretax Income": 475200000.0,
        "Other Income Expense": 2000000.0,
        "Other Non Operating Income Expenses": 2000000.0,
        "Net Non Operating Interest Income Expense": 900000.0,
        "Interest Expense Non Operating": 9200000.0,
        "Interest Income Non Operating": 10100000.0,
        "Operating Income": 472300000.0,
        "Operating Expense": 358700000.0,
        "Selling General And Administration": 358700000.0,
        "Gross Profit": 831000000.0,
        "Cost Of Revenue": 359300000.0,
        "Total Revenue": 1190300000.0,
        "Operating Revenue": 1168600000.0
    },
    "2022-08-31": {
        "Tax Effect Of Unusual Items": 0.0,
        "Tax Rate For Calcs": 0.229,
        "Normalized EBITDA": 539600000.0,
        "Net Income From Continuing Operation Net Minority Interest": 379200000.0,
        "Reconciled Depreciation": 44000000.0,
        "Reconciled Cost Of Revenue": 351000000.0,
        "EBITDA": 539600000.0,
        "EBIT": 495600000.0,
        "Net Interest Income": -3700000.0,
        "Interest Expense": 9100000.0,
        "Interest Income": 5400000.0,
        "Normalized Income": 379200000.0,
        "Net Income From Continuing And Discontinued Operation": 379200000.0,
        "Total Expenses": 710600000.0,
        "Total Operating Income As Reported": 495600000.0,
        "Diluted Average Shares": 362400000.0,
        "Basic Average Shares": 360100000.0,
        "Diluted EPS": 1.05,
        "Basic EPS": 1.05,
        "Diluted NI Availto Com Stockholders": 379200000.0,
        "Net Income Common Stockholders": 379200000.0,
        "Net Income": 379200000.0,
        "Net Income Including Noncontrolling Interests": 379200000.0,
        "Net Income Continuous Operations": 379200000.0,
        "Tax Provision": 112800000.0,
        "Pretax Income": 492000000.0,
        "Other Income Expense": -3600000.0,
        "Other Non Operating Income Expenses": -3600000.0,
        "Net Non Operating Interest Income Expense": -3700000.0,
        "Interest Expense Non Operating": 9100000.0,
        "Interest Income Non Operating": 5400000.0,
        "Operating Income": 495600000.0,
        "Operating Expense": 359600000.0,
        "Selling General And Administration": 359600000.0,
        "Gross Profit": 855200000.0,
        "Cost Of Revenue": 351000000.0,
        "Total Revenue": 1206200000.0,
        "Operating Revenue": 1188300000.0
    },
    "2022-05-31": {
        "Tax Effect Of Unusual Items": 0.0,
        "Tax Rate For Calcs": 0.238,
        "Normalized EBITDA": 443100000.0,
        "Net Income From Continuing Operation Net Minority Interest": 296400000.0,
        "Reconciled Depreciation": 49100000.0,
        "Reconciled Cost Of Revenue": 360000000.0,
        "EBIT": 394000000.0,
        "Net Interest Income": -7300000.0,
        "Interest Expense": 9100000.0,
        "Interest Income": 1800000.0,
        "Normalized Income": 296400000.0,
        "Net Income From Continuing And Discontinued Operation": 296400000.0,
        "Total Expenses": 750300000.0,
        "Total Operating Income As Reported": 394000000.0,
        "Diluted Average Shares": 363100000.0,
        "Basic Average Shares": 360600000.0,
        "Diluted EPS": 0.82,
        "Basic EPS": 0.82,
        "Diluted NI Availto Com Stockholders": 296400000.0,
        "Net Income Common Stockholders": 296400000.0,
        "Net Income": 296400000.0,
        "Net Income Including Noncontrolling Interests": 296400000.0,
        "Net Income Continuous Operations": 296400000.0,
        "Tax Provision": 92400000.0,
        "Pretax Income": 388800000.0,
        "Other Income Expense": -5200000.0,
        "Other Non Operating Income Expenses": -5200000.0,
        "Net Non Operating Interest Income Expense": -7300000.0,
        "Interest Expense Non Operating": 9100000.0,
        "Interest Income Non Operating": 1800000.0,
        "Operating Income": 394000000.0,
        "Operating Expense": 390300000.0,
        "Selling General And Administration": 390300000.0,
        "Gross Profit": 784300000.0,
        "Cost Of Revenue": 360000000.0,
        "Total Revenue": 1144300000.0,
        "Operating Revenue": 1129600000.0
    },
    "2022-02-28": {
        "Diluted EPS": 1.19,
        "Total Revenue": NaN,
        "Gross Profit": 924,
        "Operating Income": 563,
        "EBIT": 669,
        "Net Income": 431
    },
    "2021-11-30": {
        "Diluted EPS": 0.91,
        "Total Revenue": NaN,
        "Gross Profit": 777,
        "Operating Income": 440,
        "EBIT": 546,
        "Net Income": 332
    },
    "2021-08-31": {
        "Diluted EPS": 0.92,
        "Total Revenue": NaN,
        "Gross Profit": 770,
        "Operating Income": 443,
        "EBIT": 546,
        "Net Income": 334
    },
    "2021-05-31": {
        "Diluted EPS": 0.72,
        "Total Revenue": NaN,
        "Gross Profit": 713,
        "Operating Income": 354,
        "EBIT": 458,
        "Net Income": 263
    },
    "2021-02-28": {
        "Diluted EPS": 0.97,
        "Total Revenue": NaN,
        "Gross Profit": 783,
        "Operating Income": 469,
        "EBIT": 572,
        "Net Income": 351
    },
    "2020-11-30": {
        "Diluted EPS": 0.75,
        "Total Revenue": 984,
        "Gross Profit": 664,
        "Operating Income": 354,
        "EBIT": 460,
        "Net Income": 272
    },
    "2020-08-31": {
        "Diluted EPS": 0.59,
        "Total Revenue": 932,
        "Gross Profit": 625,
        "Operating Income": 284,
        "EBIT": 390,
        "Net Income": 212
    },
    "2020-05-31": {
        "Diluted EPS": 0.61,
        "Total Revenue": 915,
        "Gross Profit": 623,
        "Operating Income": 300,
        "EBIT": 408,
        "Net Income": 221
    },
    "2020-02-29": {
        "Diluted EPS": 0.98,
        "Total Revenue": NaN,
        "Gross Profit": 802,
        "Operating Income": 470,
        "EBIT": 577,
        "Net Income": 355
    },
    "2019-11-30": {
        "Diluted EPS": 0.72,
        "Total Revenue": 991,
        "Gross Profit": 667,
        "Operating Income": 342,
        "EBIT": 454,
        "Net Income": 259
    },
    "2019-08-31": {
        "Diluted EPS": 0.73,
        "Total Revenue": 992,
        "Gross Profit": 667,
        "Operating Income": 349,
        "EBIT": 458,
        "Net Income": 264
    },
    "2019-05-31": {
        "Diluted EPS": 0.64,
        "Total Revenue": 980,
        "Gross Profit": 658,
        "Operating Income": 315,
        "EBIT": 426,
        "Net Income": 230
    },
    "2019-02-28": {
        "Diluted EPS": 0.9,
        "Total Revenue": NaN,
        "Gross Profit": 745,
        "Operating Income": 429,
        "EBIT": 539,
        "Net Income": 325
    },
    "2018-11-30": {
        "Diluted EPS": 0.65,
        "Total Revenue": 859,
        "Gross Profit": 594,
        "Operating Income": 307,
        "EBIT": 402,
        "Net Income": 236
    },
    "2018-08-31": {
        "Diluted EPS": 0.67,
        "Total Revenue": 863,
        "Gross Profit": 597,
        "Operating Income": 320,
        "EBIT": 415,
        "Net Income": 244
    },
    "2018-05-31": {
        "Diluted EPS": 0.61,
        "Total Revenue": 846,
        "Gross Profit": 580,
        "Operating Income": 302,
        "EBIT": 397,
        "Net Income": 218
    },
    "2018-02-28": {
        "Diluted EPS": 1.01,
        "Total Revenue": 936,
        "Gross Profit": 664,
        "Operating Income": 369,
        "EBIT": 552,
        "Net Income": 367
    },
    "2017-11-30": {
        "Diluted EPS": 0.55,
        "Total Revenue": 803,
        "Gross Profit": 554,
        "Operating Income": 303,
        "EBIT": 354,
        "Net Income": 199
    },
    "2017-08-31": {
        "Diluted EPS": 0.58,
        "Total Revenue": 793,
        "Gross Profit": 561,
        "Operating Income": 317,
        "EBIT": 366,
        "Net Income": 210
    },
    "2017-05-31": {
        "Diluted EPS": 0.56,
        "Total Revenue": 800,
        "Gross Profit": 569,
        "Operating Income": 313,
        "EBIT": 536,
        "Net Income": 204
    },
    "2017-02-28": {
        "Diluted EPS": 0.56,
        "Total Revenue": 796,
        "Gross Profit": 559,
        "Operating Income": 307,
        "EBIT": 356,
        "Net Income": 203
    },
    "2016-11-30": {
        "Diluted EPS": 0.56,
        "Total Revenue": 771,
        "Gross Profit": 545,
        "Operating Income": 311,
        "EBIT": 360,
        "Net Income": 202
    },
    "2016-08-31": {
        "Diluted EPS": 0.6,
        "Total Revenue": 786,
        "Gross Profit": 560,
        "Operating Income": 323,
        "EBIT": 371,
        "Net Income": 217
    },
    "2016-05-31": {
        "Diluted EPS": 0.49,
        "Total Revenue": 754,
        "Gross Profit": 534,
        "Operating Income": 276,
        "EBIT": 325,
        "Net Income": 178
    },
    "2016-02-29": {
        "Diluted EPS": 0.5,
        "Total Revenue": 753,
        "Gross Profit": 527,
        "Operating Income": 280,
        "EBIT": 329,
        "Net Income": 180
    },
    "2015-11-30": {
        "Diluted EPS": 0.52,
        "Total Revenue": 722,
        "Gross Profit": 517,
        "Operating Income": 294,
        "EBIT": 341,
        "Net Income": 189
    },
    "2015-08-31": {
        "Diluted EPS": 0.58,
        "Total Revenue": 723,
        "Gross Profit": 517,
        "Operating Income": 296,
        "EBIT": 343,
        "Net Income": 209
    },
    "2015-05-31": {
        "Diluted EPS": 0.45,
        "Total Revenue": 692,
        "Gross Profit": 489,
        "Operating Income": 252,
        "EBIT": 298,
        "Net Income": 161
    },
    "2015-02-28": {
        "Diluted EPS": 0.46,
        "Total Revenue": 704,
        "Gross Profit": 493,
        "Operating Income": 264,
        "EBIT": 310,
        "Net Income": 169
    },
    "2014-11-30": {
        "Diluted EPS": 0.47,
        "Total Revenue": 676,
        "Gross Profit": 477,
        "Operating Income": 270,
        "EBIT": 315,
        "Net Income": 173
    },
    "2014-08-31": {
        "Diluted EPS": 0.47,
        "Total Revenue": 667,
        "Gross Profit": 473,
        "Operating Income": 268,
        "EBIT": 312,
        "Net Income": 171
    },
    "2014-05-31": {
        "Diluted EPS": 0.4,
        "Total Revenue": 639,
        "Gross Profit": 441,
        "Operating Income": 228,
        "EBIT": 275,
        "Net Income": 146
    },
    "2014-02-28": {
        "Diluted EPS": 0.44,
        "Total Revenue": 650,
        "Gross Profit": 459,
        "Operating Income": 251,
        "EBIT": 295,
        "Net Income": 160
    },
    "2013-11-30": {
        "Diluted EPS": 0.43,
        "Total Revenue": 616,
        "Gross Profit": 443,
        "Operating Income": 249,
        "EBIT": 292,
        "Net Income": 159
    },
    "2013-08-31": {
        "Diluted EPS": 0.44,
        "Total Revenue": 613,
        "Gross Profit": 443,
        "Operating Income": 255,
        "EBIT": 296,
        "Net Income": 163
    },
    "2013-05-31": {
        "Diluted EPS": 0.33,
        "Total Revenue": 585,
        "Gross Profit": 412,
        "Operating Income": 212,
        "EBIT": 252,
        "Net Income": 124
    },
    "2013-02-28": {
        "Diluted EPS": 0.4,
        "Total Revenue": 593,
        "Gross Profit": 422,
        "Operating Income": 225,
        "EBIT": 264,
        "Net Income": 145
    },
    "2012-11-30": {
        "Diluted EPS": 0.41,
        "Total Revenue": 569,
        "Gross Profit": 406,
        "Operating Income": 230,
        "EBIT": 268,
        "Net Income": 148
    },
    "2012-08-31": {
        "Diluted EPS": 0.42,
        "Total Revenue": 578,
        "Gross Profit": 415,
        "Operating Income": 238,
        "EBIT": 275,
        "Net Income": 153
    },
    "2012-05-31": {
        "Diluted EPS": 0.34,
        "Total Revenue": 552,
        "Gross Profit": 382,
        "Operating Income": 196,
        "EBIT": 232,
        "Net Income": 123
    },
    "2012-02-29": {
        "Diluted EPS": 0.37,
        "Total Revenue": 570,
        "Gross Profit": 395,
        "Operating Income": 210,
        "EBIT": 246,
        "Net Income": 135
    },
    "2011-11-30": {
        "Diluted EPS": 0.39,
        "Total Revenue": 546,
        "Gross Profit": 383,
        "Operating Income": 218,
        "EBIT": 253,
        "Net Income": 140
    },
    "2011-08-31": {
        "Diluted EPS": 0.41,
        "Total Revenue": 563,
        "Gross Profit": 399,
        "Operating Income": 230,
        "EBIT": 264,
        "Net Income": 149
    },
    "2011-05-31": {
        "Diluted EPS": 0.33,
        "Total Revenue": 523,
        "Gross Profit": 357,
        "Operating Income": 183,
        "EBIT": 217,
        "Net Income": 119
    },
    "2011-02-28": {
        "Diluted EPS": 0.36,
        "Total Revenue": 531,
        "Gross Profit": 365,
        "Operating Income": 199,
        "EBIT": 232,
        "Net Income": 131
    },
    "2010-11-30": {
        "Diluted EPS": 0.37,
        "Total Revenue": 512,
        "Gross Profit": 353,
        "Operating Income": 204,
        "EBIT": 234,
        "Net Income": 134
    },
    "2010-08-31": {
        "Diluted EPS": 0.36,
        "Total Revenue": 518,
        "Gross Profit": 358,
        "Operating Income": 201,
        "EBIT": 231,
        "Net Income": 132
    },
    "2010-05-31": {
        "Diluted EPS": 0.32,
        "Total Revenue": 496,
        "Gross Profit": 333,
        "Operating Income": 174,
        "EBIT": 204,
        "Net Income": 116
    },
    "2010-02-28": {
        "Diluted EPS": 0.31,
        "Total Revenue": 508,
        "Gross Profit": 343,
        "Operating Income": 168,
        "EBIT": 199,
        "Net Income": 112
    },
    "2009-11-30": {
        "Diluted EPS": 0.35,
        "Total Revenue": 497,
        "Gross Profit": 334,
        "Operating Income": 193,
        "EBIT": 224,
        "Net Income": 126
    },
    "2009-08-31": {
        "Diluted EPS": 0.34,
        "Total Revenue": 500,
        "Gross Profit": 337,
        "Operating Income": 190,
        "EBIT": 220,
        "Net Income": 124
    },
    "2009-05-31": {
        "Diluted EPS": 0.32,
        "Total Revenue": 496,
        "Gross Profit": 329,
        "Operating Income": 174,
        "EBIT": 203,
        "Net Income": 114
    },
    "2009-02-28": {
        "Diluted EPS": 0.36,
        "Total Revenue": 529,
        "Gross Profit": 354,
        "Operating Income": 197,
        "EBIT": 224,
        "Net Income": 131
    },
    "2023-08-31": {
        "Tax Effect Of Unusual Items": 0.0,
        "Tax Rate For Calcs": 0.237,
        "Normalized EBITDA": 577500000.0,
        "Net Income From Continuing Operation Net Minority Interest": 419200000.0,
        "Reconciled Depreciation": 41200000.0,
        "Reconciled Cost Of Revenue": 360200000.0,
        "EBITDA": 577500000.0,
        "EBIT": 536300000.0,
        "Net Interest Income": 12100000.0,
        "Interest Expense": 9400000.0,
        "Interest Income": 21500000.0,
        "Normalized Income": 419200000.0,
        "Net Income From Continuing And Discontinued Operation": 419200000.0,
        "Total Expenses": 749700000.0,
        "Total Operating Income As Reported": 536300000.0,
        "Diluted Average Shares": 362800000.0,
        "Basic Average Shares": 360800000.0,
        "Diluted EPS": 1.16,
        "Basic EPS": 1.16,
        "Diluted NI Availto Com Stockholders": 419200000.0,
        "Net Income Common Stockholders": 419200000.0,
        "Net Income": 419200000.0,
        "Net Income Including Noncontrolling Interests": 419200000.0,
        "Net Income Continuous Operations": 419200000.0,
        "Tax Provision": 129900000.0,
        "Pretax Income": 549100000.0,
        "Other Income Expense": 12800000.0,
        "Other Non Operating Income Expenses": 12800000.0,
        "Net Non Operating Interest Income Expense": 12100000.0,
        "Interest Expense Non Operating": 9400000.0,
        "Interest Income Non Operating": 21500000.0,
        "Operating Income": 536300000.0,
        "Operating Expense": 389500000.0,
        "Selling General And Administration": 389500000.0,
        "Gross Profit": 925800000.0,
        "Cost Of Revenue": 360200000.0,
        "Total Revenue": 1286000000.0,
        "Operating Revenue": 1253300000.0
    }
}