{
    "2023-06-30": {
        "Tax Effect Of Unusual Items": NaN,
        "Tax Rate For Calcs": NaN,
        "Total Unusual Items": NaN,
        "Total Unusual Items Excluding Goodwill": NaN,
        "Net Income From Continuing Operation Net Minority Interest": NaN,
        "Reconciled Depreciation": NaN,
        "Net Interest Income": NaN,
        "Interest Expense": NaN,
        "Interest Income": NaN,
        "Normalized Income": NaN,
        "Net Income From Continuing And Discontinued Operation": NaN,
        "Diluted Average Shares": NaN,
        "Basic Average Shares": NaN,
        "Diluted EPS": NaN,
        "Basic EPS": NaN,
        "Diluted NI Availto Com Stockholders": NaN,
        "Net Income Common Stockholders": NaN,
        "Net Income": NaN,
        "Net Income Including Noncontrolling Interests": NaN,
        "Net Income Continuous Operations": NaN,
        "Tax Provision": NaN,
        "Pretax Income": NaN,
        "Special Income Charges": NaN,
        "Restructuring And Mergern Acquisition": NaN,
        "Gain On Sale Of Security": 0.0,
        "Depreciation Amortization Depletion Income Statement": NaN,
        "Depreciation And Amortization In Income Statement": NaN,
        "Amortization": NaN,
        "Amortization Of Intangibles Income Statement": NaN,
        "Depreciation Income Statement": NaN,
        "Selling General And Administration": NaN,
        "General And Administrative Expense": NaN,
        "Insurance And Claims": NaN,
        "Salaries And Wages": NaN,
        "Total Revenue": NaN,
        "Operating Revenue": NaN,
        "Occupancy And Equipment": NaN,
        "Other Non Interest Expense": NaN
    },
    "2023-03-31": {
        "Tax Effect Of Unusual Items": NaN,
        "Tax Rate For Calcs": NaN,
        "Total Unusual Items": NaN,
        "Total Unusual Items Excluding Goodwill": NaN,
        "Net Income From Continuing Operation Net Minority Interest": NaN,
        "Reconciled Depreciation": NaN,
        "Net Interest Income": NaN,
        "Interest Expense": NaN,
        "Interest Income": NaN,
        "Normalized Income": NaN,
        "Net Income From Continuing And Discontinued Operation": NaN,
        "Diluted Average Shares": NaN,
        "Basic Average Shares": NaN,
        "Diluted EPS": NaN,
        "Basic EPS": NaN,
        "Diluted NI Availto Com Stockholders": NaN,
        "Net Income Common Stockholders": NaN,
        "Net Income": NaN,
        "Net Income Including Noncontrolling Interests": NaN,
        "Net Income Continuous Operations": NaN,
        "Tax Provision": NaN,
        "Pretax Income": NaN,
        "Special Income Charges": NaN,
        "Restructuring And Mergern Acquisition": NaN,
        "Gain On Sale Of Security": 0.0,
        "Depreciation Amortization Depletion Income Statement": NaN,
        "Depreciation And Amortization In Income Statement": NaN,
        "Amortization": NaN,
        "Amortization Of Intangibles Income Statement": NaN,
        "Depreciation Income Statement": NaN,
        "Selling General And Administration": NaN,
        "General And Administrative Expense": NaN,
        "Insurance And Claims": NaN,
        "Salaries And Wages": NaN,
        "Total Revenue": NaN,
        "Operating Revenue": NaN,
        "Occupancy And Equipment": NaN,
        "Other Non Interest Expense": NaN
    },
    "2022-12-31": {
        "Tax Effect Of Unusual Items": 381850.879353,
        "Tax Rate For Calcs": 0.210386,
        "Total Unusual Items": 1815000.0,
        "Total Unusual Items Excluding Goodwill": 1815000.0,
        "Net Income From Continuing Operation Net Minority Interest": 137880000.0,
        "Reconciled Depreciation": 6996000.0,
        "Net Interest Income": 256137000.0,
        "Interest Expense": 52455000.0,
        "Interest Income": 308592000.0,
        "Normalized Income": 136446850.879353,
        "Net Income From Continuing And Discontinued Operation": 137880000.0,
        "Diluted Average Shares": 91287000.0,
        "Basic Average Shares": 91287000.0,
        "Diluted EPS": 1.51,
        "Basic EPS": 1.51,
        "Diluted NI Availto Com Stockholders": 137880000.0,
        "Net Income Common Stockholders": 137880000.0,
        "Net Income": 137880000.0,
        "Net Income Including Noncontrolling Interests": 137880000.0,
        "Net Income Continuous Operations": 137880000.0,
        "Tax Provision": 36737000.0,
        "Pretax Income": 174617000.0,
        "Special Income Charges": NaN,
        "Restructuring And Mergern Acquisition": NaN,
        "Depreciation Amortization Depletion Income Statement": 6996000.0,
        "Depreciation And Amortization In Income Statement": 6996000.0,
        "Amortization": 2558000.0,
        "Amortization Of Intangibles Income Statement": 2558000.0,
        "Depreciation Income Statement": 4438000.0,
        "Selling General And Administration": 71928000.0,
        "General And Administrative Expense": 68727000.0,
        "Insurance And Claims": NaN,
        "Salaries And Wages": 75353000.0,
        "Total Revenue": 284145000.0,
        "Operating Revenue": 284145000.0
    },
    "2022-09-30": {
        "Tax Effect Of Unusual Items": NaN,
        "Tax Rate For Calcs": NaN,
        "Total Unusual Items": NaN,
        "Total Unusual Items Excluding Goodwill": NaN,
        "Net Income From Continuing Operation Net Minority Interest": NaN,
        "Reconciled Depreciation": NaN,
        "Net Interest Income": NaN,
        "Interest Expense": NaN,
        "Interest Income": NaN,
        "Normalized Income": NaN,
        "Net Income From Continuing And Discontinued Operation": NaN,
        "Diluted Average Shares": NaN,
        "Basic Average Shares": NaN,
        "Diluted EPS": NaN,
        "Basic EPS": NaN,
        "Diluted NI Availto Com Stockholders": NaN,
        "Net Income Common Stockholders": NaN,
        "Net Income": NaN,
        "Net Income Including Noncontrolling Interests": NaN,
        "Net Income Continuous Operations": NaN,
        "Tax Provision": NaN,
        "Pretax Income": NaN,
        "Special Income Charges": NaN,
        "Restructuring And Mergern Acquisition": NaN,
        "Gain On Sale Of Security": NaN,
        "Depreciation Amortization Depletion Income Statement": NaN,
        "Depreciation And Amortization In Income Statement": NaN,
        "Amortization": NaN,
        "Amortization Of Intangibles Income Statement": NaN,
        "Depreciation Income Statement": NaN,
        "Selling General And Administration": NaN,
        "General And Administrative Expense": NaN,
        "Other Gand A": 6181000.0,
        "Insurance And Claims": NaN,
        "Salaries And Wages": NaN,
        "Total Revenue": NaN,
        "Operating Revenue": NaN
    },
    "2022-06-30": {
        "Tax Effect Of Unusual Items": 233022.0,
        "Tax Rate For Calcs": 0.213,
        "Total Unusual Items": 1094000.0,
        "Total Unusual Items Excluding Goodwill": 1094000.0,
        "Net Income From Continuing Operation Net Minority Interest": 128490000.0,
        "Reconciled Depreciation": 7120000.0,
        "Net Interest Income": 248471000.0,
        "Interest Expense": 9335000.0,
        "Interest Income": 257806000.0,
        "Normalized Income": 127629022.0,
        "Net Income From Continuing And Discontinued Operation": 128490000.0,
        "Diluted Average Shares": 91772000.0,
        "Basic Average Shares": 91772000.0,
        "Diluted EPS": 1.4,
        "Basic EPS": 1.4,
        "Diluted NI Availto Com Stockholders": 128490000.0,
        "Net Income Common Stockholders": 128490000.0,
        "Net Income": 128490000.0,
        "Net Income Including Noncontrolling Interests": 128490000.0,
        "Net Income Continuous Operations": 128490000.0,
        "Tax Provision": 34697000.0,
        "Pretax Income": 163187000.0,
        "Special Income Charges": NaN,
        "Restructuring And Mergern Acquisition": NaN,
        "Depreciation Amortization Depletion Income Statement": 7120000.0,
        "Depreciation And Amortization In Income Statement": 7120000.0,
        "Amortization": 2581000.0,
        "Amortization Of Intangibles Income Statement": 2581000.0,
        "Depreciation Income Statement": 4539000.0,
        "Selling General And Administration": 86428000.0,
        "General And Administrative Expense": 86428000.0,
        "Other Gand A": 6057000.0,
        "Insurance And Claims": NaN,
        "Salaries And Wages": 80371000.0,
        "Total Revenue": 276805000.0,
        "Operating Revenue": 276805000.0
    },
    "2023-09-30": {
        "Tax Effect Of Unusual Items": -244737.0,
        "Tax Rate For Calcs": 0.213,
        "Total Unusual Items": -1149000.0,
        "Total Unusual Items Excluding Goodwill": -1149000.0,
        "Net Income From Continuing Operation Net Minority Interest": 112208000.0,
        "Reconciled Depreciation": 8161000.0,
        "Net Interest Income": 239524000.0,
        "Interest Expense": 140830000.0,
        "Interest Income": 380354000.0,
        "Normalized Income": 113112263.0,
        "Net Income From Continuing And Discontinued Operation": 112208000.0,
        "Diluted Average Shares": 93720000.0,
        "Basic Average Shares": 93720000.0,
        "Diluted EPS": 1.2,
        "Basic EPS": 1.2,
        "Diluted NI Availto Com Stockholders": 112208000.0,
        "Net Income Common Stockholders": 112208000.0,
        "Net Income": 112208000.0,
        "Net Income Including Noncontrolling Interests": 112208000.0,
        "Net Income Continuous Operations": 112208000.0,
        "Tax Provision": 30402000.0,
        "Pretax Income": 142610000.0,
        "Special Income Charges": -1104000.0,
        "Restructuring And Mergern Acquisition": 1104000.0,
        "Gain On Sale Of Security": 0.0,
        "Depreciation Amortization Depletion Income Statement": 8161000.0,
        "Depreciation And Amortization In Income Statement": 8161000.0,
        "Amortization": 3576000.0,
        "Amortization Of Intangibles Income Statement": 3576000.0,
        "Depreciation Income Statement": 4585000.0,
        "Selling General And Administration": 90578000.0,
        "General And Administrative Expense": 90578000.0,
        "Insurance And Claims": 5155000.0,
        "Salaries And Wages": 85423000.0,
        "Total Revenue": 267348000.0,
        "Operating Revenue": 267348000.0,
        "Occupancy And Equipment": 9464000.0,
        "Other Non Interest Expense": 15431000.0
    },
    "2023-12-31": {
        "Tax Effect Of Unusual Items": -77255.297413,
        "Tax Rate For Calcs": 0.213412,
        "Total Unusual Items": -362000.0,
        "Total Unusual Items Excluding Goodwill": -362000.0,
        "Net Income From Continuing Operation Net Minority Interest": 95476000.0,
        "Reconciled Depreciation": 8166000.0,
        "Net Interest Income": 236983000.0,
        "Interest Expense": 139449000.0,
        "Interest Income": 376432000.0,
        "Normalized Income": 95760744.702587,
        "Net Income From Continuing And Discontinued Operation": 95476000.0,
        "Diluted Average Shares": 93715000.0,
        "Basic Average Shares": 93715000.0,
        "Diluted EPS": 1.02,
        "Basic EPS": 1.02,
        "Diluted NI Availto Com Stockholders": 95476000.0,
        "Net Income Common Stockholders": 95476000.0,
        "Net Income": 95476000.0,
        "Net Income Including Noncontrolling Interests": 95476000.0,
        "Net Income Continuous Operations": 95476000.0,
        "Tax Provision": 25904000.0,
        "Pretax Income": 121380000.0,
        "Special Income Charges": -278000.0,
        "Restructuring And Mergern Acquisition": 278000.0,
        "Gain On Sale Of Security": NaN,
        "Depreciation Amortization Depletion Income Statement": 8166000.0,
        "Depreciation And Amortization In Income Statement": 8166000.0,
        "Amortization": 3559000.0,
        "Amortization Of Intangibles Income Statement": 3559000.0,
        "Depreciation Income Statement": 4607000.0,
        "Selling General And Administration": 112405000.0,
        "General And Administrative Expense": 109175000.0,
        "Insurance And Claims": 28689000.0,
        "Salaries And Wages": 80486000.0,
        "Total Revenue": 262810000.0,
        "Operating Revenue": 262810000.0,
        "Occupancy And Equipment": 9093000.0,
        "Other Non Interest Expense": 1707000.0
    },
    "2024-03-31": {
        "Tax Effect Of Unusual Items": -7630.0,
        "Tax Rate For Calcs": 0.218,
        "Total Unusual Items": -35000.0,
        "Total Unusual Items Excluding Goodwill": -35000.0,
        "Net Income From Continuing Operation Net Minority Interest": 110426000.0,
        "Reconciled Depreciation": 7923000.0,
        "Net Interest Income": 238244000.0,
        "Interest Expense": 143670000.0,
        "Interest Income": 381914000.0,
        "Normalized Income": 110453370.0,
        "Net Income From Continuing And Discontinued Operation": 110426000.0,
        "Diluted Average Shares": 93706000.0,
        "Basic Average Shares": 93706000.0,
        "Diluted EPS": 1.18,
        "Basic EPS": 1.18,
        "Diluted NI Availto Com Stockholders": 110426000.0,
        "Net Income Common Stockholders": 110426000.0,
        "Net Income": 110426000.0,
        "Net Income Including Noncontrolling Interests": 110426000.0,
        "Net Income Continuous Operations": 110426000.0,
        "Tax Provision": 30840000.0,
        "Pretax Income": 141266000.0,
        "Special Income Charges": 0.0,
        "Restructuring And Mergern Acquisition": 0.0,
        "Gain On Sale Of Security": 298000.0,
        "Depreciation Amortization Depletion Income Statement": 7923000.0,
        "Depreciation And Amortization In Income Statement": 7923000.0,
        "Amortization": 3237000.0,
        "Amortization Of Intangibles Income Statement": 3237000.0,
        "Depreciation Income Statement": 4686000.0,
        "Selling General And Administration": 91309000.0,
        "General And Administrative Expense": 91309000.0,
        "Insurance And Claims": 5538000.0,
        "Salaries And Wages": 85771000.0,
        "Total Revenue": 266139000.0,
        "Operating Revenue": 266139000.0,
        "Occupancy And Equipment": 8623000.0,
        "Other Non Interest Expense": 17018000.0
    },
    "2024-06-30": {
        "Tax Effect Of Unusual Items": -1157196.0,
        "Tax Rate For Calcs": 0.219,
        "Total Unusual Items": -5284000.0,
        "Total Unusual Items Excluding Goodwill": -5284000.0,
        "Net Income From Continuing Operation Net Minority Interest": 111602000.0,
        "Reconciled Depreciation": 8992000.0,
        "Net Interest Income": 258786000.0,
        "Interest Expense": 154165000.0,
        "Interest Income": 412951000.0,
        "Normalized Income": 115728804.0,
        "Net Income From Continuing And Discontinued Operation": 111602000.0,
        "Diluted Average Shares": 95765000.0,
        "Basic Average Shares": 95765000.0,
        "Diluted EPS": 1.17,
        "Basic EPS": 1.17,
        "Diluted NI Availto Com Stockholders": 111602000.0,
        "Net Income Common Stockholders": 111602000.0,
        "Net Income": 111602000.0,
        "Net Income Including Noncontrolling Interests": 111602000.0,
        "Net Income Continuous Operations": 111602000.0,
        "Tax Provision": 31279000.0,
        "Pretax Income": 142881000.0,
        "Special Income Charges": -4381000.0,
        "Restructuring And Mergern Acquisition": 4381000.0,
        "Gain On Sale Of Security": 10723000.0,
        "Depreciation Amortization Depletion Income Statement": 8992000.0,
        "Depreciation And Amortization In Income Statement": 8992000.0,
        "Amortization": 4156000.0,
        "Amortization Of Intangibles Income Statement": 4156000.0,
        "Depreciation Income Statement": 4836000.0,
        "Selling General And Administration": 99901000.0,
        "General And Administrative Expense": 99901000.0,
        "Insurance And Claims": 10317000.0,
        "Salaries And Wages": 89584000.0,
        "Total Revenue": 292791000.0,
        "Operating Revenue": 292791000.0,
        "Occupancy And Equipment": 8915000.0,
        "Other Non Interest Expense": 18655000.0
    },
    "2024-09-30": {
        "Tax Effect Of Unusual Items": 672840.0,
        "Tax Rate For Calcs": 0.216,
        "Total Unusual Items": 3115000.0,
        "Total Unusual Items Excluding Goodwill": 3115000.0,
        "Net Income From Continuing Operation Net Minority Interest": 127282000.0,
        "Reconciled Depreciation": 8887000.0,
        "Net Interest Income": 261691000.0,
        "Interest Expense": 156212000.0,
        "Interest Income": 417903000.0,
        "Normalized Income": 124839840.0,
        "Net Income From Continuing And Discontinued Operation": 127282000.0,
        "Diluted Average Shares": 95261000.0,
        "Basic Average Shares": 95261000.0,
        "Diluted EPS": 1.34,
        "Basic EPS": 1.34,
        "Diluted NI Availto Com Stockholders": 127282000.0,
        "Net Income Common Stockholders": 127282000.0,
        "Net Income": 127282000.0,
        "Net Income Including Noncontrolling Interests": 127282000.0,
        "Net Income Continuous Operations": 127282000.0,
        "Tax Provision": 35170000.0,
        "Pretax Income": 162452000.0,
        "Special Income Charges": -63000.0,
        "Restructuring And Mergern Acquisition": 63000.0,
        "Gain On Sale Of Security": 224000.0,
        "Depreciation Amortization Depletion Income Statement": 8887000.0,
        "Depreciation And Amortization In Income Statement": 8887000.0,
        "Amortization": 4146000.0,
        "Amortization Of Intangibles Income Statement": 4146000.0,
        "Depreciation Income Statement": 4741000.0,
        "Selling General And Administration": 94093000.0,
        "General And Administrative Expense": 94093000.0,
        "Insurance And Claims": 5726000.0,
        "Salaries And Wages": 88367000.0,
        "Total Revenue": 290805000.0,
        "Operating Revenue": 290805000.0,
        "Occupancy And Equipment": 9291000.0,
        "Other Non Interest Expense": 16019000.0
    }
}