{
    "2023-03-31": {
        "Tax Effect Of Unusual Items": NaN,
        "Tax Rate For Calcs": NaN,
        "Normalized EBITDA": NaN,
        "Total Unusual Items": NaN,
        "Total Unusual Items Excluding Goodwill": NaN,
        "Net Income From Continuing Operation Net Minority Interest": NaN,
        "Reconciled Depreciation": NaN,
        "Reconciled Cost Of Revenue": NaN,
        "EBITDA": NaN,
        "EBIT": NaN,
        "Net Interest Income": NaN,
        "Interest Expense": NaN,
        "Interest Income": 2000000.0,
        "Normalized Income": NaN,
        "Net Income From Continuing And Discontinued Operation": NaN,
        "Total Expenses": NaN,
        "Total Operating Income As Reported": NaN,
        "Diluted Average Shares": NaN,
        "Basic Average Shares": NaN,
        "Diluted EPS": NaN,
        "Basic EPS": NaN,
        "Diluted NI Availto Com Stockholders": NaN,
        "Net Income Common Stockholders": NaN,
        "Preferred Stock Dividends": NaN,
        "Net Income": NaN,
        "Minority Interests": NaN,
        "Net Income Including Noncontrolling Interests": NaN,
        "Net Income Continuous Operations": NaN,
        "Tax Provision": NaN,
        "Pretax Income": NaN,
        "Other Income Expense": NaN,
        "Special Income Charges": NaN,
        "Gain On Sale Of Business": NaN,
        "Restructuring And Mergern Acquisition": NaN,
        "Gain On Sale Of Security": NaN,
        "Net Non Operating Interest Income Expense": NaN,
        "Interest Expense Non Operating": NaN,
        "Interest Income Non Operating": 2000000.0,
        "Operating Income": NaN,
        "Operating Expense": NaN,
        "Other Operating Expenses": NaN,
        "Selling General And Administration": NaN,
        "General And Administrative Expense": NaN,
        "Other Gand A": NaN,
        "Gross Profit": NaN,
        "Cost Of Revenue": NaN,
        "Total Revenue": NaN,
        "Operating Revenue": NaN
    },
    "2022-12-31": {
        "Tax Effect Of Unusual Items": NaN,
        "Tax Rate For Calcs": NaN,
        "Normalized EBITDA": NaN,
        "Total Unusual Items": NaN,
        "Total Unusual Items Excluding Goodwill": NaN,
        "Net Income From Continuing Operation Net Minority Interest": NaN,
        "Reconciled Depreciation": NaN,
        "Reconciled Cost Of Revenue": NaN,
        "EBITDA": NaN,
        "EBIT": NaN,
        "Net Interest Income": NaN,
        "Interest Expense": NaN,
        "Interest Income": NaN,
        "Normalized Income": NaN,
        "Net Income From Continuing And Discontinued Operation": NaN,
        "Total Expenses": NaN,
        "Total Operating Income As Reported": NaN,
        "Diluted Average Shares": NaN,
        "Basic Average Shares": NaN,
        "Diluted EPS": NaN,
        "Basic EPS": NaN,
        "Diluted NI Availto Com Stockholders": NaN,
        "Net Income Common Stockholders": NaN,
        "Preferred Stock Dividends": 29000000.0,
        "Net Income": NaN,
        "Minority Interests": NaN,
        "Net Income Including Noncontrolling Interests": NaN,
        "Net Income Continuous Operations": NaN,
        "Tax Provision": NaN,
        "Pretax Income": NaN,
        "Other Income Expense": NaN,
        "Special Income Charges": 0.0,
        "Gain On Sale Of Ppe": 0.0,
        "Gain On Sale Of Business": 0.0,
        "Write Off": 0.0,
        "Restructuring And Mergern Acquisition": NaN,
        "Gain On Sale Of Security": NaN,
        "Net Non Operating Interest Income Expense": NaN,
        "Interest Expense Non Operating": NaN,
        "Interest Income Non Operating": NaN,
        "Operating Income": NaN,
        "Operating Expense": NaN,
        "Other Operating Expenses": NaN,
        "Selling General And Administration": NaN,
        "General And Administrative Expense": NaN,
        "Other Gand A": NaN,
        "Gross Profit": NaN,
        "Cost Of Revenue": NaN,
        "Total Revenue": NaN,
        "Operating Revenue": NaN
    },
    "2022-09-30": {
        "Tax Effect Of Unusual Items": NaN,
        "Tax Rate For Calcs": NaN,
        "Normalized EBITDA": NaN,
        "Total Unusual Items": NaN,
        "Total Unusual Items Excluding Goodwill": NaN,
        "Net Income From Continuing Operation Net Minority Interest": NaN,
        "Reconciled Depreciation": NaN,
        "Reconciled Cost Of Revenue": NaN,
        "EBITDA": NaN,
        "EBIT": NaN,
        "Net Interest Income": NaN,
        "Interest Expense": NaN,
        "Interest Income": NaN,
        "Normalized Income": NaN,
        "Net Income From Continuing And Discontinued Operation": NaN,
        "Total Expenses": NaN,
        "Total Operating Income As Reported": NaN,
        "Diluted Average Shares": 556000000.0,
        "Basic Average Shares": 554000000.0,
        "Diluted EPS": 3.23,
        "Basic EPS": 3.24,
        "Diluted NI Availto Com Stockholders": NaN,
        "Net Income Common Stockholders": NaN,
        "Preferred Stock Dividends": 34000000.0,
        "Net Income": NaN,
        "Net Income Including Noncontrolling Interests": NaN,
        "Net Income Continuous Operations": NaN,
        "Tax Provision": NaN,
        "Pretax Income": NaN,
        "Other Income Expense": NaN,
        "Special Income Charges": 1110000000.0,
        "Gain On Sale Of Ppe": 1110000000.0,
        "Gain On Sale Of Business": 1110000000.0,
        "Write Off": 0.0,
        "Gain On Sale Of Security": NaN,
        "Net Non Operating Interest Income Expense": NaN,
        "Interest Expense Non Operating": NaN,
        "Interest Income Non Operating": NaN,
        "Operating Income": NaN,
        "Operating Expense": NaN,
        "Other Operating Expenses": NaN,
        "Selling General And Administration": NaN,
        "General And Administrative Expense": NaN,
        "Other Gand A": NaN,
        "Gross Profit": NaN,
        "Cost Of Revenue": NaN,
        "Total Revenue": NaN,
        "Operating Revenue": NaN
    },
    "2022-06-30": {
        "Tax Effect Of Unusual Items": -1695145.631068,
        "Tax Rate For Calcs": 0.18835,
        "Normalized EBITDA": 837000000.0,
        "Total Unusual Items": -9000000.0,
        "Total Unusual Items Excluding Goodwill": -9000000.0,
        "Net Income From Continuing Operation Net Minority Interest": 418000000.0,
        "Reconciled Depreciation": 198000000.0,
        "Reconciled Cost Of Revenue": 2384000000.0,
        "EBITDA": 828000000.0,
        "EBIT": 630000000.0,
        "Net Interest Income": -115000000.0,
        "Interest Expense": 115000000.0,
        "Normalized Income": 425304854.368932,
        "Net Income From Continuing And Discontinued Operation": 418000000.0,
        "Total Expenses": 2456000000.0,
        "Total Operating Income As Reported": 639000000.0,
        "Diluted Average Shares": 557000000.0,
        "Basic Average Shares": 554000000.0,
        "Diluted EPS": 0.69,
        "Basic EPS": 0.7,
        "Diluted NI Availto Com Stockholders": 385000000.0,
        "Net Income Common Stockholders": 385000000.0,
        "Preferred Stock Dividends": 33000000.0,
        "Net Income": 418000000.0,
        "Net Income Including Noncontrolling Interests": 418000000.0,
        "Net Income Continuous Operations": 418000000.0,
        "Tax Provision": 97000000.0,
        "Pretax Income": 515000000.0,
        "Other Income Expense": -9000000.0,
        "Special Income Charges": 0.0,
        "Gain On Sale Of Ppe": NaN,
        "Write Off": 0.0,
        "Gain On Sale Of Security": -9000000.0,
        "Net Non Operating Interest Income Expense": -115000000.0,
        "Interest Expense Non Operating": 115000000.0,
        "Operating Income": 639000000.0,
        "Operating Expense": 72000000.0,
        "Other Operating Expenses": -18000000.0,
        "Selling General And Administration": 90000000.0,
        "General And Administrative Expense": 90000000.0,
        "Other Gand A": 90000000.0,
        "Gross Profit": 711000000.0,
        "Cost Of Revenue": 2384000000.0,
        "Total Revenue": 3095000000.0,
        "Operating Revenue": 3095000000.0
    },
    "2022-03-31": {
        "Diluted EPS": 0.64,
        "Total Revenue": NaN,
        "Gross Profit": 677,
        "Operating Income": 586,
        "EBIT": 726,
        "Net Income": 380
    },
    "2021-12-31": {
        "Diluted EPS": 0.07,
        "Total Revenue": NaN,
        "Gross Profit": 625,
        "Operating Income": 192,
        "EBIT": 338,
        "Net Income": -51
    },
    "2021-09-30": {
        "Diluted EPS": 0.8,
        "Total Revenue": NaN,
        "Gross Profit": 542,
        "Operating Income": 735,
        "EBIT": 871,
        "Net Income": 467
    },
    "2021-06-30": {
        "Diluted EPS": 0.32,
        "Total Revenue": NaN,
        "Gross Profit": 448,
        "Operating Income": 344,
        "EBIT": 502,
        "Net Income": 207
    },
    "2021-03-31": {
        "Diluted EPS": 0.4,
        "Total Revenue": NaN,
        "Gross Profit": 498,
        "Operating Income": 416,
        "EBIT": 554,
        "Net Income": 253
    },
    "2020-12-31": {
        "Diluted EPS": -1.68,
        "Total Revenue": NaN,
        "Gross Profit": 205,
        "Operating Income": NaN,
        "EBIT": NaN,
        "Net Income": -982
    },
    "2020-09-30": {
        "Diluted EPS": 0.38,
        "Total Revenue": NaN,
        "Gross Profit": 423,
        "Operating Income": 384,
        "EBIT": 528,
        "Net Income": 239
    },
    "2020-06-30": {
        "Diluted EPS": 0.28,
        "Total Revenue": 962,
        "Gross Profit": 328,
        "Operating Income": 300,
        "EBIT": 423,
        "Net Income": 183
    },
    "2020-03-31": {
        "Diluted EPS": 0.37,
        "Total Revenue": NaN,
        "Gross Profit": 543,
        "Operating Income": 485,
        "EBIT": 617,
        "Net Income": 205
    },
    "2019-12-31": {
        "Diluted EPS": 0.16,
        "Total Revenue": NaN,
        "Gross Profit": 456,
        "Operating Income": 385,
        "EBIT": 488,
        "Net Income": 112
    },
    "2019-09-30": {
        "Diluted EPS": 0.5,
        "Total Revenue": NaN,
        "Gross Profit": 464,
        "Operating Income": 417,
        "EBIT": 515,
        "Net Income": 280
    },
    "2019-06-30": {
        "Diluted EPS": 0.92,
        "Total Revenue": NaN,
        "Gross Profit": 470,
        "Operating Income": 413,
        "EBIT": 503,
        "Net Income": 496
    },
    "2019-03-31": {
        "Diluted EPS": 0.41,
        "Total Revenue": NaN,
        "Gross Profit": 442,
        "Operating Income": 384,
        "EBIT": 478,
        "Net Income": 235
    },
    "2018-12-31": {
        "Diluted EPS": 0.41,
        "Total Revenue": NaN,
        "Gross Profit": 637,
        "Operating Income": 567,
        "EBIT": 652,
        "Net Income": 182
    },
    "2018-09-30": {
        "Diluted EPS": 0.46,
        "Total Revenue": NaN,
        "Gross Profit": 448,
        "Operating Income": 394,
        "EBIT": 476,
        "Net Income": 256
    },
    "2018-06-30": {
        "Diluted EPS": 0.42,
        "Total Revenue": NaN,
        "Gross Profit": 322,
        "Operating Income": 260,
        "EBIT": 338,
        "Net Income": 191
    },
    "2018-03-31": {
        "Diluted EPS": 0.47,
        "Total Revenue": NaN,
        "Gross Profit": 389,
        "Operating Income": 339,
        "EBIT": 415,
        "Net Income": 261
    },
    "2017-12-31": {
        "Diluted EPS": 0.71,
        "Total Revenue": NaN,
        "Gross Profit": 345,
        "Operating Income": 282,
        "EBIT": 363,
        "Net Income": 281
    },
    "2017-09-30": {
        "Diluted EPS": 0.18,
        "Total Revenue": 782,
        "Gross Profit": 215,
        "Operating Income": 164,
        "EBIT": 246,
        "Net Income": 85
    },
    "2017-06-30": {
        "Diluted EPS": 0.19,
        "Total Revenue": 871,
        "Gross Profit": 205,
        "Operating Income": 158,
        "EBIT": 215,
        "Net Income": 92
    },
    "2017-03-31": {
        "Diluted EPS": 0.37,
        "Total Revenue": NaN,
        "Gross Profit": 288,
        "Operating Income": 245,
        "EBIT": 308,
        "Net Income": 162
    },
    "2016-12-31": {
        "Diluted EPS": 0.21,
        "Total Revenue": 903,
        "Gross Profit": 202,
        "Operating Income": 170,
        "EBIT": 226,
        "Net Income": 43
    },
    "2016-09-30": {
        "Diluted EPS": 0.19,
        "Total Revenue": 744,
        "Gross Profit": 189,
        "Operating Income": 155,
        "EBIT": 213,
        "Net Income": 92
    },
    "2016-06-30": {
        "Diluted EPS": 0.19,
        "Total Revenue": 780,
        "Gross Profit": 192,
        "Operating Income": 154,
        "EBIT": 213,
        "Net Income": 88
    },
    "2016-03-31": {
        "Diluted EPS": 0.17,
        "Total Revenue": 741,
        "Gross Profit": 173,
        "Operating Income": 130,
        "EBIT": 179,
        "Net Income": 74
    },
    "2015-12-31": {
        "Diluted EPS": 0.24,
        "Total Revenue": 931,
        "Gross Profit": 171,
        "Operating Income": 119,
        "EBIT": 184,
        "Net Income": 97
    },
    "2015-09-30": {
        "Diluted EPS": 0.22,
        "Total Revenue": 777,
        "Gross Profit": 142,
        "Operating Income": 120,
        "EBIT": 167,
        "Net Income": 86
    },
    "2015-06-30": {
        "Diluted EPS": 0.07,
        "Total Revenue": 986,
        "Gross Profit": 162,
        "Operating Income": 134,
        "EBIT": 181,
        "Net Income": 33
    },
    "2015-03-31": {
        "Diluted EPS": 0.26,
        "Total Revenue": 951,
        "Gross Profit": 189,
        "Operating Income": 151,
        "EBIT": 197,
        "Net Income": 99
    },
    "2014-12-31": {
        "Diluted EPS": 0.18,
        "Total Revenue": NaN,
        "Gross Profit": 49,
        "Operating Income": 22,
        "EBIT": 79,
        "Net Income": 67
    },
    "2014-09-30": {
        "Diluted EPS": 0.18,
        "Total Revenue": NaN,
        "Gross Profit": 136,
        "Operating Income": 72,
        "EBIT": 122,
        "Net Income": 66
    },
    "2014-06-30": {
        "Diluted EPS": 0.19,
        "Total Revenue": NaN,
        "Gross Profit": 188,
        "Operating Income": 155,
        "EBIT": 204,
        "Net Income": 70
    },
    "2014-03-31": {
        "Diluted EPS": 0.38,
        "Total Revenue": NaN,
        "Gross Profit": 291,
        "Operating Income": 257,
        "EBIT": 306,
        "Net Income": 135
    },
    "2013-12-31": {
        "Diluted EPS": 0.29,
        "Total Revenue": NaN,
        "Gross Profit": 202,
        "Operating Income": 161,
        "EBIT": 205,
        "Net Income": 86
    },
    "2013-09-30": {
        "Diluted EPS": 0.21,
        "Total Revenue": NaN,
        "Gross Profit": 166,
        "Operating Income": 137,
        "EBIT": 183,
        "Net Income": 69
    },
    "2013-06-30": {
        "Diluted EPS": 0.3,
        "Total Revenue": NaN,
        "Gross Profit": 162,
        "Operating Income": 136,
        "EBIT": 169,
        "Net Income": 91
    },
    "2013-03-31": {
        "Diluted EPS": 0.3,
        "Total Revenue": NaN,
        "Gross Profit": 198,
        "Operating Income": 166,
        "EBIT": 209,
        "Net Income": 90
    },
    "2012-12-31": {
        "Diluted EPS": 0.27,
        "Total Revenue": NaN,
        "Gross Profit": 152,
        "Operating Income": 126,
        "EBIT": 175,
        "Net Income": 79
    },
    "2012-09-30": {
        "Diluted EPS": 0.11,
        "Total Revenue": 822,
        "Gross Profit": 106,
        "Operating Income": 78,
        "EBIT": 132,
        "Net Income": 31
    },
    "2012-06-30": {
        "Diluted EPS": 0.28,
        "Total Revenue": 878,
        "Gross Profit": 123,
        "Operating Income": 98,
        "EBIT": 151,
        "Net Income": 81
    },
    "2012-03-31": {
        "Diluted EPS": 0.2,
        "Total Revenue": 483,
        "Gross Profit": 114,
        "Operating Income": 97,
        "EBIT": 119,
        "Net Income": 33
    },
    "2011-12-31": {
        "Diluted EPS": 0.27,
        "Total Revenue": 469,
        "Gross Profit": 469,
        "Operating Income": 469,
        "EBIT": 469,
        "Net Income": 45
    },
    "2011-09-30": {
        "Diluted EPS": 0.18,
        "Total Revenue": 310,
        "Gross Profit": 310,
        "Operating Income": 310,
        "EBIT": 310,
        "Net Income": 31
    },
    "2011-06-30": {
        "Diluted EPS": 0.3,
        "Total Revenue": 529,
        "Gross Profit": 529,
        "Operating Income": 529,
        "EBIT": 529,
        "Net Income": 50
    },
    "2011-03-31": {
        "Diluted EPS": 0.26,
        "Total Revenue": 400,
        "Gross Profit": 400,
        "Operating Income": 400,
        "EBIT": 400,
        "Net Income": 43
    },
    "2010-12-31": {
        "Diluted EPS": 0.31,
        "Total Revenue": 293,
        "Gross Profit": 293,
        "Operating Income": 293,
        "EBIT": 293,
        "Net Income": 51
    },
    "2023-06-30": {
        "Tax Effect Of Unusual Items": NaN,
        "Tax Rate For Calcs": NaN,
        "Normalized EBITDA": NaN,
        "Total Unusual Items": NaN,
        "Total Unusual Items Excluding Goodwill": NaN,
        "Net Income From Continuing Operation Net Minority Interest": NaN,
        "Reconciled Depreciation": NaN,
        "Reconciled Cost Of Revenue": NaN,
        "EBITDA": NaN,
        "EBIT": NaN,
        "Net Interest Income": NaN,
        "Interest Expense": NaN,
        "Interest Income": 1000000.0,
        "Normalized Income": NaN,
        "Net Income From Continuing And Discontinued Operation": NaN,
        "Total Expenses": NaN,
        "Total Operating Income As Reported": NaN,
        "Diluted Average Shares": 551000000.0,
        "Basic Average Shares": 550000000.0,
        "Diluted EPS": 0.6,
        "Basic EPS": 0.6,
        "Diluted NI Availto Com Stockholders": NaN,
        "Net Income Common Stockholders": NaN,
        "Preferred Stock Dividends": 35000000.0,
        "Net Income": NaN,
        "Minority Interests": 0.0,
        "Net Income Including Noncontrolling Interests": NaN,
        "Net Income Continuous Operations": NaN,
        "Tax Provision": NaN,
        "Pretax Income": NaN,
        "Other Income Expense": 8000000.0,
        "Special Income Charges": 0.0,
        "Gain On Sale Of Business": NaN,
        "Restructuring And Mergern Acquisition": 0.0,
        "Gain On Sale Of Security": 8000000.0,
        "Net Non Operating Interest Income Expense": NaN,
        "Interest Expense Non Operating": NaN,
        "Interest Income Non Operating": 1000000.0,
        "Operating Income": NaN,
        "Operating Expense": NaN,
        "Other Operating Expenses": NaN,
        "Selling General And Administration": NaN,
        "General And Administrative Expense": NaN,
        "Other Gand A": NaN,
        "Gross Profit": NaN,
        "Cost Of Revenue": NaN,
        "Total Revenue": NaN,
        "Operating Revenue": NaN
    },
    "2023-09-30": {
        "Tax Effect Of Unusual Items": -2389140.271493,
        "Tax Rate For Calcs": 0.217195,
        "Normalized EBITDA": 736000000.0,
        "Total Unusual Items": -11000000.0,
        "Total Unusual Items Excluding Goodwill": -11000000.0,
        "Net Income From Continuing Operation Net Minority Interest": 346000000.0,
        "Reconciled Depreciation": 164000000.0,
        "Reconciled Cost Of Revenue": 1633000000.0,
        "EBITDA": 725000000.0,
        "EBIT": 561000000.0,
        "Net Interest Income": -119000000.0,
        "Interest Expense": 119000000.0,
        "Interest Income": NaN,
        "Normalized Income": 354610859.728507,
        "Net Income From Continuing And Discontinued Operation": 346000000.0,
        "Total Expenses": 1720000000.0,
        "Total Operating Income As Reported": 572000000.0,
        "Diluted Average Shares": 550000000.0,
        "Basic Average Shares": 549000000.0,
        "Diluted EPS": 0.57,
        "Basic EPS": 0.58,
        "Diluted NI Availto Com Stockholders": 316000000.0,
        "Net Income Common Stockholders": 316000000.0,
        "Preferred Stock Dividends": 30000000.0,
        "Net Income": 346000000.0,
        "Minority Interests": NaN,
        "Net Income Including Noncontrolling Interests": 346000000.0,
        "Net Income Continuous Operations": 346000000.0,
        "Tax Provision": 96000000.0,
        "Pretax Income": 442000000.0,
        "Other Income Expense": -11000000.0,
        "Special Income Charges": 0.0,
        "Gain On Sale Of Business": 0.0,
        "Restructuring And Mergern Acquisition": NaN,
        "Gain On Sale Of Security": -11000000.0,
        "Net Non Operating Interest Income Expense": -119000000.0,
        "Interest Expense Non Operating": 119000000.0,
        "Interest Income Non Operating": NaN,
        "Operating Income": 572000000.0,
        "Operating Expense": 87000000.0,
        "Other Operating Expenses": -17000000.0,
        "Selling General And Administration": 104000000.0,
        "General And Administrative Expense": 104000000.0,
        "Other Gand A": 104000000.0,
        "Gross Profit": 659000000.0,
        "Cost Of Revenue": 1633000000.0,
        "Total Revenue": 2292000000.0,
        "Operating Revenue": 2292000000.0
    },
    "2023-12-31": {
        "Tax Effect Of Unusual Items": 33305521.472393,
        "Tax Rate For Calcs": 0.143558,
        "Normalized EBITDA": 878000000.0,
        "Total Unusual Items": 232000000.0,
        "Total Unusual Items Excluding Goodwill": 232000000.0,
        "Net Income From Continuing Operation Net Minority Interest": 698000000.0,
        "Reconciled Depreciation": 178000000.0,
        "Reconciled Cost Of Revenue": 1616000000.0,
        "EBITDA": 1110000000.0,
        "EBIT": 932000000.0,
        "Net Interest Income": -117000000.0,
        "Interest Expense": 117000000.0,
        "Interest Income": NaN,
        "Normalized Income": 499305521.472393,
        "Net Income From Continuing And Discontinued Operation": 698000000.0,
        "Total Expenses": 1766000000.0,
        "Total Operating Income As Reported": 931000000.0,
        "Diluted Average Shares": NaN,
        "Basic Average Shares": NaN,
        "Diluted EPS": NaN,
        "Basic EPS": NaN,
        "Diluted NI Availto Com Stockholders": 666000000.0,
        "Net Income Common Stockholders": 666000000.0,
        "Preferred Stock Dividends": 32000000.0,
        "Net Income": 698000000.0,
        "Minority Interests": NaN,
        "Net Income Including Noncontrolling Interests": 698000000.0,
        "Net Income Continuous Operations": 698000000.0,
        "Tax Provision": 117000000.0,
        "Pretax Income": 815000000.0,
        "Other Income Expense": 232000000.0,
        "Special Income Charges": 231000000.0,
        "Gain On Sale Of Business": 0.0,
        "Restructuring And Mergern Acquisition": NaN,
        "Gain On Sale Of Security": 1000000.0,
        "Net Non Operating Interest Income Expense": -117000000.0,
        "Interest Expense Non Operating": 117000000.0,
        "Interest Income Non Operating": NaN,
        "Operating Income": 700000000.0,
        "Operating Expense": 150000000.0,
        "Other Operating Expenses": 8000000.0,
        "Selling General And Administration": 142000000.0,
        "General And Administrative Expense": 142000000.0,
        "Other Gand A": 142000000.0,
        "Gross Profit": 850000000.0,
        "Cost Of Revenue": 1616000000.0,
        "Total Revenue": 2466000000.0,
        "Operating Revenue": 2466000000.0
    },
    "2024-03-31": {
        "Tax Effect Of Unusual Items": -1032136.10586,
        "Tax Rate For Calcs": 0.172023,
        "Normalized EBITDA": 822000000.0,
        "Total Unusual Items": -6000000.0,
        "Total Unusual Items Excluding Goodwill": -6000000.0,
        "Net Income From Continuing Operation Net Minority Interest": 438000000.0,
        "Reconciled Depreciation": 156000000.0,
        "Reconciled Cost Of Revenue": 961000000.0,
        "EBITDA": 816000000.0,
        "EBIT": 660000000.0,
        "Net Interest Income": -102000000.0,
        "Interest Expense": 131000000.0,
        "Interest Income": 29000000.0,
        "Normalized Income": 442967863.89414,
        "Net Income From Continuing And Discontinued Operation": 438000000.0,
        "Total Expenses": 1054000000.0,
        "Total Operating Income As Reported": 637000000.0,
        "Diluted Average Shares": 550000000.0,
        "Basic Average Shares": 549000000.0,
        "Diluted EPS": 0.73,
        "Basic EPS": 0.74,
        "Diluted NI Availto Com Stockholders": 438000000.0,
        "Net Income Common Stockholders": 438000000.0,
        "Preferred Stock Dividends": NaN,
        "Net Income": 438000000.0,
        "Minority Interests": NaN,
        "Net Income Including Noncontrolling Interests": 438000000.0,
        "Net Income Continuous Operations": 438000000.0,
        "Tax Provision": 91000000.0,
        "Pretax Income": 529000000.0,
        "Other Income Expense": -6000000.0,
        "Special Income Charges": NaN,
        "Gain On Sale Of Business": NaN,
        "Restructuring And Mergern Acquisition": NaN,
        "Gain On Sale Of Security": -6000000.0,
        "Net Non Operating Interest Income Expense": -102000000.0,
        "Interest Expense Non Operating": 131000000.0,
        "Interest Income Non Operating": 29000000.0,
        "Operating Income": 637000000.0,
        "Operating Expense": 93000000.0,
        "Other Operating Expenses": -15000000.0,
        "Selling General And Administration": 108000000.0,
        "General And Administrative Expense": 108000000.0,
        "Other Gand A": 108000000.0,
        "Gross Profit": 730000000.0,
        "Cost Of Revenue": 961000000.0,
        "Total Revenue": 1691000000.0,
        "Operating Revenue": 1540000000.0
    },
    "2024-06-30": {
        "Tax Effect Of Unusual Items": -91800000.0,
        "Tax Rate For Calcs": 0.15,
        "Normalized EBITDA": 979000000.0,
        "Total Unusual Items": -612000000.0,
        "Total Unusual Items Excluding Goodwill": -612000000.0,
        "Net Income From Continuing Operation Net Minority Interest": 471000000.0,
        "Reconciled Depreciation": 240000000.0,
        "Reconciled Cost Of Revenue": 1040000000.0,
        "EBITDA": 367000000.0,
        "EBIT": 127000000.0,
        "Net Interest Income": -145000000.0,
        "Interest Expense": 154000000.0,
        "Interest Income": 9000000.0,
        "Normalized Income": 991200000.0,
        "Net Income From Continuing And Discontinued Operation": 471000000.0,
        "Total Expenses": 1125000000.0,
        "Total Operating Income As Reported": 114000000.0,
        "Diluted Average Shares": 581000000.0,
        "Basic Average Shares": 580000000.0,
        "Diluted EPS": 0.75,
        "Basic EPS": 0.75,
        "Diluted NI Availto Com Stockholders": 471000000.0,
        "Net Income Common Stockholders": 471000000.0,
        "Preferred Stock Dividends": NaN,
        "Net Income": 471000000.0,
        "Minority Interests": -8000000.0,
        "Net Income Including Noncontrolling Interests": 479000000.0,
        "Net Income Continuous Operations": 479000000.0,
        "Tax Provision": -506000000.0,
        "Pretax Income": -27000000.0,
        "Other Income Expense": -612000000.0,
        "Special Income Charges": -616000000.0,
        "Gain On Sale Of Business": NaN,
        "Restructuring And Mergern Acquisition": 616000000.0,
        "Gain On Sale Of Security": 4000000.0,
        "Net Non Operating Interest Income Expense": -145000000.0,
        "Interest Expense Non Operating": 154000000.0,
        "Interest Income Non Operating": 9000000.0,
        "Operating Income": 730000000.0,
        "Operating Expense": 85000000.0,
        "Other Operating Expenses": -27000000.0,
        "Selling General And Administration": 112000000.0,
        "General And Administrative Expense": 112000000.0,
        "Other Gand A": 112000000.0,
        "Gross Profit": 815000000.0,
        "Cost Of Revenue": 1040000000.0,
        "Total Revenue": 1855000000.0,
        "Operating Revenue": 1855000000.0
    },
    "2024-09-30": {
        "Tax Effect Of Unusual Items": 0.0,
        "Tax Rate For Calcs": 0.187764,
        "Normalized EBITDA": 861000000.0,
        "Total Unusual Items": 0.0,
        "Total Unusual Items Excluding Goodwill": 0.0,
        "Net Income From Continuing Operation Net Minority Interest": 383000000.0,
        "Reconciled Depreciation": 231000000.0,
        "Reconciled Cost Of Revenue": 1097000000.0,
        "EBITDA": 861000000.0,
        "EBIT": 630000000.0,
        "Net Interest Income": -149000000.0,
        "Interest Expense": 156000000.0,
        "Interest Income": 7000000.0,
        "Normalized Income": 383000000.0,
        "Net Income From Continuing And Discontinued Operation": 383000000.0,
        "Total Expenses": 1221000000.0,
        "Total Operating Income As Reported": 623000000.0,
        "Diluted Average Shares": 581000000.0,
        "Basic Average Shares": 580000000.0,
        "Diluted EPS": 0.6,
        "Basic EPS": 0.6,
        "Diluted NI Availto Com Stockholders": 346000000.0,
        "Net Income Common Stockholders": 346000000.0,
        "Preferred Stock Dividends": 37000000.0,
        "Net Income": 383000000.0,
        "Minority Interests": -2000000.0,
        "Net Income Including Noncontrolling Interests": 385000000.0,
        "Net Income Continuous Operations": 385000000.0,
        "Tax Provision": 89000000.0,
        "Pretax Income": 474000000.0,
        "Other Income Expense": NaN,
        "Special Income Charges": 0.0,
        "Gain On Sale Of Business": NaN,
        "Restructuring And Mergern Acquisition": 0.0,
        "Gain On Sale Of Security": NaN,
        "Net Non Operating Interest Income Expense": -149000000.0,
        "Interest Expense Non Operating": 156000000.0,
        "Interest Income Non Operating": 7000000.0,
        "Operating Income": 623000000.0,
        "Operating Expense": 124000000.0,
        "Other Operating Expenses": 4000000.0,
        "Selling General And Administration": 120000000.0,
        "General And Administrative Expense": 120000000.0,
        "Other Gand A": 120000000.0,
        "Gross Profit": 747000000.0,
        "Cost Of Revenue": 1097000000.0,
        "Total Revenue": 1844000000.0,
        "Operating Revenue": 1844000000.0
    }
}