{
    "2023-03-31": {
        "Tax Effect Of Unusual Items": 0.0,
        "Tax Rate For Calcs": 0.214,
        "Total Unusual Items": 0.0,
        "Total Unusual Items Excluding Goodwill": 0.0,
        "Net Income From Continuing Operation Net Minority Interest": 6024000.0,
        "Reconciled Depreciation": 661000.0,
        "Net Interest Income": 17516000.0,
        "Interest Expense": 1263000.0,
        "Interest Income": 18779000.0,
        "Normalized Income": 6024000.0,
        "Net Income From Continuing And Discontinued Operation": 6024000.0,
        "Diluted Average Shares": 25169382.0,
        "Basic Average Shares": 25169382.0,
        "Diluted EPS": 0.24,
        "Basic EPS": 0.24,
        "Diluted NI Availto Com Stockholders": 6024000.0,
        "Net Income Common Stockholders": 6024000.0,
        "Net Income": 6024000.0,
        "Net Income Including Noncontrolling Interests": 6024000.0,
        "Net Income Continuous Operations": 6024000.0,
        "Tax Provision": 1644000.0,
        "Pretax Income": 7668000.0,
        "Special Income Charges": 0.0,
        "Other Special Charges": NaN,
        "Gain On Sale Of Security": -59000.0,
        "Selling General And Administration": 7713000.0,
        "Selling And Marketing Expense": 176000.0,
        "General And Administrative Expense": 7537000.0,
        "Other Gand A": NaN,
        "Insurance And Claims": 469000.0,
        "Salaries And Wages": 7068000.0,
        "Total Revenue": 20766000.0,
        "Operating Revenue": 20766000.0
    },
    "2022-12-31": {
        "Tax Effect Of Unusual Items": 0.0,
        "Tax Rate For Calcs": 0.225,
        "Total Unusual Items": 0.0,
        "Total Unusual Items Excluding Goodwill": 0.0,
        "Net Income From Continuing Operation Net Minority Interest": 6183000.0,
        "Reconciled Depreciation": 691000.0,
        "Net Interest Income": 17135000.0,
        "Interest Expense": 844000.0,
        "Interest Income": 17979000.0,
        "Normalized Income": 6183000.0,
        "Net Income From Continuing And Discontinued Operation": 6183000.0,
        "Diluted Average Shares": 25156653.0,
        "Basic Average Shares": 25156653.0,
        "Diluted EPS": 0.25,
        "Basic EPS": 0.25,
        "Diluted NI Availto Com Stockholders": 6183000.0,
        "Net Income Common Stockholders": 6183000.0,
        "Net Income": 6183000.0,
        "Net Income Including Noncontrolling Interests": 6183000.0,
        "Net Income Continuous Operations": 6183000.0,
        "Tax Provision": 1792000.0,
        "Pretax Income": 7975000.0,
        "Special Income Charges": NaN,
        "Other Special Charges": NaN,
        "Gain On Sale Of Security": 268000.0,
        "Selling General And Administration": 7893000.0,
        "Selling And Marketing Expense": 294000.0,
        "General And Administrative Expense": 7599000.0,
        "Other Gand A": NaN,
        "Insurance And Claims": 379000.0,
        "Salaries And Wages": 7220000.0,
        "Total Revenue": 21081000.0,
        "Operating Revenue": 21081000.0
    },
    "2022-09-30": {
        "Tax Effect Of Unusual Items": 0.0,
        "Tax Rate For Calcs": 0.194,
        "Total Unusual Items": NaN,
        "Total Unusual Items Excluding Goodwill": NaN,
        "Net Income From Continuing Operation Net Minority Interest": 5234000.0,
        "Reconciled Depreciation": 692000.0,
        "Net Interest Income": 14674000.0,
        "Interest Expense": 518000.0,
        "Interest Income": 15192000.0,
        "Normalized Income": 5234000.0,
        "Net Income From Continuing And Discontinued Operation": 5234000.0,
        "Diluted Average Shares": 25143924.0,
        "Basic Average Shares": 25143924.0,
        "Diluted EPS": 0.21,
        "Basic EPS": 0.21,
        "Diluted NI Availto Com Stockholders": 5234000.0,
        "Net Income Common Stockholders": 5234000.0,
        "Net Income": 5234000.0,
        "Net Income Including Noncontrolling Interests": 5234000.0,
        "Net Income Continuous Operations": 5234000.0,
        "Tax Provision": 1257000.0,
        "Pretax Income": 6491000.0,
        "Special Income Charges": NaN,
        "Other Special Charges": NaN,
        "Gain On Sale Of Security": -39000.0,
        "Selling General And Administration": 7135000.0,
        "Selling And Marketing Expense": 141000.0,
        "General And Administrative Expense": 6994000.0,
        "Other Gand A": NaN,
        "Insurance And Claims": 402000.0,
        "Salaries And Wages": 6592000.0,
        "Total Revenue": 18479000.0,
        "Operating Revenue": 18479000.0
    },
    "2022-06-30": {
        "Tax Effect Of Unusual Items": 0.0,
        "Tax Rate For Calcs": 0.225246,
        "Total Unusual Items": 0.0,
        "Total Unusual Items Excluding Goodwill": 0.0,
        "Net Income From Continuing Operation Net Minority Interest": 2363000.0,
        "Reconciled Depreciation": 697000.0,
        "Net Interest Income": 11744000.0,
        "Interest Expense": 384000.0,
        "Interest Income": 12128000.0,
        "Normalized Income": 2363000.0,
        "Net Income From Continuing And Discontinued Operation": 2363000.0,
        "Diluted Average Shares": NaN,
        "Basic Average Shares": NaN,
        "Diluted EPS": NaN,
        "Basic EPS": NaN,
        "Diluted NI Availto Com Stockholders": 2363000.0,
        "Net Income Common Stockholders": 2363000.0,
        "Net Income": 2363000.0,
        "Net Income Including Noncontrolling Interests": 2363000.0,
        "Net Income Continuous Operations": 2363000.0,
        "Tax Provision": 687000.0,
        "Pretax Income": 3050000.0,
        "Special Income Charges": 0.0,
        "Other Special Charges": 0.0,
        "Gain On Sale Of Security": -147000.0,
        "Selling General And Administration": 7992000.0,
        "Selling And Marketing Expense": 134000.0,
        "General And Administrative Expense": 7858000.0,
        "Other Gand A": 1010000.0,
        "Insurance And Claims": 997000.0,
        "Salaries And Wages": 6861000.0,
        "Total Revenue": 15056000.0,
        "Operating Revenue": 15056000.0
    },
    "2022-03-31": {
        "Diluted EPS": 0.01,
        "Total Revenue": 14,
        "Gross Profit": 14,
        "Operating Income": 2,
        "EBIT": NaN,
        "Net Income": 0
    },
    "2021-12-31": {
        "Diluted EPS": 0.25,
        "Total Revenue": 15,
        "Gross Profit": 14,
        "Operating Income": 8,
        "EBIT": NaN,
        "Net Income": 6
    },
    "2021-09-30": {
        "Diluted EPS": 0.05,
        "Total Revenue": 14,
        "Gross Profit": 13,
        "Operating Income": 2,
        "EBIT": NaN,
        "Net Income": 1
    },
    "2021-06-30": {
        "Diluted EPS": -0.15,
        "Total Revenue": 14,
        "Gross Profit": 14,
        "Operating Income": 1,
        "EBIT": NaN,
        "Net Income": -4
    },
    "2021-03-31": {
        "Diluted EPS": 0.05,
        "Total Revenue": 15,
        "Gross Profit": 15,
        "Operating Income": 2,
        "EBIT": NaN,
        "Net Income": 1
    },
    "2020-12-31": {
        "Diluted EPS": 0.08,
        "Total Revenue": 16,
        "Gross Profit": 15,
        "Operating Income": 2,
        "EBIT": NaN,
        "Net Income": 2
    },
    "2020-09-30": {
        "Diluted EPS": 0.06,
        "Total Revenue": 15,
        "Gross Profit": 14,
        "Operating Income": 2,
        "EBIT": NaN,
        "Net Income": 1
    },
    "2020-06-30": {
        "Diluted EPS": 0.07,
        "Total Revenue": 15,
        "Gross Profit": 14,
        "Operating Income": 2,
        "EBIT": NaN,
        "Net Income": 1
    },
    "2020-03-31": {
        "Diluted EPS": 0.03,
        "Total Revenue": 16,
        "Gross Profit": 15,
        "Operating Income": 1,
        "EBIT": NaN,
        "Net Income": 1
    },
    "2019-12-31": {
        "Diluted EPS": 0.15,
        "Total Revenue": 19,
        "Gross Profit": 18,
        "Operating Income": 5,
        "EBIT": NaN,
        "Net Income": 4
    },
    "2019-09-30": {
        "Diluted EPS": -0.04,
        "Total Revenue": 19,
        "Gross Profit": 17,
        "Operating Income": -2,
        "EBIT": NaN,
        "Net Income": -1
    },
    "2019-06-30": {
        "Diluted EPS": 0.0,
        "Total Revenue": 18,
        "Gross Profit": 17,
        "Operating Income": -9,
        "EBIT": NaN,
        "Net Income": -7
    },
    "2019-03-31": {
        "Diluted EPS": 0.0,
        "Total Revenue": 18,
        "Gross Profit": 16,
        "Operating Income": 6,
        "EBIT": NaN,
        "Net Income": 5
    },
    "2018-12-31": {
        "Diluted EPS": 0.0,
        "Total Revenue": 16,
        "Gross Profit": 15,
        "Operating Income": 5,
        "EBIT": NaN,
        "Net Income": 5
    },
    "2018-09-30": {
        "Diluted EPS": 0.0,
        "Total Revenue": 16,
        "Gross Profit": 15,
        "Operating Income": 6,
        "EBIT": NaN,
        "Net Income": 4
    },
    "2018-06-30": {
        "Diluted EPS": 0.0,
        "Total Revenue": NaN,
        "Gross Profit": NaN,
        "Operating Income": NaN,
        "EBIT": NaN,
        "Net Income": NaN
    },
    "2018-03-31": {
        "Diluted EPS": 0.0,
        "Total Revenue": 15,
        "Gross Profit": 14,
        "Operating Income": 4,
        "EBIT": NaN,
        "Net Income": 3
    },
    "2017-06-30": {
        "Diluted EPS": 0.0,
        "Total Revenue": NaN,
        "Gross Profit": NaN,
        "Operating Income": NaN,
        "EBIT": NaN,
        "Net Income": NaN
    }
}