{
    "2023-03-31": {
        "Tax Effect Of Unusual Items": 0.0,
        "Tax Rate For Calcs": 0.2,
        "Total Unusual Items": NaN,
        "Total Unusual Items Excluding Goodwill": NaN,
        "Net Income From Continuing Operation Net Minority Interest": 2599000.0,
        "Reconciled Depreciation": 375000.0,
        "Net Interest Income": 9890000.0,
        "Interest Expense": 5075000.0,
        "Interest Income": 14965000.0,
        "Normalized Income": 2599000.0,
        "Net Income From Continuing And Discontinued Operation": 2599000.0,
        "Diluted Average Shares": 4609000.0,
        "Basic Average Shares": 4609000.0,
        "Diluted EPS": 0.43,
        "Basic EPS": 0.43,
        "Diluted NI Availto Com Stockholders": 1960000.0,
        "Net Income Common Stockholders": 1960000.0,
        "Otherunder Preferred Stock Dividend": 639000.0,
        "Net Income": 2599000.0,
        "Minority Interests": -76000.0,
        "Net Income Including Noncontrolling Interests": 2675000.0,
        "Net Income Continuous Operations": 2675000.0,
        "Tax Provision": 669000.0,
        "Pretax Income": 3344000.0,
        "Special Income Charges": NaN,
        "Gain On Sale Of Security": 73000.0,
        "Selling General And Administration": 4608000.0,
        "Selling And Marketing Expense": 206000.0,
        "General And Administrative Expense": 4402000.0,
        "Insurance And Claims": 219000.0,
        "Salaries And Wages": 4183000.0,
        "Total Revenue": 11299000.0,
        "Operating Revenue": 11299000.0,
        "Occupancy And Equipment": 852000.0,
        "Professional Expense And Contract Services Expense": 695000.0,
        "Other Non Interest Expense": 1108000.0
    },
    "2022-12-31": {
        "Tax Effect Of Unusual Items": NaN,
        "Tax Rate For Calcs": NaN,
        "Total Unusual Items": -250000.0,
        "Total Unusual Items Excluding Goodwill": -250000.0,
        "Net Income From Continuing Operation Net Minority Interest": NaN,
        "Reconciled Depreciation": NaN,
        "Net Interest Income": NaN,
        "Interest Expense": NaN,
        "Interest Income": NaN,
        "Normalized Income": NaN,
        "Net Income From Continuing And Discontinued Operation": NaN,
        "Diluted Average Shares": NaN,
        "Basic Average Shares": NaN,
        "Diluted EPS": NaN,
        "Basic EPS": NaN,
        "Diluted NI Availto Com Stockholders": NaN,
        "Net Income Common Stockholders": NaN,
        "Otherunder Preferred Stock Dividend": NaN,
        "Net Income": NaN,
        "Minority Interests": NaN,
        "Net Income Including Noncontrolling Interests": NaN,
        "Net Income Continuous Operations": NaN,
        "Tax Provision": NaN,
        "Pretax Income": NaN,
        "Special Income Charges": -250000.0,
        "Gain On Sale Of Security": NaN,
        "Selling General And Administration": NaN,
        "Selling And Marketing Expense": NaN,
        "General And Administrative Expense": NaN,
        "Insurance And Claims": NaN,
        "Salaries And Wages": NaN,
        "Total Revenue": NaN,
        "Operating Revenue": NaN,
        "Occupancy And Equipment": NaN,
        "Professional Expense And Contract Services Expense": NaN,
        "Other Non Interest Expense": NaN
    },
    "2022-09-30": {
        "Tax Effect Of Unusual Items": NaN,
        "Tax Rate For Calcs": NaN,
        "Total Unusual Items": 0.0,
        "Total Unusual Items Excluding Goodwill": 0.0,
        "Net Income From Continuing Operation Net Minority Interest": NaN,
        "Reconciled Depreciation": NaN,
        "Net Interest Income": NaN,
        "Interest Expense": NaN,
        "Interest Income": NaN,
        "Normalized Income": NaN,
        "Net Income From Continuing And Discontinued Operation": NaN,
        "Diluted Average Shares": NaN,
        "Basic Average Shares": NaN,
        "Diluted EPS": NaN,
        "Basic EPS": NaN,
        "Diluted NI Availto Com Stockholders": NaN,
        "Net Income Common Stockholders": NaN,
        "Otherunder Preferred Stock Dividend": NaN,
        "Net Income": NaN,
        "Minority Interests": NaN,
        "Net Income Including Noncontrolling Interests": NaN,
        "Net Income Continuous Operations": NaN,
        "Tax Provision": NaN,
        "Pretax Income": NaN,
        "Special Income Charges": 0.0,
        "Gain On Sale Of Security": NaN,
        "Selling General And Administration": NaN,
        "Selling And Marketing Expense": NaN,
        "General And Administrative Expense": NaN,
        "Other Gand A": 485000.0,
        "Insurance And Claims": NaN,
        "Salaries And Wages": NaN,
        "Total Revenue": NaN,
        "Operating Revenue": NaN
    },
    "2022-06-30": {
        "Tax Effect Of Unusual Items": 0.0,
        "Tax Rate For Calcs": 0.19174,
        "Total Unusual Items": 0.0,
        "Total Unusual Items Excluding Goodwill": 0.0,
        "Net Income From Continuing Operation Net Minority Interest": 3272000.0,
        "Reconciled Depreciation": 375000.0,
        "Net Interest Income": 9977000.0,
        "Interest Expense": 1729000.0,
        "Interest Income": 11706000.0,
        "Normalized Income": 3272000.0,
        "Net Income From Continuing And Discontinued Operation": 3272000.0,
        "Diluted Average Shares": 4549000.0,
        "Basic Average Shares": 4549000.0,
        "Diluted EPS": 0.54,
        "Basic EPS": 0.54,
        "Diluted NI Availto Com Stockholders": 3272000.0,
        "Net Income Common Stockholders": 3272000.0,
        "Otherunder Preferred Stock Dividend": 813000.0,
        "Net Income": 3272000.0,
        "Minority Interests": -16000.0,
        "Net Income Including Noncontrolling Interests": 3288000.0,
        "Net Income Continuous Operations": 3288000.0,
        "Tax Provision": 780000.0,
        "Pretax Income": 4068000.0,
        "Special Income Charges": 0.0,
        "Gain On Sale Of Security": 19000.0,
        "Selling General And Administration": 4759000.0,
        "Selling And Marketing Expense": 235000.0,
        "General And Administrative Expense": 4524000.0,
        "Other Gand A": 517000.0,
        "Insurance And Claims": 222000.0,
        "Salaries And Wages": 3785000.0,
        "Total Revenue": 11019000.0,
        "Operating Revenue": 11019000.0
    },
    "2022-03-31": {
        "Diluted EPS": 0.37,
        "Total Revenue": 13,
        "Gross Profit": 11,
        "Operating Income": 4,
        "EBIT": NaN,
        "Net Income": 2
    },
    "2021-12-31": {
        "Diluted EPS": 0.37,
        "Total Revenue": 13,
        "Gross Profit": 11,
        "Operating Income": 5,
        "EBIT": NaN,
        "Net Income": 3
    },
    "2021-09-30": {
        "Diluted EPS": 0.57,
        "Total Revenue": 13,
        "Gross Profit": 11,
        "Operating Income": 4,
        "EBIT": NaN,
        "Net Income": 3
    },
    "2021-06-30": {
        "Diluted EPS": 0.48,
        "Total Revenue": 14,
        "Gross Profit": 12,
        "Operating Income": 4,
        "EBIT": NaN,
        "Net Income": 2
    },
    "2021-03-31": {
        "Diluted EPS": 0.36,
        "Total Revenue": 13,
        "Gross Profit": 10,
        "Operating Income": 3,
        "EBIT": NaN,
        "Net Income": 2
    },
    "2020-12-31": {
        "Diluted EPS": 0.32,
        "Total Revenue": 12,
        "Gross Profit": 10,
        "Operating Income": 2,
        "EBIT": NaN,
        "Net Income": 1
    },
    "2020-09-30": {
        "Diluted EPS": 0.25,
        "Total Revenue": 12,
        "Gross Profit": 10,
        "Operating Income": 2,
        "EBIT": NaN,
        "Net Income": 1
    },
    "2020-06-30": {
        "Diluted EPS": 0.31,
        "Total Revenue": 12,
        "Gross Profit": 9,
        "Operating Income": 2,
        "EBIT": NaN,
        "Net Income": 1
    },
    "2020-03-31": {
        "Diluted EPS": 0.29,
        "Total Revenue": 13,
        "Gross Profit": 10,
        "Operating Income": 2,
        "EBIT": NaN,
        "Net Income": 1
    },
    "2019-12-31": {
        "Diluted EPS": 0.35,
        "Total Revenue": 13,
        "Gross Profit": 9,
        "Operating Income": 2,
        "EBIT": NaN,
        "Net Income": 2
    },
    "2019-09-30": {
        "Diluted EPS": 0.22,
        "Total Revenue": 12,
        "Gross Profit": 8,
        "Operating Income": 2,
        "EBIT": NaN,
        "Net Income": 1
    },
    "2019-06-30": {
        "Diluted EPS": 0.11,
        "Total Revenue": 11,
        "Gross Profit": 8,
        "Operating Income": 1,
        "EBIT": NaN,
        "Net Income": 0
    },
    "2019-03-31": {
        "Diluted EPS": 0.12,
        "Total Revenue": 11,
        "Gross Profit": 8,
        "Operating Income": 1,
        "EBIT": NaN,
        "Net Income": 1
    },
    "2018-12-31": {
        "Diluted EPS": 0.25,
        "Total Revenue": 10,
        "Gross Profit": 7,
        "Operating Income": 1,
        "EBIT": NaN,
        "Net Income": 1
    },
    "2018-09-30": {
        "Diluted EPS": 0.23,
        "Total Revenue": 10,
        "Gross Profit": 7,
        "Operating Income": 1,
        "EBIT": NaN,
        "Net Income": 1
    },
    "2018-06-30": {
        "Diluted EPS": 0.22,
        "Total Revenue": 10,
        "Gross Profit": 7,
        "Operating Income": 1,
        "EBIT": NaN,
        "Net Income": 1
    },
    "2018-03-31": {
        "Diluted EPS": 0.24,
        "Total Revenue": 9,
        "Gross Profit": 7,
        "Operating Income": 1,
        "EBIT": NaN,
        "Net Income": 1
    },
    "2017-12-31": {
        "Diluted EPS": 0.2,
        "Total Revenue": 9,
        "Gross Profit": 7,
        "Operating Income": 1,
        "EBIT": NaN,
        "Net Income": 1
    },
    "2017-09-30": {
        "Diluted EPS": 0.22,
        "Total Revenue": 9,
        "Gross Profit": 7,
        "Operating Income": 1,
        "EBIT": NaN,
        "Net Income": 1
    },
    "2017-06-30": {
        "Diluted EPS": 0.22,
        "Total Revenue": 8,
        "Gross Profit": 7,
        "Operating Income": 1,
        "EBIT": NaN,
        "Net Income": 1
    },
    "2017-03-31": {
        "Diluted EPS": 0.19,
        "Total Revenue": 8,
        "Gross Profit": 6,
        "Operating Income": 1,
        "EBIT": NaN,
        "Net Income": 1
    },
    "2016-12-31": {
        "Diluted EPS": 0.23,
        "Total Revenue": 7,
        "Gross Profit": 6,
        "Operating Income": 1,
        "EBIT": NaN,
        "Net Income": 1
    },
    "2016-09-30": {
        "Diluted EPS": 0.2,
        "Total Revenue": 7,
        "Gross Profit": 6,
        "Operating Income": 1,
        "EBIT": NaN,
        "Net Income": 1
    },
    "2016-06-30": {
        "Diluted EPS": 0.2,
        "Total Revenue": 7,
        "Gross Profit": 6,
        "Operating Income": 1,
        "EBIT": NaN,
        "Net Income": 1
    },
    "2016-03-31": {
        "Diluted EPS": 0.15,
        "Total Revenue": 7,
        "Gross Profit": 6,
        "Operating Income": 1,
        "EBIT": NaN,
        "Net Income": 1
    },
    "2015-12-31": {
        "Diluted EPS": 0.18,
        "Total Revenue": 7,
        "Gross Profit": 6,
        "Operating Income": 1,
        "EBIT": NaN,
        "Net Income": 1
    },
    "2015-09-30": {
        "Diluted EPS": 0.2,
        "Total Revenue": 7,
        "Gross Profit": 6,
        "Operating Income": 1,
        "EBIT": NaN,
        "Net Income": 1
    },
    "2015-06-30": {
        "Diluted EPS": 0.16,
        "Total Revenue": 6,
        "Gross Profit": 6,
        "Operating Income": 1,
        "EBIT": NaN,
        "Net Income": 1
    },
    "2015-03-31": {
        "Diluted EPS": 0.12,
        "Total Revenue": 6,
        "Gross Profit": 5,
        "Operating Income": 1,
        "EBIT": NaN,
        "Net Income": 0
    },
    "2014-12-31": {
        "Diluted EPS": 0.19,
        "Total Revenue": 6,
        "Gross Profit": 6,
        "Operating Income": 1,
        "EBIT": NaN,
        "Net Income": 1
    },
    "2014-09-30": {
        "Diluted EPS": 0.17,
        "Total Revenue": 6,
        "Gross Profit": 5,
        "Operating Income": 1,
        "EBIT": NaN,
        "Net Income": 1
    },
    "2014-06-30": {
        "Diluted EPS": 0.15,
        "Total Revenue": 6,
        "Gross Profit": 5,
        "Operating Income": 1,
        "EBIT": NaN,
        "Net Income": 1
    },
    "2014-03-31": {
        "Diluted EPS": 0.12,
        "Total Revenue": 6,
        "Gross Profit": 5,
        "Operating Income": 1,
        "EBIT": NaN,
        "Net Income": 0
    },
    "2013-12-31": {
        "Diluted EPS": 0.06,
        "Total Revenue": 6,
        "Gross Profit": 5,
        "Operating Income": 1,
        "EBIT": NaN,
        "Net Income": 1
    },
    "2013-09-30": {
        "Diluted EPS": 0.2,
        "Total Revenue": 5,
        "Gross Profit": 5,
        "Operating Income": 1,
        "EBIT": NaN,
        "Net Income": 1
    },
    "2013-06-30": {
        "Diluted EPS": 0.2,
        "Total Revenue": 6,
        "Gross Profit": 5,
        "Operating Income": 1,
        "EBIT": NaN,
        "Net Income": 1
    },
    "2013-03-31": {
        "Diluted EPS": 0.12,
        "Total Revenue": 5,
        "Gross Profit": 5,
        "Operating Income": 1,
        "EBIT": NaN,
        "Net Income": 1
    },
    "2012-12-31": {
        "Diluted EPS": 0.15,
        "Total Revenue": 5,
        "Gross Profit": 4,
        "Operating Income": 0,
        "EBIT": NaN,
        "Net Income": 1
    },
    "2012-09-30": {
        "Diluted EPS": 0.13,
        "Total Revenue": 5,
        "Gross Profit": 4,
        "Operating Income": 1,
        "EBIT": NaN,
        "Net Income": 1
    },
    "2012-06-30": {
        "Diluted EPS": 0.15,
        "Total Revenue": 5,
        "Gross Profit": 4,
        "Operating Income": 1,
        "EBIT": NaN,
        "Net Income": 1
    },
    "2012-03-31": {
        "Diluted EPS": 0.1,
        "Total Revenue": 5,
        "Gross Profit": 4,
        "Operating Income": 1,
        "EBIT": NaN,
        "Net Income": 0
    },
    "2011-12-31": {
        "Diluted EPS": 0.06,
        "Total Revenue": 5,
        "Gross Profit": 4,
        "Operating Income": 1,
        "EBIT": NaN,
        "Net Income": 0
    },
    "2011-09-30": {
        "Diluted EPS": 0.07,
        "Total Revenue": 5,
        "Gross Profit": 4,
        "Operating Income": 1,
        "EBIT": NaN,
        "Net Income": 1
    },
    "2011-06-30": {
        "Diluted EPS": 0.12,
        "Total Revenue": 5,
        "Gross Profit": 4,
        "Operating Income": 1,
        "EBIT": NaN,
        "Net Income": 1
    },
    "2011-03-31": {
        "Diluted EPS": 0.07,
        "Total Revenue": 5,
        "Gross Profit": 4,
        "Operating Income": 1,
        "EBIT": NaN,
        "Net Income": 0
    },
    "2010-12-31": {
        "Diluted EPS": 0.14,
        "Total Revenue": 5,
        "Gross Profit": 4,
        "Operating Income": 1,
        "EBIT": NaN,
        "Net Income": 1
    },
    "2010-09-30": {
        "Diluted EPS": 0.13,
        "Total Revenue": 5,
        "Gross Profit": 4,
        "Operating Income": 1,
        "EBIT": NaN,
        "Net Income": 1
    },
    "2010-06-30": {
        "Diluted EPS": 0.1,
        "Total Revenue": 5,
        "Gross Profit": 4,
        "Operating Income": 1,
        "EBIT": NaN,
        "Net Income": 1
    },
    "2010-03-31": {
        "Diluted EPS": 0.12,
        "Total Revenue": 5,
        "Gross Profit": 4,
        "Operating Income": 1,
        "EBIT": NaN,
        "Net Income": 1
    },
    "2009-12-31": {
        "Diluted EPS": 0.09,
        "Total Revenue": 5,
        "Gross Profit": 4,
        "Operating Income": 1,
        "EBIT": NaN,
        "Net Income": 0
    },
    "2009-09-30": {
        "Diluted EPS": 0.13,
        "Total Revenue": 5,
        "Gross Profit": 4,
        "Operating Income": 1,
        "EBIT": NaN,
        "Net Income": 1
    },
    "2009-06-30": {
        "Diluted EPS": 0.01,
        "Total Revenue": 5,
        "Gross Profit": 4,
        "Operating Income": 0,
        "EBIT": NaN,
        "Net Income": 0
    },
    "2009-03-31": {
        "Diluted EPS": 0.14,
        "Total Revenue": 5,
        "Gross Profit": 3,
        "Operating Income": 1,
        "EBIT": NaN,
        "Net Income": 1
    },
    "2023-06-30": {
        "Tax Effect Of Unusual Items": 0.0,
        "Tax Rate For Calcs": 0.212,
        "Total Unusual Items": NaN,
        "Total Unusual Items Excluding Goodwill": NaN,
        "Net Income From Continuing Operation Net Minority Interest": 1982000.0,
        "Reconciled Depreciation": 321000.0,
        "Net Interest Income": 9609000.0,
        "Interest Expense": 6889000.0,
        "Interest Income": 16498000.0,
        "Normalized Income": 1982000.0,
        "Net Income From Continuing And Discontinued Operation": 1982000.0,
        "Diluted Average Shares": 4639000.0,
        "Basic Average Shares": 4639000.0,
        "Diluted EPS": 0.32,
        "Basic EPS": 0.32,
        "Diluted NI Availto Com Stockholders": 1497000.0,
        "Net Income Common Stockholders": 1497000.0,
        "Otherunder Preferred Stock Dividend": 485000.0,
        "Net Income": 1982000.0,
        "Minority Interests": 7000.0,
        "Net Income Including Noncontrolling Interests": 1975000.0,
        "Net Income Continuous Operations": 1975000.0,
        "Tax Provision": 530000.0,
        "Pretax Income": 2505000.0,
        "Special Income Charges": NaN,
        "Gain On Sale Of Security": -169000.0,
        "Selling General And Administration": 4294000.0,
        "Selling And Marketing Expense": 166000.0,
        "General And Administrative Expense": 4128000.0,
        "Insurance And Claims": 222000.0,
        "Salaries And Wages": 3906000.0,
        "Total Revenue": 10536000.0,
        "Operating Revenue": 10536000.0,
        "Occupancy And Equipment": 979000.0,
        "Professional Expense And Contract Services Expense": 661000.0,
        "Other Non Interest Expense": 957000.0
    },
    "2023-09-30": {
        "Tax Effect Of Unusual Items": 0.0,
        "Tax Rate For Calcs": 0.207,
        "Total Unusual Items": NaN,
        "Total Unusual Items Excluding Goodwill": NaN,
        "Net Income From Continuing Operation Net Minority Interest": 2176000.0,
        "Reconciled Depreciation": 268000.0,
        "Net Interest Income": 9920000.0,
        "Interest Expense": 7611000.0,
        "Interest Income": 17531000.0,
        "Normalized Income": 2176000.0,
        "Net Income From Continuing And Discontinued Operation": 2176000.0,
        "Diluted Average Shares": 4671000.0,
        "Basic Average Shares": 4671000.0,
        "Diluted EPS": 0.35,
        "Basic EPS": 0.35,
        "Diluted NI Availto Com Stockholders": 1645000.0,
        "Net Income Common Stockholders": 1645000.0,
        "Otherunder Preferred Stock Dividend": 531000.0,
        "Net Income": 2176000.0,
        "Minority Interests": -18000.0,
        "Net Income Including Noncontrolling Interests": 2194000.0,
        "Net Income Continuous Operations": 2194000.0,
        "Tax Provision": 573000.0,
        "Pretax Income": 2767000.0,
        "Special Income Charges": NaN,
        "Gain On Sale Of Security": -52000.0,
        "Selling General And Administration": 4520000.0,
        "Selling And Marketing Expense": 144000.0,
        "General And Administrative Expense": 4376000.0,
        "Insurance And Claims": 222000.0,
        "Salaries And Wages": 4154000.0,
        "Total Revenue": 10980000.0,
        "Operating Revenue": 10980000.0,
        "Occupancy And Equipment": 868000.0,
        "Professional Expense And Contract Services Expense": 651000.0,
        "Other Non Interest Expense": 1341000.0
    },
    "2023-12-31": {
        "Tax Effect Of Unusual Items": 0.0,
        "Tax Rate For Calcs": 0.186237,
        "Total Unusual Items": NaN,
        "Total Unusual Items Excluding Goodwill": NaN,
        "Net Income From Continuing Operation Net Minority Interest": 2536000.0,
        "Reconciled Depreciation": 376000.0,
        "Net Interest Income": 8927000.0,
        "Interest Expense": 9169000.0,
        "Interest Income": 18096000.0,
        "Normalized Income": 2536000.0,
        "Net Income From Continuing And Discontinued Operation": 2536000.0,
        "Diluted Average Shares": 4693000.0,
        "Basic Average Shares": 4693000.0,
        "Diluted EPS": 0.41,
        "Basic EPS": 0.41,
        "Diluted NI Availto Com Stockholders": 1920000.0,
        "Net Income Common Stockholders": 1920000.0,
        "Otherunder Preferred Stock Dividend": 616000.0,
        "Net Income": 2536000.0,
        "Minority Interests": -42000.0,
        "Net Income Including Noncontrolling Interests": 2578000.0,
        "Net Income Continuous Operations": 2578000.0,
        "Tax Provision": 590000.0,
        "Pretax Income": 3168000.0,
        "Special Income Charges": NaN,
        "Gain On Sale Of Security": -45000.0,
        "Selling General And Administration": 4054000.0,
        "Selling And Marketing Expense": 155000.0,
        "General And Administrative Expense": 3899000.0,
        "Insurance And Claims": 222000.0,
        "Salaries And Wages": 3677000.0,
        "Total Revenue": 10261000.0,
        "Operating Revenue": 10261000.0,
        "Occupancy And Equipment": 864000.0,
        "Professional Expense And Contract Services Expense": 747000.0,
        "Other Non Interest Expense": 1163000.0
    },
    "2024-03-31": {
        "Tax Effect Of Unusual Items": 0.0,
        "Tax Rate For Calcs": 0.197,
        "Total Unusual Items": NaN,
        "Total Unusual Items Excluding Goodwill": NaN,
        "Net Income From Continuing Operation Net Minority Interest": 2120000.0,
        "Reconciled Depreciation": 358000.0,
        "Net Interest Income": 9271000.0,
        "Interest Expense": 9210000.0,
        "Interest Income": 18481000.0,
        "Normalized Income": 2120000.0,
        "Net Income From Continuing And Discontinued Operation": 2120000.0,
        "Diluted Average Shares": 4701000.0,
        "Basic Average Shares": 4701000.0,
        "Diluted EPS": 0.34,
        "Basic EPS": 0.34,
        "Diluted NI Availto Com Stockholders": 1606000.0,
        "Net Income Common Stockholders": 1606000.0,
        "Otherunder Preferred Stock Dividend": 514000.0,
        "Net Income": 2120000.0,
        "Minority Interests": -53000.0,
        "Net Income Including Noncontrolling Interests": 2173000.0,
        "Net Income Continuous Operations": 2173000.0,
        "Tax Provision": 532000.0,
        "Pretax Income": 2705000.0,
        "Special Income Charges": NaN,
        "Gain On Sale Of Security": -40000.0,
        "Selling General And Administration": 4663000.0,
        "Selling And Marketing Expense": 105000.0,
        "General And Administrative Expense": 4558000.0,
        "Insurance And Claims": 229000.0,
        "Salaries And Wages": 4329000.0,
        "Total Revenue": 10852000.0,
        "Operating Revenue": 10852000.0,
        "Occupancy And Equipment": 816000.0,
        "Professional Expense And Contract Services Expense": 732000.0,
        "Other Non Interest Expense": 1210000.0
    },
    "2024-06-30": {
        "Tax Effect Of Unusual Items": 0.0,
        "Tax Rate For Calcs": 0.193,
        "Total Unusual Items": NaN,
        "Total Unusual Items Excluding Goodwill": NaN,
        "Net Income From Continuing Operation Net Minority Interest": 2000000.0,
        "Reconciled Depreciation": 301000.0,
        "Net Interest Income": 9302000.0,
        "Interest Expense": 9542000.0,
        "Interest Income": 18844000.0,
        "Normalized Income": 2000000.0,
        "Net Income From Continuing And Discontinued Operation": 2000000.0,
        "Diluted Average Shares": 4708000.0,
        "Basic Average Shares": 4708000.0,
        "Diluted EPS": 0.32,
        "Basic EPS": 0.32,
        "Diluted NI Availto Com Stockholders": 1515000.0,
        "Net Income Common Stockholders": 1515000.0,
        "Otherunder Preferred Stock Dividend": 485000.0,
        "Net Income": 2000000.0,
        "Minority Interests": -12000.0,
        "Net Income Including Noncontrolling Interests": 2012000.0,
        "Net Income Continuous Operations": 2012000.0,
        "Tax Provision": 481000.0,
        "Pretax Income": 2493000.0,
        "Special Income Charges": NaN,
        "Gain On Sale Of Security": -123000.0,
        "Selling General And Administration": 4743000.0,
        "Selling And Marketing Expense": 116000.0,
        "General And Administrative Expense": 4627000.0,
        "Insurance And Claims": 228000.0,
        "Salaries And Wages": 4399000.0,
        "Total Revenue": 10459000.0,
        "Operating Revenue": 10459000.0,
        "Occupancy And Equipment": 914000.0,
        "Professional Expense And Contract Services Expense": 819000.0,
        "Other Non Interest Expense": 1200000.0
    }
}