{
    "2023-03-31": {
        "Tax Effect Of Unusual Items": -225848.0,
        "Tax Rate For Calcs": 0.296,
        "Normalized EBITDA": 66551000.0,
        "Total Unusual Items": -763000.0,
        "Total Unusual Items Excluding Goodwill": -763000.0,
        "Net Income From Continuing Operation Net Minority Interest": -7737000.0,
        "Reconciled Depreciation": 39897000.0,
        "Reconciled Cost Of Revenue": 556981000.0,
        "EBITDA": 65788000.0,
        "EBIT": 25891000.0,
        "Net Interest Income": -36878000.0,
        "Interest Expense": 36878000.0,
        "Normalized Income": -7199848.0,
        "Net Income From Continuing And Discontinued Operation": -7737000.0,
        "Total Expenses": 809594000.0,
        "Rent Expense Supplemental": 5428000.0,
        "Diluted Average Shares": 174626000.0,
        "Basic Average Shares": 174626000.0,
        "Diluted EPS": -0.04,
        "Basic EPS": -0.04,
        "Diluted NI Availto Com Stockholders": -7737000.0,
        "Net Income Common Stockholders": -7737000.0,
        "Net Income": -7737000.0,
        "Net Income Including Noncontrolling Interests": -7737000.0,
        "Net Income Discontinuous Operations": NaN,
        "Net Income Continuous Operations": -7737000.0,
        "Tax Provision": -3250000.0,
        "Pretax Income": -10987000.0,
        "Other Income Expense": 947000.0,
        "Other Non Operating Income Expenses": 1710000.0,
        "Special Income Charges": -763000.0,
        "Gain On Sale Of Ppe": 0.0,
        "Gain On Sale Of Business": 0.0,
        "Other Special Charges": -2836000.0,
        "Impairment Of Capital Assets": NaN,
        "Restructuring And Mergern Acquisition": 3599000.0,
        "Net Non Operating Interest Income Expense": -36878000.0,
        "Interest Expense Non Operating": 36878000.0,
        "Operating Income": 24944000.0,
        "Operating Expense": 252613000.0,
        "Research And Development": 10493000.0,
        "Selling General And Administration": 242120000.0,
        "General And Administrative Expense": NaN,
        "Other Gand A": NaN,
        "Gross Profit": 277557000.0,
        "Cost Of Revenue": 556981000.0,
        "Total Revenue": 834538000.0,
        "Operating Revenue": 834538000.0
    },
    "2022-12-31": {
        "Tax Effect Of Unusual Items": -713981.933396,
        "Tax Rate For Calcs": 0.151139,
        "Normalized EBITDA": 88331000.0,
        "Total Unusual Items": -4724000.0,
        "Total Unusual Items Excluding Goodwill": -4724000.0,
        "Net Income From Continuing Operation Net Minority Interest": 6296000.0,
        "Reconciled Depreciation": 39064000.0,
        "Reconciled Cost Of Revenue": 620517000.0,
        "EBITDA": 83607000.0,
        "EBIT": 44543000.0,
        "Net Interest Income": -37126000.0,
        "Interest Expense": 37126000.0,
        "Normalized Income": 10306018.066604,
        "Net Income From Continuing And Discontinued Operation": 6296000.0,
        "Total Expenses": 858345000.0,
        "Rent Expense Supplemental": 6053000.0,
        "Diluted Average Shares": 177999000.0,
        "Basic Average Shares": 157400000.0,
        "Diluted EPS": 0.04,
        "Basic EPS": 0.04,
        "Diluted NI Availto Com Stockholders": 6296000.0,
        "Net Income Common Stockholders": 6296000.0,
        "Net Income": 6296000.0,
        "Net Income Including Noncontrolling Interests": 6296000.0,
        "Net Income Discontinuous Operations": 0.0,
        "Net Income Continuous Operations": 6296000.0,
        "Tax Provision": 1121000.0,
        "Pretax Income": 7417000.0,
        "Other Income Expense": -5803000.0,
        "Other Non Operating Income Expenses": -1079000.0,
        "Special Income Charges": -4724000.0,
        "Gain On Sale Of Ppe": 0.0,
        "Gain On Sale Of Business": 1319000.0,
        "Other Special Charges": 0.0,
        "Impairment Of Capital Assets": NaN,
        "Restructuring And Mergern Acquisition": 6043000.0,
        "Net Non Operating Interest Income Expense": -37126000.0,
        "Interest Expense Non Operating": 37126000.0,
        "Operating Income": 50346000.0,
        "Operating Expense": 237828000.0,
        "Research And Development": 11257000.0,
        "Selling General And Administration": 226571000.0,
        "General And Administrative Expense": NaN,
        "Other Gand A": NaN,
        "Gross Profit": 288174000.0,
        "Cost Of Revenue": 620517000.0,
        "Total Revenue": 908691000.0,
        "Operating Revenue": 908691000.0
    },
    "2022-09-30": {
        "Tax Effect Of Unusual Items": -895440.0,
        "Tax Rate For Calcs": 0.21,
        "Normalized EBITDA": 51770000.0,
        "Total Unusual Items": -4264000.0,
        "Total Unusual Items Excluding Goodwill": -4264000.0,
        "Net Income From Continuing Operation Net Minority Interest": 5487000.0,
        "Reconciled Depreciation": 39280000.0,
        "Reconciled Cost Of Revenue": 566727000.0,
        "EBITDA": 47506000.0,
        "EBIT": 47506000.0,
        "Net Interest Income": -37377000.0,
        "Interest Expense": 37377000.0,
        "Normalized Income": 8855560.0,
        "Net Income From Continuing And Discontinued Operation": 5487000.0,
        "Total Expenses": 786115000.0,
        "Rent Expense Supplemental": 6270000.0,
        "Diluted Average Shares": 176966000.0,
        "Basic Average Shares": 173847000.0,
        "Diluted EPS": 0.03,
        "Basic EPS": 0.03,
        "Diluted NI Availto Com Stockholders": 5487000.0,
        "Net Income Common Stockholders": 5487000.0,
        "Net Income": 5487000.0,
        "Net Income Including Noncontrolling Interests": 5487000.0,
        "Net Income Discontinuous Operations": 0.0,
        "Net Income Continuous Operations": 5487000.0,
        "Tax Provision": 4642000.0,
        "Pretax Income": 10129000.0,
        "Other Income Expense": 2707000.0,
        "Other Non Operating Income Expenses": 6971000.0,
        "Special Income Charges": -4264000.0,
        "Gain On Sale Of Ppe": 0.0,
        "Gain On Sale Of Business": 8398000.0,
        "Other Special Charges": NaN,
        "Impairment Of Capital Assets": NaN,
        "Restructuring And Mergern Acquisition": 4264000.0,
        "Net Non Operating Interest Income Expense": -37377000.0,
        "Interest Expense Non Operating": 37377000.0,
        "Operating Income": 44799000.0,
        "Operating Expense": 219388000.0,
        "Research And Development": 9812000.0,
        "Selling General And Administration": 209576000.0,
        "General And Administrative Expense": NaN,
        "Other Gand A": NaN,
        "Salaries And Wages": NaN,
        "Gross Profit": 264187000.0,
        "Cost Of Revenue": 566727000.0,
        "Total Revenue": 830914000.0,
        "Operating Revenue": 830914000.0
    },
    "2022-06-30": {
        "Tax Effect Of Unusual Items": -1689600.0,
        "Tax Rate For Calcs": 0.4,
        "Normalized EBITDA": 22541000.0,
        "Total Unusual Items": -4224000.0,
        "Total Unusual Items Excluding Goodwill": -4224000.0,
        "Net Income From Continuing Operation Net Minority Interest": 4336000.0,
        "Reconciled Depreciation": 43470000.0,
        "Reconciled Cost Of Revenue": 610104000.0,
        "EBITDA": 18317000.0,
        "EBIT": 18317000.0,
        "Net Interest Income": -21007000.0,
        "Interest Expense": 21007000.0,
        "Normalized Income": 6870400.0,
        "Net Income From Continuing And Discontinued Operation": 4336000.0,
        "Total Expenses": 847996000.0,
        "Rent Expense Supplemental": 7473000.0,
        "Diluted Average Shares": 176969000.0,
        "Basic Average Shares": 173490000.0,
        "Diluted EPS": 0.02,
        "Basic EPS": 0.02,
        "Diluted NI Availto Com Stockholders": 4336000.0,
        "Net Income Common Stockholders": 4336000.0,
        "Net Income": 4336000.0,
        "Net Income Including Noncontrolling Interests": 4336000.0,
        "Net Income Discontinuous Operations": 0.0,
        "Net Income Continuous Operations": 4336000.0,
        "Tax Provision": -7026000.0,
        "Pretax Income": -2690000.0,
        "Other Income Expense": -5182000.0,
        "Other Non Operating Income Expenses": -958000.0,
        "Special Income Charges": -4224000.0,
        "Gain On Sale Of Ppe": NaN,
        "Gain On Sale Of Business": NaN,
        "Other Special Charges": NaN,
        "Impairment Of Capital Assets": NaN,
        "Restructuring And Mergern Acquisition": 4224000.0,
        "Net Non Operating Interest Income Expense": -21007000.0,
        "Interest Expense Non Operating": 21007000.0,
        "Operating Income": 23499000.0,
        "Operating Expense": 237892000.0,
        "Research And Development": 11254000.0,
        "Selling General And Administration": 226638000.0,
        "Gross Profit": 261391000.0,
        "Cost Of Revenue": 610104000.0,
        "Total Revenue": 871495000.0,
        "Operating Revenue": 871495000.0
    },
    "2023-06-30": {
        "Tax Effect Of Unusual Items": -8744604.0,
        "Tax Rate For Calcs": 0.062,
        "Normalized EBITDA": 67648000.0,
        "Total Unusual Items": -141042000.0,
        "Total Unusual Items Excluding Goodwill": -141042000.0,
        "Net Income From Continuing Operation Net Minority Interest": -141535000.0,
        "Reconciled Depreciation": 39873000.0,
        "Reconciled Cost Of Revenue": 517862000.0,
        "EBITDA": -73394000.0,
        "EBIT": -113267000.0,
        "Net Interest Income": -37683000.0,
        "Interest Expense": 37683000.0,
        "Normalized Income": -9237604.0,
        "Net Income From Continuing And Discontinued Operation": -141535000.0,
        "Total Expenses": 750685000.0,
        "Rent Expense Supplemental": 5142000.0,
        "Diluted Average Shares": 175695000.0,
        "Basic Average Shares": 175695000.0,
        "Diluted EPS": -0.81,
        "Basic EPS": -0.81,
        "Diluted NI Availto Com Stockholders": -141535000.0,
        "Net Income Common Stockholders": -141535000.0,
        "Net Income": -141535000.0,
        "Net Income Including Noncontrolling Interests": -141535000.0,
        "Net Income Discontinuous Operations": NaN,
        "Net Income Continuous Operations": -141535000.0,
        "Tax Provision": -9415000.0,
        "Pretax Income": -150950000.0,
        "Other Income Expense": -139063000.0,
        "Other Non Operating Income Expenses": 1979000.0,
        "Special Income Charges": -141042000.0,
        "Gain On Sale Of Ppe": NaN,
        "Gain On Sale Of Business": NaN,
        "Other Special Charges": NaN,
        "Impairment Of Capital Assets": 118599000.0,
        "Restructuring And Mergern Acquisition": 22443000.0,
        "Net Non Operating Interest Income Expense": -37683000.0,
        "Interest Expense Non Operating": 37683000.0,
        "Operating Income": 25796000.0,
        "Operating Expense": 232823000.0,
        "Research And Development": 10274000.0,
        "Selling General And Administration": 222549000.0,
        "General And Administrative Expense": NaN,
        "Other Gand A": NaN,
        "Gross Profit": 258619000.0,
        "Cost Of Revenue": 517862000.0,
        "Total Revenue": 776481000.0,
        "Operating Revenue": 776481000.0
    },
    "2022-03-31": {
        "Diluted EPS": 0.12,
        "Total Revenue": 927,
        "Gross Profit": 294,
        "Operating Income": 36,
        "EBIT": 80,
        "Net Income": 21
    },
    "2021-12-31": {
        "Diluted EPS": 0.01,
        "Total Revenue": 984,
        "Gross Profit": 272,
        "Operating Income": 21,
        "EBIT": 64,
        "Net Income": 1
    },
    "2021-09-30": {
        "Diluted EPS": 0.05,
        "Total Revenue": 875,
        "Gross Profit": 274,
        "Operating Income": 35,
        "EBIT": 78,
        "Net Income": 9
    },
    "2021-06-30": {
        "Diluted EPS": 0.11,
        "Total Revenue": 899,
        "Gross Profit": 289,
        "Operating Income": 42,
        "EBIT": 83,
        "Net Income": 20
    },
    "2021-03-31": {
        "Diluted EPS": -0.18,
        "Total Revenue": 915,
        "Gross Profit": 288,
        "Operating Income": 35,
        "EBIT": 77,
        "Net Income": -32
    },
    "2020-12-31": {
        "Diluted EPS": 0.12,
        "Total Revenue": NaN,
        "Gross Profit": 300,
        "Operating Income": 40,
        "EBIT": 83,
        "Net Income": 20
    },
    "2020-09-30": {
        "Diluted EPS": 0.07,
        "Total Revenue": 892,
        "Gross Profit": 284,
        "Operating Income": 32,
        "EBIT": 74,
        "Net Income": 11
    },
    "2020-06-30": {
        "Diluted EPS": -0.02,
        "Total Revenue": 837,
        "Gross Profit": 272,
        "Operating Income": 26,
        "EBIT": 70,
        "Net Income": -3
    },
    "2020-03-31": {
        "Diluted EPS": -1.22,
        "Total Revenue": 796,
        "Gross Profit": 293,
        "Operating Income": -169,
        "EBIT": 72,
        "Net Income": -208
    },
    "2019-12-31": {
        "Diluted EPS": 1.0,
        "Total Revenue": 831,
        "Gross Profit": 312,
        "Operating Income": 39,
        "EBIT": 83,
        "Net Income": 176
    },
    "2019-09-30": {
        "Diluted EPS": -0.02,
        "Total Revenue": 790,
        "Gross Profit": 322,
        "Operating Income": 9,
        "EBIT": 53,
        "Net Income": -3
    },
    "2019-06-30": {
        "Diluted EPS": 0.13,
        "Total Revenue": 789,
        "Gross Profit": 320,
        "Operating Income": 59,
        "EBIT": 103,
        "Net Income": 24
    },
    "2019-03-31": {
        "Diluted EPS": -0.01,
        "Total Revenue": 795,
        "Gross Profit": 328,
        "Operating Income": 50,
        "EBIT": 89,
        "Net Income": -3
    },
    "2018-12-31": {
        "Diluted EPS": 0.26,
        "Total Revenue": 689,
        "Gross Profit": 240,
        "Operating Income": 57,
        "EBIT": 100,
        "Net Income": 50
    },
    "2018-09-30": {
        "Diluted EPS": 0.43,
        "Total Revenue": 760,
        "Gross Profit": 341,
        "Operating Income": 78,
        "EBIT": 110,
        "Net Income": 80
    },
    "2018-06-30": {
        "Diluted EPS": 0.27,
        "Total Revenue": 865,
        "Gross Profit": 411,
        "Operating Income": 98,
        "EBIT": 139,
        "Net Income": 52
    },
    "2018-03-31": {
        "Diluted EPS": 0.32,
        "Total Revenue": 897,
        "Gross Profit": 429,
        "Operating Income": 101,
        "EBIT": 140,
        "Net Income": 60
    },
    "2017-12-31": {
        "Diluted EPS": 0.38,
        "Total Revenue": 484,
        "Gross Profit": 178,
        "Operating Income": 59,
        "EBIT": 56,
        "Net Income": 72
    },
    "2017-09-30": {
        "Diluted EPS": 0.31,
        "Total Revenue": 733,
        "Gross Profit": 405,
        "Operating Income": 86,
        "EBIT": 129,
        "Net Income": 57
    },
    "2017-06-30": {
        "Diluted EPS": 0.26,
        "Total Revenue": 730,
        "Gross Profit": 411,
        "Operating Income": 97,
        "EBIT": 140,
        "Net Income": 49
    },
    "2017-03-31": {
        "Diluted EPS": 0.35,
        "Total Revenue": 837,
        "Gross Profit": 462,
        "Operating Income": 124,
        "EBIT": 168,
        "Net Income": 65
    },
    "2016-12-31": {
        "Diluted EPS": -0.44,
        "Total Revenue": 462,
        "Gross Profit": 347,
        "Operating Income": -26,
        "EBIT": 156,
        "Net Income": -84
    },
    "2016-09-30": {
        "Diluted EPS": 0.35,
        "Total Revenue": 839,
        "Gross Profit": 462,
        "Operating Income": 116,
        "EBIT": 167,
        "Net Income": 66
    },
    "2016-06-30": {
        "Diluted EPS": 0.28,
        "Total Revenue": 836,
        "Gross Profit": 464,
        "Operating Income": 140,
        "EBIT": 185,
        "Net Income": 54
    },
    "2016-03-31": {
        "Diluted EPS": 0.3,
        "Total Revenue": 845,
        "Gross Profit": 479,
        "Operating Income": 126,
        "EBIT": 170,
        "Net Income": 58
    },
    "2015-12-31": {
        "Diluted EPS": 0.44,
        "Total Revenue": 937,
        "Gross Profit": 530,
        "Operating Income": 177,
        "EBIT": 223,
        "Net Income": 86
    },
    "2015-09-30": {
        "Diluted EPS": 0.44,
        "Total Revenue": 870,
        "Gross Profit": 493,
        "Operating Income": 155,
        "EBIT": 197,
        "Net Income": 89
    },
    "2015-06-30": {
        "Diluted EPS": 0.75,
        "Total Revenue": 881,
        "Gross Profit": 496,
        "Operating Income": 137,
        "EBIT": 180,
        "Net Income": 152
    },
    "2015-03-31": {
        "Diluted EPS": 0.4,
        "Total Revenue": 891,
        "Gross Profit": 500,
        "Operating Income": 160,
        "EBIT": 202,
        "Net Income": 81
    },
    "2014-12-31": {
        "Diluted EPS": 0.31,
        "Total Revenue": 984,
        "Gross Profit": 558,
        "Operating Income": 204,
        "EBIT": 259,
        "Net Income": 63
    },
    "2014-09-30": {
        "Diluted EPS": 0.65,
        "Total Revenue": 942,
        "Gross Profit": 520,
        "Operating Income": 148,
        "EBIT": 197,
        "Net Income": 132
    },
    "2014-06-30": {
        "Diluted EPS": 0.46,
        "Total Revenue": 958,
        "Gross Profit": 535,
        "Operating Income": 160,
        "EBIT": 209,
        "Net Income": 94
    },
    "2014-03-31": {
        "Diluted EPS": 0.22,
        "Total Revenue": 937,
        "Gross Profit": 528,
        "Operating Income": 140,
        "EBIT": 185,
        "Net Income": 45
    },
    "2013-12-31": {
        "Diluted EPS": 0.45,
        "Total Revenue": NaN,
        "Gross Profit": 559,
        "Operating Income": 137,
        "EBIT": 181,
        "Net Income": 90
    },
    "2013-09-30": {
        "Diluted EPS": -0.03,
        "Total Revenue": 920,
        "Gross Profit": 526,
        "Operating Income": 114,
        "EBIT": 171,
        "Net Income": -6
    },
    "2013-06-30": {
        "Diluted EPS": -0.05,
        "Total Revenue": 951,
        "Gross Profit": 539,
        "Operating Income": 139,
        "EBIT": 293,
        "Net Income": -9
    },
    "2013-03-31": {
        "Diluted EPS": 0.33,
        "Total Revenue": 909,
        "Gross Profit": 517,
        "Operating Income": 136,
        "EBIT": 193,
        "Net Income": 68
    },
    "2012-12-31": {
        "Diluted EPS": 0.54,
        "Total Revenue": 487,
        "Gross Profit": 459,
        "Operating Income": 92,
        "EBIT": 156,
        "Net Income": 110
    },
    "2012-09-30": {
        "Diluted EPS": 0.38,
        "Total Revenue": 950,
        "Gross Profit": 550,
        "Operating Income": 149,
        "EBIT": 227,
        "Net Income": 77
    },
    "2012-06-30": {
        "Diluted EPS": 0.5,
        "Total Revenue": NaN,
        "Gross Profit": 608,
        "Operating Income": 194,
        "EBIT": 261,
        "Net Income": 100
    },
    "2012-03-31": {
        "Diluted EPS": 0.79,
        "Total Revenue": NaN,
        "Gross Profit": 625,
        "Operating Income": 185,
        "EBIT": 250,
        "Net Income": 159
    },
    "2011-12-31": {
        "Diluted EPS": 1.28,
        "Total Revenue": NaN,
        "Gross Profit": 677,
        "Operating Income": 42,
        "EBIT": 194,
        "Net Income": 257
    },
    "2011-09-30": {
        "Diluted EPS": 0.85,
        "Total Revenue": NaN,
        "Gross Profit": 658,
        "Operating Income": 117,
        "EBIT": 230,
        "Net Income": 173
    },
    "2011-06-30": {
        "Diluted EPS": 0.49,
        "Total Revenue": NaN,
        "Gross Profit": 661,
        "Operating Income": 186,
        "EBIT": 254,
        "Net Income": 101
    },
    "2011-03-31": {
        "Diluted EPS": 0.42,
        "Total Revenue": NaN,
        "Gross Profit": 649,
        "Operating Income": 161,
        "EBIT": 231,
        "Net Income": 86
    },
    "2010-12-31": {
        "Diluted EPS": 0.3,
        "Total Revenue": NaN,
        "Gross Profit": 715,
        "Operating Income": 178,
        "EBIT": 250,
        "Net Income": 63
    },
    "2010-09-30": {
        "Diluted EPS": 0.43,
        "Total Revenue": NaN,
        "Gross Profit": 679,
        "Operating Income": 172,
        "EBIT": 247,
        "Net Income": 89
    },
    "2010-06-30": {
        "Diluted EPS": 0.3,
        "Total Revenue": NaN,
        "Gross Profit": 645,
        "Operating Income": 132,
        "EBIT": 209,
        "Net Income": 61
    },
    "2010-03-31": {
        "Diluted EPS": 0.38,
        "Total Revenue": NaN,
        "Gross Profit": 692,
        "Operating Income": 187,
        "EBIT": 267,
        "Net Income": 79
    },
    "2009-12-31": {
        "Diluted EPS": 0.47,
        "Total Revenue": NaN,
        "Gross Profit": 755,
        "Operating Income": 192,
        "EBIT": 269,
        "Net Income": 99
    },
    "2009-09-30": {
        "Diluted EPS": 0.5,
        "Total Revenue": NaN,
        "Gross Profit": 688,
        "Operating Income": 195,
        "EBIT": 282,
        "Net Income": 103
    },
    "2009-06-30": {
        "Diluted EPS": 0.57,
        "Total Revenue": NaN,
        "Gross Profit": 686,
        "Operating Income": 208,
        "EBIT": 296,
        "Net Income": 117
    },
    "2009-03-31": {
        "Diluted EPS": 0.5,
        "Total Revenue": NaN,
        "Gross Profit": 702,
        "Operating Income": 205,
        "EBIT": 292,
        "Net Income": 104
    },
    "2023-09-30": {
        "Tax Effect Of Unusual Items": -4161078.0,
        "Tax Rate For Calcs": 0.251,
        "Normalized EBITDA": 83731000.0,
        "Total Unusual Items": -16578000.0,
        "Total Unusual Items Excluding Goodwill": -16578000.0,
        "Net Income From Continuing Operation Net Minority Interest": -12519000.0,
        "Reconciled Depreciation": 40262000.0,
        "Reconciled Cost Of Revenue": 523187000.0,
        "EBITDA": 67153000.0,
        "EBIT": 26891000.0,
        "Net Interest Income": -43595000.0,
        "Interest Expense": 43595000.0,
        "Normalized Income": -102078.0,
        "Net Income From Continuing And Discontinued Operation": -12519000.0,
        "Total Expenses": 742965000.0,
        "Rent Expense Supplemental": 4289000.0,
        "Diluted Average Shares": 176099000.0,
        "Basic Average Shares": 176099000.0,
        "Diluted EPS": -0.07,
        "Basic EPS": -0.07,
        "Diluted NI Availto Com Stockholders": -12519000.0,
        "Net Income Common Stockholders": -12519000.0,
        "Net Income": -12519000.0,
        "Net Income Including Noncontrolling Interests": -12519000.0,
        "Net Income Discontinuous Operations": NaN,
        "Net Income Continuous Operations": -12519000.0,
        "Tax Provision": -4185000.0,
        "Pretax Income": -16704000.0,
        "Other Income Expense": -13895000.0,
        "Other Non Operating Income Expenses": 2683000.0,
        "Special Income Charges": -16578000.0,
        "Gain On Sale Of Ppe": NaN,
        "Gain On Sale Of Business": NaN,
        "Other Special Charges": NaN,
        "Impairment Of Capital Assets": 0.0,
        "Restructuring And Mergern Acquisition": 16578000.0,
        "Net Non Operating Interest Income Expense": -43595000.0,
        "Interest Expense Non Operating": 43595000.0,
        "Operating Income": 40786000.0,
        "Operating Expense": 219778000.0,
        "Research And Development": 10362000.0,
        "Selling General And Administration": 209416000.0,
        "General And Administrative Expense": 209416000.0,
        "Other Gand A": 209416000.0,
        "Gross Profit": 260564000.0,
        "Cost Of Revenue": 523187000.0,
        "Total Revenue": 783751000.0,
        "Operating Revenue": 783751000.0
    },
    "2023-12-31": {
        "Tax Effect Of Unusual Items": -4231477.74301,
        "Tax Rate For Calcs": 0.017664,
        "Normalized EBITDA": 97657000.0,
        "Total Unusual Items": -239550000.0,
        "Total Unusual Items Excluding Goodwill": -239550000.0,
        "Net Income From Continuing Operation Net Minority Interest": -223836000.0,
        "Reconciled Depreciation": 40398000.0,
        "Reconciled Cost Of Revenue": 582980000.0,
        "EBITDA": -141893000.0,
        "EBIT": -182291000.0,
        "Net Interest Income": -45570000.0,
        "Interest Expense": 45570000.0,
        "Normalized Income": 11482522.25699,
        "Net Income From Continuing And Discontinued Operation": -223836000.0,
        "Total Expenses": 816431000.0,
        "Rent Expense Supplemental": 4755000.0,
        "Diluted Average Shares": NaN,
        "Basic Average Shares": NaN,
        "Diluted EPS": NaN,
        "Basic EPS": NaN,
        "Diluted NI Availto Com Stockholders": -223836000.0,
        "Net Income Common Stockholders": -223836000.0,
        "Net Income": -223836000.0,
        "Net Income Including Noncontrolling Interests": -223836000.0,
        "Net Income Discontinuous Operations": NaN,
        "Net Income Continuous Operations": -223836000.0,
        "Tax Provision": -4025000.0,
        "Pretax Income": -227861000.0,
        "Other Income Expense": -237438000.0,
        "Other Non Operating Income Expenses": 2112000.0,
        "Special Income Charges": -239550000.0,
        "Gain On Sale Of Ppe": 0.0,
        "Gain On Sale Of Business": 0.0,
        "Other Special Charges": 0.0,
        "Impairment Of Capital Assets": 220585000.0,
        "Restructuring And Mergern Acquisition": 18965000.0,
        "Net Non Operating Interest Income Expense": -45570000.0,
        "Interest Expense Non Operating": 45570000.0,
        "Operating Income": 55147000.0,
        "Operating Expense": 233451000.0,
        "Research And Development": 10276000.0,
        "Selling General And Administration": 223175000.0,
        "General And Administrative Expense": NaN,
        "Other Gand A": NaN,
        "Gross Profit": 288598000.0,
        "Cost Of Revenue": 582980000.0,
        "Total Revenue": 871578000.0,
        "Operating Revenue": 871578000.0
    }
}