{
    "2023-03-31": {
        "Tax Effect Of Unusual Items": NaN,
        "Tax Rate For Calcs": NaN,
        "Normalized EBITDA": NaN,
        "Total Unusual Items": NaN,
        "Total Unusual Items Excluding Goodwill": NaN,
        "Net Income From Continuing Operation Net Minority Interest": NaN,
        "Reconciled Depreciation": NaN,
        "Reconciled Cost Of Revenue": NaN,
        "EBITDA": NaN,
        "EBIT": NaN,
        "Net Interest Income": NaN,
        "Interest Expense": NaN,
        "Normalized Income": NaN,
        "Net Income From Continuing And Discontinued Operation": NaN,
        "Total Expenses": NaN,
        "Rent Expense Supplemental": NaN,
        "Total Operating Income As Reported": NaN,
        "Diluted Average Shares": NaN,
        "Basic Average Shares": NaN,
        "Diluted EPS": NaN,
        "Basic EPS": NaN,
        "Diluted NI Availto Com Stockholders": NaN,
        "Net Income Common Stockholders": NaN,
        "Net Income": NaN,
        "Minority Interests": NaN,
        "Net Income Including Noncontrolling Interests": NaN,
        "Net Income Continuous Operations": NaN,
        "Tax Provision": NaN,
        "Pretax Income": NaN,
        "Other Income Expense": NaN,
        "Special Income Charges": NaN,
        "Other Special Charges": NaN,
        "Impairment Of Capital Assets": NaN,
        "Restructuring And Mergern Acquisition": NaN,
        "Net Non Operating Interest Income Expense": NaN,
        "Interest Expense Non Operating": NaN,
        "Operating Income": NaN,
        "Operating Expense": NaN,
        "Other Operating Expenses": NaN,
        "Depreciation Amortization Depletion Income Statement": NaN,
        "Depreciation And Amortization In Income Statement": NaN,
        "Depreciation Income Statement": NaN,
        "Selling General And Administration": NaN,
        "General And Administrative Expense": NaN,
        "Other Gand A": NaN,
        "Rent And Landing Fees": 591000.0,
        "Gross Profit": NaN,
        "Cost Of Revenue": NaN,
        "Total Revenue": NaN,
        "Operating Revenue": NaN
    },
    "2022-12-31": {
        "Tax Effect Of Unusual Items": -47236.958745,
        "Tax Rate For Calcs": 0.06103,
        "Normalized EBITDA": 6820000.0,
        "Total Unusual Items": -774000.0,
        "Total Unusual Items Excluding Goodwill": -774000.0,
        "Net Income From Continuing Operation Net Minority Interest": 2655000.0,
        "Reconciled Depreciation": 2801000.0,
        "Reconciled Cost Of Revenue": 83855000.0,
        "EBITDA": 6046000.0,
        "EBIT": 3245000.0,
        "Net Interest Income": -312000.0,
        "Interest Expense": 312000.0,
        "Normalized Income": 3381763.041255,
        "Net Income From Continuing And Discontinued Operation": 2655000.0,
        "Total Expenses": 116131000.0,
        "Rent Expense Supplemental": 13327000.0,
        "Total Operating Income As Reported": 3245000.0,
        "Diluted Average Shares": 28939000.0,
        "Basic Average Shares": 28812000.0,
        "Diluted EPS": 0.09,
        "Basic EPS": 0.09,
        "Diluted NI Availto Com Stockholders": 2655000.0,
        "Net Income Common Stockholders": 2655000.0,
        "Net Income": 2655000.0,
        "Minority Interests": -99000.0,
        "Net Income Including Noncontrolling Interests": 2754000.0,
        "Net Income Continuous Operations": 2754000.0,
        "Tax Provision": 179000.0,
        "Pretax Income": 2933000.0,
        "Other Income Expense": -774000.0,
        "Special Income Charges": -774000.0,
        "Other Special Charges": 0.0,
        "Impairment Of Capital Assets": 774000.0,
        "Restructuring And Mergern Acquisition": NaN,
        "Net Non Operating Interest Income Expense": -312000.0,
        "Interest Expense Non Operating": 312000.0,
        "Operating Income": 4019000.0,
        "Operating Expense": 32276000.0,
        "Other Operating Expenses": 17939000.0,
        "Depreciation Amortization Depletion Income Statement": 2801000.0,
        "Depreciation And Amortization In Income Statement": 2801000.0,
        "Depreciation Income Statement": 2801000.0,
        "Selling General And Administration": 11536000.0,
        "General And Administrative Expense": 10842000.0,
        "Other Gand A": 10842000.0,
        "Rent And Landing Fees": NaN,
        "Gross Profit": 36295000.0,
        "Cost Of Revenue": 83855000.0,
        "Total Revenue": 120150000.0,
        "Operating Revenue": 120150000.0
    },
    "2022-09-30": {
        "Tax Effect Of Unusual Items": 3430000.0,
        "Tax Rate For Calcs": 0.4,
        "Normalized EBITDA": 3833000.0,
        "Total Unusual Items": 8575000.0,
        "Total Unusual Items Excluding Goodwill": 8575000.0,
        "Net Income From Continuing Operation Net Minority Interest": 9029000.0,
        "Reconciled Depreciation": 2922000.0,
        "Reconciled Cost Of Revenue": 84519000.0,
        "EBITDA": 12408000.0,
        "EBIT": 9486000.0,
        "Net Interest Income": -354000.0,
        "Interest Expense": 354000.0,
        "Normalized Income": 3884000.0,
        "Net Income From Continuing And Discontinued Operation": 9029000.0,
        "Total Expenses": 116738000.0,
        "Rent Expense Supplemental": 13559000.0,
        "Total Operating Income As Reported": -705000.0,
        "Diluted Average Shares": 28867000.0,
        "Basic Average Shares": 28726000.0,
        "Diluted EPS": 0.31,
        "Basic EPS": 0.31,
        "Diluted NI Availto Com Stockholders": 9029000.0,
        "Net Income Common Stockholders": 9029000.0,
        "Net Income": 9029000.0,
        "Minority Interests": -107000.0,
        "Net Income Including Noncontrolling Interests": 9136000.0,
        "Net Income Continuous Operations": 9136000.0,
        "Tax Provision": -4000.0,
        "Pretax Income": 9132000.0,
        "Other Income Expense": 8575000.0,
        "Special Income Charges": 8575000.0,
        "Other Special Charges": -10191000.0,
        "Impairment Of Capital Assets": 1616000.0,
        "Net Non Operating Interest Income Expense": -354000.0,
        "Interest Expense Non Operating": 354000.0,
        "Operating Income": 911000.0,
        "Operating Expense": 32219000.0,
        "Other Operating Expenses": 19743000.0,
        "Depreciation Amortization Depletion Income Statement": 2922000.0,
        "Depreciation And Amortization In Income Statement": 2922000.0,
        "Depreciation Income Statement": 2922000.0,
        "Selling General And Administration": 9554000.0,
        "Selling And Marketing Expense": NaN,
        "General And Administrative Expense": 9554000.0,
        "Other Gand A": 9554000.0,
        "Rent And Landing Fees": NaN,
        "Gross Profit": 33130000.0,
        "Cost Of Revenue": 84519000.0,
        "Total Revenue": 117649000.0,
        "Operating Revenue": 117649000.0
    },
    "2022-06-30": {
        "Tax Effect Of Unusual Items": -417600.0,
        "Tax Rate For Calcs": 0.4,
        "Normalized EBITDA": 5116000.0,
        "Total Unusual Items": -1044000.0,
        "Total Unusual Items Excluding Goodwill": -1044000.0,
        "Net Income From Continuing Operation Net Minority Interest": 574000.0,
        "Reconciled Depreciation": 3031000.0,
        "Reconciled Cost Of Revenue": 82881000.0,
        "EBITDA": 4072000.0,
        "EBIT": 1041000.0,
        "Net Interest Income": -357000.0,
        "Interest Expense": 357000.0,
        "Normalized Income": 1200400.0,
        "Net Income From Continuing And Discontinued Operation": 574000.0,
        "Total Expenses": 113867000.0,
        "Rent Expense Supplemental": 13805000.0,
        "Total Operating Income As Reported": 1041000.0,
        "Diluted Average Shares": 29117000.0,
        "Basic Average Shares": 28565000.0,
        "Diluted EPS": 0.02,
        "Basic EPS": 0.02,
        "Diluted NI Availto Com Stockholders": 574000.0,
        "Net Income Common Stockholders": 574000.0,
        "Net Income": 574000.0,
        "Minority Interests": -134000.0,
        "Net Income Including Noncontrolling Interests": 708000.0,
        "Net Income Continuous Operations": 708000.0,
        "Tax Provision": -24000.0,
        "Pretax Income": 684000.0,
        "Other Income Expense": -1044000.0,
        "Special Income Charges": -1044000.0,
        "Other Special Charges": NaN,
        "Impairment Of Capital Assets": 1044000.0,
        "Net Non Operating Interest Income Expense": -357000.0,
        "Interest Expense Non Operating": 357000.0,
        "Operating Income": 2085000.0,
        "Operating Expense": 30985000.0,
        "Other Operating Expenses": 19128000.0,
        "Depreciation Amortization Depletion Income Statement": 3030000.0,
        "Depreciation And Amortization In Income Statement": 3030000.0,
        "Depreciation Income Statement": 3030000.0,
        "Selling General And Administration": 8827000.0,
        "Selling And Marketing Expense": NaN,
        "General And Administrative Expense": 8827000.0,
        "Other Gand A": 8827000.0,
        "Rent And Landing Fees": NaN,
        "Gross Profit": 33070000.0,
        "Cost Of Revenue": 82882000.0,
        "Total Revenue": 115952000.0,
        "Operating Revenue": 115952000.0
    },
    "2022-03-31": {
        "Diluted EPS": -0.28,
        "Total Revenue": 98,
        "Gross Profit": 71,
        "Operating Income": -7,
        "EBIT": -4,
        "Net Income": -8
    },
    "2021-12-31": {
        "Diluted EPS": -0.06,
        "Total Revenue": 103,
        "Gross Profit": 74,
        "Operating Income": -2,
        "EBIT": 1,
        "Net Income": -2
    },
    "2021-09-30": {
        "Diluted EPS": -0.1,
        "Total Revenue": 102,
        "Gross Profit": 73,
        "Operating Income": -3,
        "EBIT": 1,
        "Net Income": -3
    },
    "2021-06-30": {
        "Diluted EPS": -0.14,
        "Total Revenue": 97,
        "Gross Profit": 71,
        "Operating Income": -4,
        "EBIT": 1,
        "Net Income": -4
    },
    "2021-03-31": {
        "Diluted EPS": -0.56,
        "Total Revenue": 78,
        "Gross Profit": 57,
        "Operating Income": -14,
        "EBIT": -10,
        "Net Income": -14
    },
    "2020-12-31": {
        "Diluted EPS": -0.69,
        "Total Revenue": 75,
        "Gross Profit": 54,
        "Operating Income": -16,
        "EBIT": -11,
        "Net Income": -16
    },
    "2020-09-30": {
        "Diluted EPS": -0.56,
        "Total Revenue": 73,
        "Gross Profit": 52,
        "Operating Income": -16,
        "EBIT": -11,
        "Net Income": -13
    },
    "2020-06-30": {
        "Diluted EPS": -0.93,
        "Total Revenue": 56,
        "Gross Profit": 40,
        "Operating Income": -22,
        "EBIT": -17,
        "Net Income": -22
    },
    "2020-03-31": {
        "Diluted EPS": -0.56,
        "Total Revenue": 88,
        "Gross Profit": 63,
        "Operating Income": -17,
        "EBIT": -12,
        "Net Income": -13
    },
    "2019-12-31": {
        "Diluted EPS": -0.07,
        "Total Revenue": 102,
        "Gross Profit": 75,
        "Operating Income": -1,
        "EBIT": 5,
        "Net Income": -1
    },
    "2019-09-30": {
        "Diluted EPS": -0.1,
        "Total Revenue": 104,
        "Gross Profit": 77,
        "Operating Income": -2,
        "EBIT": 3,
        "Net Income": -2
    },
    "2019-06-30": {
        "Diluted EPS": -0.08,
        "Total Revenue": 106,
        "Gross Profit": 77,
        "Operating Income": -1,
        "EBIT": 4,
        "Net Income": -2
    },
    "2019-03-31": {
        "Diluted EPS": -0.76,
        "Total Revenue": 98,
        "Gross Profit": 72,
        "Operating Income": -5,
        "EBIT": 1,
        "Net Income": -18
    },
    "2018-12-31": {
        "Diluted EPS": -0.17,
        "Total Revenue": 102,
        "Gross Profit": 75,
        "Operating Income": -5,
        "EBIT": 0,
        "Net Income": -4
    },
    "2018-09-30": {
        "Diluted EPS": -0.08,
        "Total Revenue": 107,
        "Gross Profit": 79,
        "Operating Income": -3,
        "EBIT": 3,
        "Net Income": -2
    },
    "2018-06-30": {
        "Diluted EPS": -0.01,
        "Total Revenue": 110,
        "Gross Profit": 82,
        "Operating Income": 0,
        "EBIT": 5,
        "Net Income": 0
    },
    "2018-03-31": {
        "Diluted EPS": -0.09,
        "Total Revenue": 103,
        "Gross Profit": 76,
        "Operating Income": -3,
        "EBIT": 4,
        "Net Income": -2
    },
    "2017-12-31": {
        "Diluted EPS": -0.29,
        "Total Revenue": 112,
        "Gross Profit": 82,
        "Operating Income": -3,
        "EBIT": 1,
        "Net Income": -7
    },
    "2017-09-30": {
        "Diluted EPS": -0.01,
        "Total Revenue": 106,
        "Gross Profit": 78,
        "Operating Income": -1,
        "EBIT": 7,
        "Net Income": 0
    },
    "2017-06-30": {
        "Diluted EPS": -0.01,
        "Total Revenue": 108,
        "Gross Profit": 80,
        "Operating Income": 0,
        "EBIT": 8,
        "Net Income": 0
    },
    "2017-03-31": {
        "Diluted EPS": 0.03,
        "Total Revenue": 102,
        "Gross Profit": 75,
        "Operating Income": 1,
        "EBIT": 8,
        "Net Income": 1
    },
    "2016-12-31": {
        "Diluted EPS": 0.07,
        "Total Revenue": 102,
        "Gross Profit": 75,
        "Operating Income": 3,
        "EBIT": 9,
        "Net Income": 2
    },
    "2016-09-30": {
        "Diluted EPS": 0.07,
        "Total Revenue": 104,
        "Gross Profit": 75,
        "Operating Income": 3,
        "EBIT": 9,
        "Net Income": 2
    },
    "2016-06-30": {
        "Diluted EPS": 0.13,
        "Total Revenue": 105,
        "Gross Profit": 77,
        "Operating Income": 6,
        "EBIT": 12,
        "Net Income": 3
    },
    "2016-03-31": {
        "Diluted EPS": 0.04,
        "Total Revenue": 96,
        "Gross Profit": 70,
        "Operating Income": 2,
        "EBIT": 8,
        "Net Income": 1
    },
    "2015-12-31": {
        "Diluted EPS": 0.05,
        "Total Revenue": 95,
        "Gross Profit": 68,
        "Operating Income": 2,
        "EBIT": 8,
        "Net Income": 1
    },
    "2015-09-30": {
        "Diluted EPS": 0.05,
        "Total Revenue": 96,
        "Gross Profit": 69,
        "Operating Income": 2,
        "EBIT": 9,
        "Net Income": 1
    },
    "2015-06-30": {
        "Diluted EPS": 0.08,
        "Total Revenue": 96,
        "Gross Profit": 69,
        "Operating Income": 4,
        "EBIT": 10,
        "Net Income": 2
    },
    "2015-03-31": {
        "Diluted EPS": 0.02,
        "Total Revenue": 86,
        "Gross Profit": 61,
        "Operating Income": 1,
        "EBIT": 7,
        "Net Income": 1
    },
    "2014-12-31": {
        "Diluted EPS": 0.02,
        "Total Revenue": 85,
        "Gross Profit": 60,
        "Operating Income": 1,
        "EBIT": 7,
        "Net Income": 1
    },
    "2014-09-30": {
        "Diluted EPS": 0.06,
        "Total Revenue": 85,
        "Gross Profit": 61,
        "Operating Income": 3,
        "EBIT": 9,
        "Net Income": 2
    },
    "2014-06-30": {
        "Diluted EPS": 0.07,
        "Total Revenue": 84,
        "Gross Profit": 60,
        "Operating Income": 3,
        "EBIT": 9,
        "Net Income": 2
    },
    "2014-03-31": {
        "Diluted EPS": -0.01,
        "Total Revenue": 74,
        "Gross Profit": 53,
        "Operating Income": 0,
        "EBIT": 5,
        "Net Income": 0
    },
    "2013-12-31": {
        "Diluted EPS": 7.77,
        "Total Revenue": 75,
        "Gross Profit": 53,
        "Operating Income": -7,
        "EBIT": -2,
        "Net Income": -4
    },
    "2013-09-30": {
        "Diluted EPS": -12.29,
        "Total Revenue": 78,
        "Gross Profit": 55,
        "Operating Income": 3,
        "EBIT": 8,
        "Net Income": -52
    },
    "2013-06-30": {
        "Diluted EPS": -0.03,
        "Total Revenue": 78,
        "Gross Profit": 55,
        "Operating Income": 5,
        "EBIT": 9,
        "Net Income": 0
    },
    "2013-03-31": {
        "Diluted EPS": -1.74,
        "Total Revenue": 69,
        "Gross Profit": 49,
        "Operating Income": 0,
        "EBIT": 5,
        "Net Income": -7
    },
    "2012-12-31": {
        "Diluted EPS": 0.0,
        "Total Revenue": NaN,
        "Gross Profit": NaN,
        "Operating Income": NaN,
        "EBIT": NaN,
        "Net Income": NaN
    },
    "2012-09-30": {
        "Diluted EPS": -0.75,
        "Total Revenue": 70,
        "Gross Profit": 50,
        "Operating Income": 3,
        "EBIT": 7,
        "Net Income": -3
    },
    "2012-06-30": {
        "Diluted EPS": 0.0,
        "Total Revenue": NaN,
        "Gross Profit": NaN,
        "Operating Income": NaN,
        "EBIT": NaN,
        "Net Income": NaN
    },
    "2011-12-31": {
        "Diluted EPS": 0.0,
        "Total Revenue": NaN,
        "Gross Profit": NaN,
        "Operating Income": NaN,
        "EBIT": NaN,
        "Net Income": NaN
    },
    "2010-12-31": {
        "Diluted EPS": 0.0,
        "Total Revenue": NaN,
        "Gross Profit": NaN,
        "Operating Income": NaN,
        "EBIT": NaN,
        "Net Income": NaN
    },
    "2023-06-30": {
        "Tax Effect Of Unusual Items": -148050.0,
        "Tax Rate For Calcs": 0.21,
        "Normalized EBITDA": 6936000.0,
        "Total Unusual Items": -705000.0,
        "Total Unusual Items Excluding Goodwill": -705000.0,
        "Net Income From Continuing Operation Net Minority Interest": 2216000.0,
        "Reconciled Depreciation": 2886000.0,
        "Reconciled Cost Of Revenue": 87068000.0,
        "EBITDA": 6231000.0,
        "EBIT": 3344000.0,
        "Net Interest Income": -1011000.0,
        "Interest Expense": 1011000.0,
        "Normalized Income": 2772950.0,
        "Net Income From Continuing And Discontinued Operation": 2216000.0,
        "Total Expenses": 122574000.0,
        "Rent Expense Supplemental": 14298000.0,
        "Total Operating Income As Reported": 3344000.0,
        "Diluted Average Shares": 30088000.0,
        "Basic Average Shares": 29199000.0,
        "Diluted EPS": 0.07,
        "Basic EPS": 0.08,
        "Diluted NI Availto Com Stockholders": 2216000.0,
        "Net Income Common Stockholders": 2216000.0,
        "Net Income": 2216000.0,
        "Minority Interests": -165000.0,
        "Net Income Including Noncontrolling Interests": 2381000.0,
        "Net Income Continuous Operations": 2381000.0,
        "Tax Provision": -48000.0,
        "Pretax Income": 2333000.0,
        "Other Income Expense": -705000.0,
        "Special Income Charges": -705000.0,
        "Other Special Charges": 33000.0,
        "Impairment Of Capital Assets": 658000.0,
        "Restructuring And Mergern Acquisition": 14000.0,
        "Net Non Operating Interest Income Expense": -1011000.0,
        "Interest Expense Non Operating": 1011000.0,
        "Operating Income": 4049000.0,
        "Operating Expense": 35507000.0,
        "Other Operating Expenses": 20925000.0,
        "Depreciation Amortization Depletion Income Statement": 2887000.0,
        "Depreciation And Amortization In Income Statement": 2887000.0,
        "Depreciation Income Statement": 2887000.0,
        "Selling General And Administration": 11695000.0,
        "General And Administrative Expense": 11695000.0,
        "Other Gand A": 11695000.0,
        "Rent And Landing Fees": 1215000.0,
        "Gross Profit": 39556000.0,
        "Cost Of Revenue": 87067000.0,
        "Total Revenue": 126623000.0,
        "Operating Revenue": 126623000.0
    },
    "2023-09-30": {
        "Tax Effect Of Unusual Items": -45491.001125,
        "Tax Rate For Calcs": 0.072553,
        "Normalized EBITDA": 6303000.0,
        "Total Unusual Items": -627000.0,
        "Total Unusual Items Excluding Goodwill": -627000.0,
        "Net Income From Continuing Operation Net Minority Interest": 1495000.0,
        "Reconciled Depreciation": 3045000.0,
        "Reconciled Cost Of Revenue": 81294000.0,
        "EBITDA": 5676000.0,
        "EBIT": 2631000.0,
        "Net Interest Income": -853000.0,
        "Interest Expense": 853000.0,
        "Normalized Income": 2076508.998875,
        "Net Income From Continuing And Discontinued Operation": 1495000.0,
        "Total Expenses": 117510000.0,
        "Rent Expense Supplemental": 12653000.0,
        "Total Operating Income As Reported": 2631000.0,
        "Diluted Average Shares": 30028000.0,
        "Basic Average Shares": 29324000.0,
        "Diluted EPS": 0.05,
        "Basic EPS": 0.05,
        "Diluted NI Availto Com Stockholders": 1495000.0,
        "Net Income Common Stockholders": 1495000.0,
        "Net Income": 1495000.0,
        "Minority Interests": -154000.0,
        "Net Income Including Noncontrolling Interests": 1649000.0,
        "Net Income Continuous Operations": 1649000.0,
        "Tax Provision": 129000.0,
        "Pretax Income": 1778000.0,
        "Other Income Expense": -627000.0,
        "Special Income Charges": -627000.0,
        "Other Special Charges": 59000.0,
        "Impairment Of Capital Assets": 458000.0,
        "Restructuring And Mergern Acquisition": 110000.0,
        "Net Non Operating Interest Income Expense": -853000.0,
        "Interest Expense Non Operating": 853000.0,
        "Operating Income": 3258000.0,
        "Operating Expense": 36215000.0,
        "Other Operating Expenses": 21277000.0,
        "Depreciation Amortization Depletion Income Statement": 3044000.0,
        "Depreciation And Amortization In Income Statement": 3044000.0,
        "Depreciation Income Statement": 3044000.0,
        "Selling General And Administration": 11894000.0,
        "General And Administrative Expense": 11894000.0,
        "Other Gand A": 11894000.0,
        "Rent And Landing Fees": NaN,
        "Gross Profit": 39473000.0,
        "Cost Of Revenue": 81295000.0,
        "Total Revenue": 120768000.0,
        "Operating Revenue": 120768000.0
    },
    "2023-12-31": {
        "Tax Effect Of Unusual Items": 423813.23741,
        "Tax Rate For Calcs": 0.208058,
        "Normalized EBITDA": 5424000.0,
        "Total Unusual Items": 2037000.0,
        "Total Unusual Items Excluding Goodwill": 2037000.0,
        "Net Income From Continuing Operation Net Minority Interest": 2736000.0,
        "Reconciled Depreciation": 3236000.0,
        "Reconciled Cost Of Revenue": 83711000.0,
        "EBITDA": 7461000.0,
        "EBIT": 4225000.0,
        "Net Interest Income": -750000.0,
        "Interest Expense": 750000.0,
        "Normalized Income": 1122813.23741,
        "Net Income From Continuing And Discontinued Operation": 2736000.0,
        "Total Expenses": 123562000.0,
        "Rent Expense Supplemental": 18580000.0,
        "Total Operating Income As Reported": 4225000.0,
        "Diluted Average Shares": 30191000.0,
        "Basic Average Shares": 29360000.0,
        "Diluted EPS": 0.09,
        "Basic EPS": 0.09,
        "Diluted NI Availto Com Stockholders": 2736000.0,
        "Net Income Common Stockholders": 2736000.0,
        "Net Income": 2736000.0,
        "Minority Interests": -16000.0,
        "Net Income Including Noncontrolling Interests": 2752000.0,
        "Net Income Continuous Operations": 2752000.0,
        "Tax Provision": 723000.0,
        "Pretax Income": 3475000.0,
        "Other Income Expense": 2037000.0,
        "Special Income Charges": 2037000.0,
        "Other Special Charges": 1000.0,
        "Impairment Of Capital Assets": 1177000.0,
        "Restructuring And Mergern Acquisition": -3215000.0,
        "Net Non Operating Interest Income Expense": -750000.0,
        "Interest Expense Non Operating": 750000.0,
        "Operating Income": 2187000.0,
        "Operating Expense": 39851000.0,
        "Other Operating Expenses": 21677000.0,
        "Depreciation Amortization Depletion Income Statement": 3236000.0,
        "Depreciation And Amortization In Income Statement": 3236000.0,
        "Depreciation Income Statement": 3236000.0,
        "Selling General And Administration": 14938000.0,
        "General And Administrative Expense": 14938000.0,
        "Other Gand A": 14938000.0,
        "Rent And Landing Fees": NaN,
        "Gross Profit": 42038000.0,
        "Cost Of Revenue": 83711000.0,
        "Total Revenue": 125749000.0,
        "Operating Revenue": 125749000.0
    },
    "2024-03-31": {
        "Tax Effect Of Unusual Items": -682500.0,
        "Tax Rate For Calcs": 0.21,
        "Normalized EBITDA": 4003000.0,
        "Total Unusual Items": -3250000.0,
        "Total Unusual Items Excluding Goodwill": -3250000.0,
        "Net Income From Continuing Operation Net Minority Interest": -2767000.0,
        "Reconciled Depreciation": 3011000.0,
        "Reconciled Cost Of Revenue": 75774000.0,
        "EBITDA": 753000.0,
        "EBIT": -2258000.0,
        "Net Interest Income": -364000.0,
        "Interest Expense": 364000.0,
        "Normalized Income": -199500.0,
        "Net Income From Continuing And Discontinued Operation": -2767000.0,
        "Total Expenses": 110161000.0,
        "Rent Expense Supplemental": 14251000.0,
        "Total Operating Income As Reported": 118000.0,
        "Diluted Average Shares": 29551000.0,
        "Basic Average Shares": 29551000.0,
        "Diluted EPS": -0.09,
        "Basic EPS": -0.09,
        "Diluted NI Availto Com Stockholders": -2767000.0,
        "Net Income Common Stockholders": -2767000.0,
        "Net Income": -2767000.0,
        "Minority Interests": -94000.0,
        "Net Income Including Noncontrolling Interests": -2673000.0,
        "Net Income Continuous Operations": -2673000.0,
        "Tax Provision": 51000.0,
        "Pretax Income": -2622000.0,
        "Other Income Expense": -3250000.0,
        "Special Income Charges": -3250000.0,
        "Other Special Charges": 2376000.0,
        "Impairment Of Capital Assets": 741000.0,
        "Restructuring And Mergern Acquisition": 133000.0,
        "Net Non Operating Interest Income Expense": -364000.0,
        "Interest Expense Non Operating": 364000.0,
        "Operating Income": 992000.0,
        "Operating Expense": 34387000.0,
        "Other Operating Expenses": 19829000.0,
        "Depreciation Amortization Depletion Income Statement": 3011000.0,
        "Depreciation And Amortization In Income Statement": 3011000.0,
        "Depreciation Income Statement": 3011000.0,
        "Selling General And Administration": 11547000.0,
        "General And Administrative Expense": 11547000.0,
        "Other Gand A": 11547000.0,
        "Rent And Landing Fees": NaN,
        "Gross Profit": 35379000.0,
        "Cost Of Revenue": 75774000.0,
        "Total Revenue": 111153000.0,
        "Operating Revenue": 111153000.0
    },
    "2024-06-30": {
        "Tax Effect Of Unusual Items": -56490.0,
        "Tax Rate For Calcs": 0.21,
        "Normalized EBITDA": 7404000.0,
        "Total Unusual Items": -269000.0,
        "Total Unusual Items Excluding Goodwill": -269000.0,
        "Net Income From Continuing Operation Net Minority Interest": 34712000.0,
        "Reconciled Depreciation": 3016000.0,
        "Reconciled Cost Of Revenue": 79163000.0,
        "EBITDA": 7135000.0,
        "EBIT": 4119000.0,
        "Net Interest Income": -181000.0,
        "Interest Expense": 181000.0,
        "Normalized Income": 34924510.0,
        "Net Income From Continuing And Discontinued Operation": 34712000.0,
        "Total Expenses": 115309000.0,
        "Rent Expense Supplemental": 15544000.0,
        "Total Operating Income As Reported": 4119000.0,
        "Diluted Average Shares": 30714000.0,
        "Basic Average Shares": 29926000.0,
        "Diluted EPS": 1.13,
        "Basic EPS": 1.16,
        "Diluted NI Availto Com Stockholders": 34712000.0,
        "Net Income Common Stockholders": 34712000.0,
        "Net Income": 34712000.0,
        "Minority Interests": -208000.0,
        "Net Income Including Noncontrolling Interests": 34920000.0,
        "Net Income Continuous Operations": 34920000.0,
        "Tax Provision": -30982000.0,
        "Pretax Income": 3938000.0,
        "Other Income Expense": -269000.0,
        "Special Income Charges": -269000.0,
        "Other Special Charges": 96000.0,
        "Impairment Of Capital Assets": 145000.0,
        "Restructuring And Mergern Acquisition": 28000.0,
        "Net Non Operating Interest Income Expense": -181000.0,
        "Interest Expense Non Operating": 181000.0,
        "Operating Income": 4388000.0,
        "Operating Expense": 36146000.0,
        "Other Operating Expenses": 21264000.0,
        "Depreciation Amortization Depletion Income Statement": 3016000.0,
        "Depreciation And Amortization In Income Statement": 3016000.0,
        "Depreciation Income Statement": 3016000.0,
        "Selling General And Administration": 11866000.0,
        "General And Administrative Expense": 11866000.0,
        "Other Gand A": 11866000.0,
        "Rent And Landing Fees": NaN,
        "Gross Profit": 40534000.0,
        "Cost Of Revenue": 79163000.0,
        "Total Revenue": 119697000.0,
        "Operating Revenue": 119697000.0
    }
}