{
    "2023-03-31": {
        "Tax Effect Of Unusual Items": 0.0,
        "Tax Rate For Calcs": 0.094961,
        "Normalized EBITDA": 7738000.0,
        "Total Unusual Items": 0.0,
        "Total Unusual Items Excluding Goodwill": 0.0,
        "Net Income From Continuing Operation Net Minority Interest": 1401000.0,
        "Reconciled Depreciation": 2878000.0,
        "Reconciled Cost Of Revenue": 13218000.0,
        "EBITDA": 7738000.0,
        "EBIT": 4860000.0,
        "Net Interest Income": -2775000.0,
        "Interest Expense": 3312000.0,
        "Interest Income": 537000.0,
        "Normalized Income": 1401000.0,
        "Net Income From Continuing And Discontinued Operation": 1401000.0,
        "Total Expenses": 48410000.0,
        "Total Operating Income As Reported": 4365000.0,
        "Diluted Average Shares": 47157904.0,
        "Basic Average Shares": 46636083.0,
        "Diluted EPS": 0.03,
        "Basic EPS": 0.03,
        "Diluted NI Availto Com Stockholders": 1401000.0,
        "Net Income Common Stockholders": 1401000.0,
        "Net Income": 1401000.0,
        "Net Income Including Noncontrolling Interests": 1401000.0,
        "Net Income Continuous Operations": 1401000.0,
        "Tax Provision": 147000.0,
        "Pretax Income": 1548000.0,
        "Other Income Expense": -42000.0,
        "Other Non Operating Income Expenses": -42000.0,
        "Special Income Charges": 0.0,
        "Other Special Charges": NaN,
        "Write Off": NaN,
        "Restructuring And Mergern Acquisition": NaN,
        "Net Non Operating Interest Income Expense": -2775000.0,
        "Interest Expense Non Operating": 3312000.0,
        "Interest Income Non Operating": 537000.0,
        "Operating Income": 4365000.0,
        "Operating Expense": 35192000.0,
        "Provision For Doubtful Accounts": NaN,
        "Research And Development": 12706000.0,
        "Selling General And Administration": 22486000.0,
        "General And Administrative Expense": 22486000.0,
        "Other Gand A": 11317000.0,
        "Salaries And Wages": 11169000.0,
        "Gross Profit": 39557000.0,
        "Cost Of Revenue": 13218000.0,
        "Total Revenue": 52775000.0,
        "Operating Revenue": 52775000.0
    },
    "2022-12-31": {
        "Tax Effect Of Unusual Items": -2596440.0,
        "Tax Rate For Calcs": 0.21,
        "Normalized EBITDA": 12538000.0,
        "Total Unusual Items": -12364000.0,
        "Total Unusual Items Excluding Goodwill": -12364000.0,
        "Net Income From Continuing Operation Net Minority Interest": -5606000.0,
        "Reconciled Depreciation": 2207000.0,
        "Reconciled Cost Of Revenue": 16836000.0,
        "EBITDA": 174000.0,
        "EBIT": -2033000.0,
        "Net Interest Income": -2760000.0,
        "Interest Expense": 3279000.0,
        "Interest Income": 519000.0,
        "Normalized Income": 4161560.0,
        "Net Income From Continuing And Discontinued Operation": -5606000.0,
        "Total Expenses": 55659000.0,
        "Total Operating Income As Reported": 10016000.0,
        "Diluted Average Shares": 45814185.0,
        "Basic Average Shares": 45814185.0,
        "Diluted EPS": -0.12,
        "Basic EPS": -0.12,
        "Diluted NI Availto Com Stockholders": -5606000.0,
        "Net Income Common Stockholders": -5606000.0,
        "Net Income": -5606000.0,
        "Net Income Including Noncontrolling Interests": -5606000.0,
        "Net Income Continuous Operations": -5606000.0,
        "Tax Provision": 294000.0,
        "Pretax Income": -5312000.0,
        "Other Income Expense": -12568000.0,
        "Other Non Operating Income Expenses": -204000.0,
        "Special Income Charges": -12364000.0,
        "Other Special Charges": 12364000.0,
        "Write Off": NaN,
        "Restructuring And Mergern Acquisition": 0.0,
        "Net Non Operating Interest Income Expense": -2760000.0,
        "Interest Expense Non Operating": 3279000.0,
        "Interest Income Non Operating": 519000.0,
        "Operating Income": 10016000.0,
        "Operating Expense": 38823000.0,
        "Provision For Doubtful Accounts": NaN,
        "Research And Development": 13784000.0,
        "Selling General And Administration": 25039000.0,
        "General And Administrative Expense": 25039000.0,
        "Other Gand A": 14480000.0,
        "Salaries And Wages": 10559000.0,
        "Gross Profit": 48839000.0,
        "Cost Of Revenue": 16836000.0,
        "Total Revenue": 65675000.0,
        "Operating Revenue": 65675000.0
    },
    "2022-09-30": {
        "Tax Effect Of Unusual Items": -2807600.0,
        "Tax Rate For Calcs": 0.4,
        "Normalized EBITDA": 11900000.0,
        "Total Unusual Items": -7019000.0,
        "Total Unusual Items Excluding Goodwill": -7019000.0,
        "Net Income From Continuing Operation Net Minority Interest": -360000.0,
        "Reconciled Depreciation": 2227000.0,
        "Reconciled Cost Of Revenue": 12495000.0,
        "EBITDA": 4881000.0,
        "EBIT": 2654000.0,
        "Net Interest Income": -2731000.0,
        "Interest Expense": 2947000.0,
        "Interest Income": 216000.0,
        "Normalized Income": 3851400.0,
        "Net Income From Continuing And Discontinued Operation": -360000.0,
        "Total Expenses": 47709000.0,
        "Total Operating Income As Reported": 2393000.0,
        "Diluted Average Shares": 45567739.0,
        "Basic Average Shares": 45567739.0,
        "Diluted EPS": -0.01,
        "Basic EPS": -0.01,
        "Diluted NI Availto Com Stockholders": -360000.0,
        "Net Income Common Stockholders": -360000.0,
        "Net Income": -360000.0,
        "Net Income Including Noncontrolling Interests": -360000.0,
        "Net Income Continuous Operations": -360000.0,
        "Tax Provision": 67000.0,
        "Pretax Income": -293000.0,
        "Other Income Expense": -6955000.0,
        "Other Non Operating Income Expenses": 64000.0,
        "Special Income Charges": -7019000.0,
        "Other Special Charges": 7019000.0,
        "Write Off": NaN,
        "Net Non Operating Interest Income Expense": -2731000.0,
        "Interest Expense Non Operating": 2947000.0,
        "Interest Income Non Operating": 216000.0,
        "Operating Income": 9393000.0,
        "Operating Expense": 35214000.0,
        "Research And Development": 11253000.0,
        "Selling General And Administration": 23961000.0,
        "General And Administrative Expense": 23961000.0,
        "Other Gand A": 14243000.0,
        "Salaries And Wages": 9718000.0,
        "Gross Profit": 44607000.0,
        "Cost Of Revenue": 12495000.0,
        "Total Revenue": 57102000.0,
        "Operating Revenue": 57102000.0
    },
    "2022-06-30": {
        "Tax Effect Of Unusual Items": -332.520153,
        "Tax Rate For Calcs": 0.006046,
        "Normalized EBITDA": 14409000.0,
        "Total Unusual Items": -55000.0,
        "Total Unusual Items Excluding Goodwill": -55000.0,
        "Net Income From Continuing Operation Net Minority Interest": 9371000.0,
        "Reconciled Depreciation": 2224000.0,
        "Reconciled Cost Of Revenue": 14918000.0,
        "EBITDA": 14354000.0,
        "EBIT": 12130000.0,
        "Net Interest Income": -2637000.0,
        "Interest Expense": 2702000.0,
        "Interest Income": 65000.0,
        "Normalized Income": 9425667.479847,
        "Net Income From Continuing And Discontinued Operation": 9371000.0,
        "Total Expenses": 47460000.0,
        "Total Operating Income As Reported": 12058000.0,
        "Diluted Average Shares": 45358739.0,
        "Basic Average Shares": 45058924.0,
        "Diluted EPS": 0.21,
        "Basic EPS": 0.21,
        "Diluted NI Availto Com Stockholders": 9371000.0,
        "Net Income Common Stockholders": 9371000.0,
        "Net Income": 9371000.0,
        "Net Income Including Noncontrolling Interests": 9371000.0,
        "Net Income Continuous Operations": 9371000.0,
        "Tax Provision": 57000.0,
        "Pretax Income": 9428000.0,
        "Other Income Expense": 7000.0,
        "Other Non Operating Income Expenses": 62000.0,
        "Special Income Charges": -55000.0,
        "Other Special Charges": 55000.0,
        "Net Non Operating Interest Income Expense": -2637000.0,
        "Interest Expense Non Operating": 2702000.0,
        "Interest Income Non Operating": 65000.0,
        "Operating Income": 12058000.0,
        "Operating Expense": 32542000.0,
        "Research And Development": 11966000.0,
        "Selling General And Administration": 20576000.0,
        "General And Administrative Expense": 20576000.0,
        "Other Gand A": 12648000.0,
        "Salaries And Wages": 7928000.0,
        "Gross Profit": 44600000.0,
        "Cost Of Revenue": 14918000.0,
        "Total Revenue": 59518000.0,
        "Operating Revenue": 59518000.0
    },
    "2022-03-31": {
        "Diluted EPS": -0.08,
        "Total Revenue": 46,
        "Gross Profit": 35,
        "Operating Income": -1,
        "EBIT": 2,
        "Net Income": -3
    },
    "2021-12-31": {
        "Diluted EPS": 0.1,
        "Total Revenue": 55,
        "Gross Profit": 43,
        "Operating Income": 7,
        "EBIT": 9,
        "Net Income": 4
    },
    "2021-09-30": {
        "Diluted EPS": -1.09,
        "Total Revenue": 46,
        "Gross Profit": 36,
        "Operating Income": -9,
        "EBIT": -7,
        "Net Income": -45
    },
    "2021-06-30": {
        "Diluted EPS": -0.13,
        "Total Revenue": 53,
        "Gross Profit": 41,
        "Operating Income": -17,
        "EBIT": -14,
        "Net Income": -5
    },
    "2021-03-31": {
        "Diluted EPS": 0.4,
        "Total Revenue": 98,
        "Gross Profit": 69,
        "Operating Income": 20,
        "EBIT": 23,
        "Net Income": 17
    },
    "2020-12-31": {
        "Diluted EPS": -0.38,
        "Total Revenue": 53,
        "Gross Profit": 42,
        "Operating Income": -11,
        "EBIT": -8,
        "Net Income": -15
    },
    "2020-09-30": {
        "Diluted EPS": -0.79,
        "Total Revenue": 51,
        "Gross Profit": 41,
        "Operating Income": -12,
        "EBIT": -9,
        "Net Income": -31
    },
    "2020-06-30": {
        "Diluted EPS": 0.08,
        "Total Revenue": 71,
        "Gross Profit": 61,
        "Operating Income": 7,
        "EBIT": 9,
        "Net Income": 3
    },
    "2020-03-31": {
        "Diluted EPS": -0.43,
        "Total Revenue": 51,
        "Gross Profit": 42,
        "Operating Income": -14,
        "EBIT": -12,
        "Net Income": -17
    },
    "2019-12-31": {
        "Diluted EPS": -0.28,
        "Total Revenue": 63,
        "Gross Profit": 53,
        "Operating Income": -9,
        "EBIT": -7,
        "Net Income": -11
    },
    "2019-09-30": {
        "Diluted EPS": -0.44,
        "Total Revenue": 56,
        "Gross Profit": 47,
        "Operating Income": -14,
        "EBIT": -13,
        "Net Income": -17
    },
    "2019-06-30": {
        "Diluted EPS": -0.97,
        "Total Revenue": 54,
        "Gross Profit": 45,
        "Operating Income": -26,
        "EBIT": -24,
        "Net Income": -37
    },
    "2019-03-31": {
        "Diluted EPS": -0.26,
        "Total Revenue": 99,
        "Gross Profit": 91,
        "Operating Income": 10,
        "EBIT": 12,
        "Net Income": -10
    },
    "2018-12-31": {
        "Diluted EPS": -0.8,
        "Total Revenue": 71,
        "Gross Profit": 61,
        "Operating Income": -19,
        "EBIT": -16,
        "Net Income": -31
    },
    "2018-09-30": {
        "Diluted EPS": -0.37,
        "Total Revenue": 63,
        "Gross Profit": 54,
        "Operating Income": -11,
        "EBIT": -9,
        "Net Income": -14
    },
    "2018-06-30": {
        "Diluted EPS": -1.17,
        "Total Revenue": 51,
        "Gross Profit": 42,
        "Operating Income": -41,
        "EBIT": -40,
        "Net Income": -44
    },
    "2018-03-31": {
        "Diluted EPS": -0.65,
        "Total Revenue": 67,
        "Gross Profit": 60,
        "Operating Income": -23,
        "EBIT": -22,
        "Net Income": -24
    },
    "2017-12-31": {
        "Diluted EPS": -1.71,
        "Total Revenue": 22,
        "Gross Profit": 18,
        "Operating Income": -64,
        "EBIT": -62,
        "Net Income": -64
    },
    "2017-09-30": {
        "Diluted EPS": -2.07,
        "Total Revenue": 6,
        "Gross Profit": 5,
        "Operating Income": -77,
        "EBIT": -77,
        "Net Income": -77
    },
    "2017-06-30": {
        "Diluted EPS": -2.1,
        "Total Revenue": NaN,
        "Gross Profit": NaN,
        "Operating Income": -78,
        "EBIT": -78,
        "Net Income": -78
    },
    "2017-03-31": {
        "Diluted EPS": -1.97,
        "Total Revenue": NaN,
        "Gross Profit": NaN,
        "Operating Income": -73,
        "EBIT": -73,
        "Net Income": -73
    },
    "2016-12-31": {
        "Diluted EPS": -2.03,
        "Total Revenue": NaN,
        "Gross Profit": NaN,
        "Operating Income": -73,
        "EBIT": -72,
        "Net Income": -73
    },
    "2016-09-30": {
        "Diluted EPS": -2.02,
        "Total Revenue": NaN,
        "Gross Profit": NaN,
        "Operating Income": -66,
        "EBIT": -66,
        "Net Income": -66
    },
    "2016-06-30": {
        "Diluted EPS": -2.05,
        "Total Revenue": NaN,
        "Gross Profit": NaN,
        "Operating Income": -66,
        "EBIT": -66,
        "Net Income": -67
    },
    "2016-03-31": {
        "Diluted EPS": -2.19,
        "Total Revenue": NaN,
        "Gross Profit": NaN,
        "Operating Income": -71,
        "EBIT": -71,
        "Net Income": -71
    },
    "2015-12-31": {
        "Diluted EPS": -1.91,
        "Total Revenue": NaN,
        "Gross Profit": NaN,
        "Operating Income": -62,
        "EBIT": -62,
        "Net Income": -62
    },
    "2015-09-30": {
        "Diluted EPS": -1.87,
        "Total Revenue": NaN,
        "Gross Profit": NaN,
        "Operating Income": -61,
        "EBIT": -61,
        "Net Income": -60
    },
    "2015-06-30": {
        "Diluted EPS": -2.01,
        "Total Revenue": NaN,
        "Gross Profit": NaN,
        "Operating Income": -65,
        "EBIT": -65,
        "Net Income": -65
    },
    "2015-03-31": {
        "Diluted EPS": -1.66,
        "Total Revenue": NaN,
        "Gross Profit": NaN,
        "Operating Income": -53,
        "EBIT": -52,
        "Net Income": -52
    },
    "2014-12-31": {
        "Diluted EPS": -1.58,
        "Total Revenue": NaN,
        "Gross Profit": NaN,
        "Operating Income": -48,
        "EBIT": -47,
        "Net Income": -47
    },
    "2014-09-30": {
        "Diluted EPS": -1.19,
        "Total Revenue": NaN,
        "Gross Profit": NaN,
        "Operating Income": -36,
        "EBIT": -36,
        "Net Income": -36
    },
    "2014-06-30": {
        "Diluted EPS": -1.29,
        "Total Revenue": NaN,
        "Gross Profit": NaN,
        "Operating Income": -39,
        "EBIT": -39,
        "Net Income": -39
    },
    "2014-03-31": {
        "Diluted EPS": -0.67,
        "Total Revenue": NaN,
        "Gross Profit": NaN,
        "Operating Income": -20,
        "EBIT": -20,
        "Net Income": -20
    },
    "2013-12-31": {
        "Diluted EPS": -0.55,
        "Total Revenue": NaN,
        "Gross Profit": NaN,
        "Operating Income": -16,
        "EBIT": -16,
        "Net Income": -16
    },
    "2013-09-30": {
        "Diluted EPS": -0.5,
        "Total Revenue": NaN,
        "Gross Profit": NaN,
        "Operating Income": -14,
        "EBIT": -14,
        "Net Income": -14
    },
    "2013-06-30": {
        "Diluted EPS": -0.44,
        "Total Revenue": NaN,
        "Gross Profit": NaN,
        "Operating Income": -13,
        "EBIT": -13,
        "Net Income": -13
    },
    "2013-03-31": {
        "Diluted EPS": -0.41,
        "Total Revenue": NaN,
        "Gross Profit": NaN,
        "Operating Income": -12,
        "EBIT": -12,
        "Net Income": -12
    },
    "2012-12-31": {
        "Diluted EPS": -0.8,
        "Total Revenue": NaN,
        "Gross Profit": NaN,
        "Operating Income": -22,
        "EBIT": -22,
        "Net Income": -22
    },
    "2012-09-30": {
        "Diluted EPS": -1.29,
        "Total Revenue": NaN,
        "Gross Profit": NaN,
        "Operating Income": -26,
        "EBIT": -26,
        "Net Income": -26
    },
    "2012-06-30": {
        "Diluted EPS": -0.74,
        "Total Revenue": NaN,
        "Gross Profit": NaN,
        "Operating Income": -15,
        "EBIT": -15,
        "Net Income": -15
    },
    "2012-03-31": {
        "Diluted EPS": -0.59,
        "Total Revenue": NaN,
        "Gross Profit": NaN,
        "Operating Income": -12,
        "EBIT": -12,
        "Net Income": -12
    },
    "2011-12-31": {
        "Diluted EPS": -1.22,
        "Total Revenue": NaN,
        "Gross Profit": NaN,
        "Operating Income": -10,
        "EBIT": -10,
        "Net Income": -10
    },
    "2011-09-30": {
        "Diluted EPS": -0.09,
        "Total Revenue": NaN,
        "Gross Profit": NaN,
        "Operating Income": 0,
        "EBIT": 0,
        "Net Income": 0
    },
    "2011-06-30": {
        "Diluted EPS": -0.01,
        "Total Revenue": NaN,
        "Gross Profit": NaN,
        "Operating Income": 0,
        "EBIT": 0,
        "Net Income": 0
    },
    "2011-03-31": {
        "Diluted EPS": -0.0,
        "Total Revenue": NaN,
        "Gross Profit": NaN,
        "Operating Income": 0,
        "EBIT": 0,
        "Net Income": 0
    },
    "2010-12-31": {
        "Diluted EPS": 0.0,
        "Total Revenue": NaN,
        "Gross Profit": NaN,
        "Operating Income": 0,
        "EBIT": 0,
        "Net Income": 0
    },
    "2010-09-30": {
        "Diluted EPS": -0.0,
        "Total Revenue": NaN,
        "Gross Profit": NaN,
        "Operating Income": 0,
        "EBIT": 0,
        "Net Income": 0
    },
    "2010-06-30": {
        "Diluted EPS": 0.0,
        "Total Revenue": NaN,
        "Gross Profit": NaN,
        "Operating Income": 0,
        "EBIT": 0,
        "Net Income": 0
    },
    "2010-03-31": {
        "Diluted EPS": -0.0,
        "Total Revenue": NaN,
        "Gross Profit": NaN,
        "Operating Income": 0,
        "EBIT": 0,
        "Net Income": 0
    },
    "2009-12-31": {
        "Diluted EPS": -0.01,
        "Total Revenue": NaN,
        "Gross Profit": NaN,
        "Operating Income": 0,
        "EBIT": 0,
        "Net Income": 0
    },
    "2009-09-30": {
        "Diluted EPS": 0.0,
        "Total Revenue": NaN,
        "Gross Profit": NaN,
        "Operating Income": 0,
        "EBIT": 0,
        "Net Income": 0
    },
    "2009-06-30": {
        "Diluted EPS": -0.0,
        "Total Revenue": NaN,
        "Gross Profit": NaN,
        "Operating Income": 0,
        "EBIT": 0,
        "Net Income": 0
    },
    "2009-03-31": {
        "Diluted EPS": -0.0,
        "Total Revenue": NaN,
        "Gross Profit": NaN,
        "Operating Income": 0,
        "EBIT": 0,
        "Net Income": 0
    },
    "2023-06-30": {
        "Tax Effect Of Unusual Items": 0.0,
        "Tax Rate For Calcs": 0.080847,
        "Normalized EBITDA": 8514000.0,
        "Total Unusual Items": 0.0,
        "Total Unusual Items Excluding Goodwill": 0.0,
        "Net Income From Continuing Operation Net Minority Interest": 2126000.0,
        "Reconciled Depreciation": 2876000.0,
        "Reconciled Cost Of Revenue": 11857000.0,
        "EBITDA": 8514000.0,
        "EBIT": 5638000.0,
        "Net Interest Income": -2665000.0,
        "Interest Expense": 3325000.0,
        "Interest Income": 660000.0,
        "Normalized Income": 2126000.0,
        "Net Income From Continuing And Discontinued Operation": 2126000.0,
        "Total Expenses": 49676000.0,
        "Total Operating Income As Reported": 4892000.0,
        "Diluted Average Shares": 47201185.0,
        "Basic Average Shares": 46759062.0,
        "Diluted EPS": 0.05,
        "Basic EPS": 0.05,
        "Diluted NI Availto Com Stockholders": 2126000.0,
        "Net Income Common Stockholders": 2126000.0,
        "Net Income": 2126000.0,
        "Net Income Including Noncontrolling Interests": 2126000.0,
        "Net Income Continuous Operations": 2126000.0,
        "Tax Provision": 187000.0,
        "Pretax Income": 2313000.0,
        "Other Income Expense": 86000.0,
        "Other Non Operating Income Expenses": 86000.0,
        "Special Income Charges": 0.0,
        "Other Special Charges": NaN,
        "Write Off": NaN,
        "Restructuring And Mergern Acquisition": NaN,
        "Net Non Operating Interest Income Expense": -2665000.0,
        "Interest Expense Non Operating": 3325000.0,
        "Interest Income Non Operating": 660000.0,
        "Operating Income": 4892000.0,
        "Operating Expense": 37819000.0,
        "Provision For Doubtful Accounts": NaN,
        "Research And Development": 13357000.0,
        "Selling General And Administration": 24462000.0,
        "General And Administrative Expense": 24462000.0,
        "Other Gand A": 13909000.0,
        "Salaries And Wages": 10553000.0,
        "Gross Profit": 42711000.0,
        "Cost Of Revenue": 11857000.0,
        "Total Revenue": 54568000.0,
        "Operating Revenue": 54568000.0
    },
    "2023-09-30": {
        "Tax Effect Of Unusual Items": -22154.268597,
        "Tax Rate For Calcs": 0.035447,
        "Normalized EBITDA": 12849000.0,
        "Total Unusual Items": -625000.0,
        "Total Unusual Items Excluding Goodwill": -625000.0,
        "Net Income From Continuing Operation Net Minority Interest": 5796000.0,
        "Reconciled Depreciation": 2876000.0,
        "Reconciled Cost Of Revenue": 13284000.0,
        "EBITDA": 12224000.0,
        "EBIT": 9348000.0,
        "Net Interest Income": -2650000.0,
        "Interest Expense": 3339000.0,
        "Interest Income": 689000.0,
        "Normalized Income": 6398845.731403,
        "Net Income From Continuing And Discontinued Operation": 5796000.0,
        "Total Expenses": 46906000.0,
        "Total Operating Income As Reported": 8585000.0,
        "Diluted Average Shares": 47819234.0,
        "Basic Average Shares": 47520338.0,
        "Diluted EPS": 0.12,
        "Basic EPS": 0.12,
        "Diluted NI Availto Com Stockholders": 5796000.0,
        "Net Income Common Stockholders": 5796000.0,
        "Net Income": 5796000.0,
        "Net Income Including Noncontrolling Interests": 5796000.0,
        "Net Income Continuous Operations": 5796000.0,
        "Tax Provision": 213000.0,
        "Pretax Income": 6009000.0,
        "Other Income Expense": -551000.0,
        "Other Non Operating Income Expenses": 74000.0,
        "Special Income Charges": -625000.0,
        "Other Special Charges": NaN,
        "Write Off": 625000.0,
        "Restructuring And Mergern Acquisition": 0.0,
        "Net Non Operating Interest Income Expense": -2650000.0,
        "Interest Expense Non Operating": 3339000.0,
        "Interest Income Non Operating": 689000.0,
        "Operating Income": 9210000.0,
        "Operating Expense": 33622000.0,
        "Provision For Doubtful Accounts": NaN,
        "Research And Development": 11446000.0,
        "Selling General And Administration": 22176000.0,
        "General And Administrative Expense": 22176000.0,
        "Other Gand A": 12408000.0,
        "Salaries And Wages": 9768000.0,
        "Gross Profit": 42832000.0,
        "Cost Of Revenue": 13284000.0,
        "Total Revenue": 56116000.0,
        "Operating Revenue": 56116000.0
    },
    "2023-12-31": {
        "Tax Effect Of Unusual Items": 0.0,
        "Tax Rate For Calcs": 0.041862,
        "Normalized EBITDA": 19047000.0,
        "Total Unusual Items": 0.0,
        "Total Unusual Items Excluding Goodwill": 0.0,
        "Net Income From Continuing Operation Net Minority Interest": 12268000.0,
        "Reconciled Depreciation": 2889000.0,
        "Reconciled Cost Of Revenue": 24323000.0,
        "EBITDA": 19047000.0,
        "EBIT": 16158000.0,
        "Net Interest Income": -2635000.0,
        "Interest Expense": 3354000.0,
        "Interest Income": 719000.0,
        "Normalized Income": 12268000.0,
        "Net Income From Continuing And Discontinued Operation": 12268000.0,
        "Total Expenses": 57380000.0,
        "Total Operating Income As Reported": 14798000.0,
        "Diluted Average Shares": NaN,
        "Basic Average Shares": NaN,
        "Diluted EPS": NaN,
        "Basic EPS": NaN,
        "Diluted NI Availto Com Stockholders": 12268000.0,
        "Net Income Common Stockholders": 12268000.0,
        "Net Income": 12268000.0,
        "Net Income Including Noncontrolling Interests": 12268000.0,
        "Net Income Continuous Operations": 12268000.0,
        "Tax Provision": 536000.0,
        "Pretax Income": 12804000.0,
        "Other Income Expense": 641000.0,
        "Other Non Operating Income Expenses": 641000.0,
        "Special Income Charges": 0.0,
        "Other Special Charges": NaN,
        "Write Off": 0.0,
        "Restructuring And Mergern Acquisition": 0.0,
        "Net Non Operating Interest Income Expense": -2635000.0,
        "Interest Expense Non Operating": 3354000.0,
        "Interest Income Non Operating": 719000.0,
        "Operating Income": 14798000.0,
        "Operating Expense": 33057000.0,
        "Provision For Doubtful Accounts": 367000.0,
        "Research And Development": 12873000.0,
        "Selling General And Administration": 19817000.0,
        "General And Administrative Expense": 19817000.0,
        "Other Gand A": 10962000.0,
        "Salaries And Wages": 8855000.0,
        "Gross Profit": 47855000.0,
        "Cost Of Revenue": 24323000.0,
        "Total Revenue": 72178000.0,
        "Operating Revenue": 72178000.0
    }
}