{
    "2023-06-30": {
        "Tax Effect Of Unusual Items": 0.0,
        "Tax Rate For Calcs": 0.291,
        "Net Income From Continuing Operation Net Minority Interest": 7477000.0,
        "Reconciled Depreciation": 1022000.0,
        "Net Interest Income": 21717000.0,
        "Interest Expense": 15121000.0,
        "Interest Income": 36838000.0,
        "Normalized Income": 7477000.0,
        "Net Income From Continuing And Discontinued Operation": 7477000.0,
        "Diluted Average Shares": 14356776.0,
        "Basic Average Shares": 14271200.0,
        "Diluted EPS": 0.52,
        "Basic EPS": 0.52,
        "Diluted NI Availto Com Stockholders": 7477000.0,
        "Net Income Common Stockholders": 7477000.0,
        "Otherunder Preferred Stock Dividend": 24000.0,
        "Preferred Stock Dividends": NaN,
        "Net Income": 7477000.0,
        "Net Income Including Noncontrolling Interests": 7477000.0,
        "Net Income Continuous Operations": 7477000.0,
        "Tax Provision": 3073000.0,
        "Pretax Income": 10550000.0,
        "Selling General And Administration": 9095000.0,
        "Selling And Marketing Expense": 203000.0,
        "General And Administrative Expense": 8892000.0,
        "Other Gand A": NaN,
        "Salaries And Wages": 8892000.0,
        "Total Revenue": 24374000.0,
        "Operating Revenue": 24374000.0,
        "Occupancy And Equipment": 1919000.0,
        "Professional Expense And Contract Services Expense": 772000.0,
        "Other Non Interest Expense": 1841000.0
    },
    "2023-03-31": {
        "Tax Effect Of Unusual Items": NaN,
        "Tax Rate For Calcs": NaN,
        "Net Income From Continuing Operation Net Minority Interest": NaN,
        "Reconciled Depreciation": NaN,
        "Net Interest Income": NaN,
        "Interest Expense": NaN,
        "Interest Income": NaN,
        "Normalized Income": NaN,
        "Net Income From Continuing And Discontinued Operation": NaN,
        "Diluted Average Shares": NaN,
        "Basic Average Shares": NaN,
        "Diluted EPS": NaN,
        "Basic EPS": NaN,
        "Diluted NI Availto Com Stockholders": NaN,
        "Net Income Common Stockholders": NaN,
        "Otherunder Preferred Stock Dividend": 33000.0,
        "Preferred Stock Dividends": NaN,
        "Net Income": NaN,
        "Net Income Including Noncontrolling Interests": NaN,
        "Net Income Continuous Operations": NaN,
        "Tax Provision": NaN,
        "Pretax Income": NaN,
        "Selling General And Administration": NaN,
        "Selling And Marketing Expense": NaN,
        "General And Administrative Expense": NaN,
        "Other Gand A": 567000.0,
        "Salaries And Wages": NaN,
        "Total Revenue": NaN,
        "Operating Revenue": NaN,
        "Occupancy And Equipment": NaN,
        "Professional Expense And Contract Services Expense": NaN,
        "Other Non Interest Expense": NaN
    },
    "2022-12-31": {
        "Tax Effect Of Unusual Items": 0.0,
        "Tax Rate For Calcs": 0.297659,
        "Net Income From Continuing Operation Net Minority Interest": 8702000.0,
        "Reconciled Depreciation": 1076000.0,
        "Net Interest Income": 24265000.0,
        "Interest Expense": 7311000.0,
        "Interest Income": 31576000.0,
        "Normalized Income": 8702000.0,
        "Net Income From Continuing And Discontinued Operation": 8702000.0,
        "Diluted Average Shares": 14904106.0,
        "Basic Average Shares": 14700010.0,
        "Diluted EPS": 0.58,
        "Basic EPS": 0.59,
        "Diluted NI Availto Com Stockholders": 8665000.0,
        "Net Income Common Stockholders": 8665000.0,
        "Otherunder Preferred Stock Dividend": 37000.0,
        "Net Income": 8702000.0,
        "Net Income Including Noncontrolling Interests": 8702000.0,
        "Net Income Continuous Operations": 8702000.0,
        "Tax Provision": 3688000.0,
        "Pretax Income": 12390000.0,
        "Selling General And Administration": 7069000.0,
        "Selling And Marketing Expense": 724000.0,
        "General And Administrative Expense": 6345000.0,
        "Other Gand A": NaN,
        "Salaries And Wages": 8055000.0,
        "Total Revenue": 26654000.0,
        "Operating Revenue": 26654000.0
    },
    "2022-09-30": {
        "Tax Effect Of Unusual Items": NaN,
        "Tax Rate For Calcs": NaN,
        "Net Income From Continuing Operation Net Minority Interest": NaN,
        "Reconciled Depreciation": NaN,
        "Net Interest Income": NaN,
        "Interest Expense": NaN,
        "Interest Income": NaN,
        "Normalized Income": NaN,
        "Net Income From Continuing And Discontinued Operation": NaN,
        "Diluted Average Shares": NaN,
        "Basic Average Shares": NaN,
        "Diluted EPS": NaN,
        "Basic EPS": NaN,
        "Diluted NI Availto Com Stockholders": NaN,
        "Net Income Common Stockholders": NaN,
        "Otherunder Preferred Stock Dividend": NaN,
        "Net Income": NaN,
        "Net Income Including Noncontrolling Interests": NaN,
        "Net Income Continuous Operations": NaN,
        "Tax Provision": NaN,
        "Pretax Income": NaN,
        "Selling General And Administration": NaN,
        "Selling And Marketing Expense": NaN,
        "General And Administrative Expense": NaN,
        "Other Gand A": 577000.0,
        "Salaries And Wages": NaN,
        "Total Revenue": NaN,
        "Operating Revenue": NaN
    },
    "2022-06-30": {
        "Tax Effect Of Unusual Items": 0.0,
        "Tax Rate For Calcs": 0.293166,
        "Net Income From Continuing Operation Net Minority Interest": 9092000.0,
        "Reconciled Depreciation": 872000.0,
        "Net Interest Income": 21351000.0,
        "Interest Expense": 1095000.0,
        "Interest Income": 22446000.0,
        "Normalized Income": 9092000.0,
        "Net Income From Continuing And Discontinued Operation": 9092000.0,
        "Diluted Average Shares": 15122452.0,
        "Basic Average Shares": 14883768.0,
        "Diluted EPS": 0.6,
        "Basic EPS": 0.61,
        "Diluted NI Availto Com Stockholders": 9092000.0,
        "Net Income Common Stockholders": 9092000.0,
        "Otherunder Preferred Stock Dividend": NaN,
        "Net Income": 9092000.0,
        "Net Income Including Noncontrolling Interests": 9092000.0,
        "Net Income Continuous Operations": 9092000.0,
        "Tax Provision": 3771000.0,
        "Pretax Income": 12863000.0,
        "Selling General And Administration": 9205000.0,
        "Selling And Marketing Expense": 310000.0,
        "General And Administrative Expense": 8895000.0,
        "Other Gand A": 588000.0,
        "Salaries And Wages": 8307000.0,
        "Total Revenue": 24999000.0,
        "Operating Revenue": 24999000.0
    },
    "2022-03-31": {
        "Diluted EPS": 0.67,
        "Total Revenue": 26,
        "Gross Profit": 25,
        "Operating Income": 14,
        "EBIT": NaN,
        "Net Income": 10
    },
    "2021-12-31": {
        "Diluted EPS": 0.7,
        "Total Revenue": 26,
        "Gross Profit": 25,
        "Operating Income": 15,
        "EBIT": NaN,
        "Net Income": 11
    },
    "2021-09-30": {
        "Diluted EPS": 0.73,
        "Total Revenue": 27,
        "Gross Profit": 26,
        "Operating Income": 16,
        "EBIT": NaN,
        "Net Income": 11
    },
    "2021-06-30": {
        "Diluted EPS": 0.64,
        "Total Revenue": 25,
        "Gross Profit": 24,
        "Operating Income": 14,
        "EBIT": NaN,
        "Net Income": 10
    },
    "2021-03-31": {
        "Diluted EPS": 0.55,
        "Total Revenue": 22,
        "Gross Profit": 21,
        "Operating Income": 12,
        "EBIT": NaN,
        "Net Income": 9
    },
    "2020-12-31": {
        "Diluted EPS": 0.37,
        "Total Revenue": 24,
        "Gross Profit": 22,
        "Operating Income": 8,
        "EBIT": NaN,
        "Net Income": 6
    },
    "2020-09-30": {
        "Diluted EPS": 0.22,
        "Total Revenue": 22,
        "Gross Profit": 19,
        "Operating Income": 5,
        "EBIT": NaN,
        "Net Income": 3
    },
    "2020-06-30": {
        "Diluted EPS": 0.22,
        "Total Revenue": 22,
        "Gross Profit": 18,
        "Operating Income": 5,
        "EBIT": NaN,
        "Net Income": 3
    },
    "2020-03-31": {
        "Diluted EPS": 0.23,
        "Total Revenue": 24,
        "Gross Profit": 19,
        "Operating Income": 5,
        "EBIT": NaN,
        "Net Income": 4
    },
    "2019-12-31": {
        "Diluted EPS": 0.27,
        "Total Revenue": 26,
        "Gross Profit": 20,
        "Operating Income": 6,
        "EBIT": NaN,
        "Net Income": 4
    },
    "2019-09-30": {
        "Diluted EPS": 0.42,
        "Total Revenue": 26,
        "Gross Profit": 20,
        "Operating Income": 10,
        "EBIT": NaN,
        "Net Income": 7
    },
    "2019-06-30": {
        "Diluted EPS": 0.4,
        "Total Revenue": 27,
        "Gross Profit": 21,
        "Operating Income": 9,
        "EBIT": NaN,
        "Net Income": 7
    },
    "2019-03-31": {
        "Diluted EPS": 0.4,
        "Total Revenue": 25,
        "Gross Profit": 20,
        "Operating Income": 9,
        "EBIT": NaN,
        "Net Income": 7
    },
    "2018-12-31": {
        "Diluted EPS": 0.4,
        "Total Revenue": 25,
        "Gross Profit": 20,
        "Operating Income": 10,
        "EBIT": NaN,
        "Net Income": 7
    },
    "2018-09-30": {
        "Diluted EPS": 0.44,
        "Total Revenue": 24,
        "Gross Profit": 19,
        "Operating Income": 9,
        "EBIT": NaN,
        "Net Income": 7
    },
    "2018-06-30": {
        "Diluted EPS": 0.35,
        "Total Revenue": 23,
        "Gross Profit": 18,
        "Operating Income": 7,
        "EBIT": NaN,
        "Net Income": 5
    },
    "2018-03-31": {
        "Diluted EPS": 0.46,
        "Total Revenue": 22,
        "Gross Profit": 19,
        "Operating Income": 9,
        "EBIT": NaN,
        "Net Income": 6
    },
    "2017-12-31": {
        "Diluted EPS": 0.0,
        "Total Revenue": NaN,
        "Gross Profit": NaN,
        "Operating Income": NaN,
        "EBIT": NaN,
        "Net Income": NaN
    },
    "2017-09-30": {
        "Diluted EPS": 0.35,
        "Total Revenue": 21,
        "Gross Profit": 18,
        "Operating Income": 8,
        "EBIT": NaN,
        "Net Income": 5
    },
    "2017-06-30": {
        "Diluted EPS": 0.36,
        "Total Revenue": 19,
        "Gross Profit": 17,
        "Operating Income": 8,
        "EBIT": NaN,
        "Net Income": 5
    },
    "2016-12-31": {
        "Diluted EPS": 0.0,
        "Total Revenue": NaN,
        "Gross Profit": NaN,
        "Operating Income": NaN,
        "EBIT": NaN,
        "Net Income": NaN
    },
    "2023-09-30": {
        "Tax Effect Of Unusual Items": 0.0,
        "Tax Rate For Calcs": 0.297,
        "Net Income From Continuing Operation Net Minority Interest": 7023000.0,
        "Reconciled Depreciation": 1039000.0,
        "Net Interest Income": 22449000.0,
        "Interest Expense": 16403000.0,
        "Interest Income": 38852000.0,
        "Normalized Income": 7023000.0,
        "Net Income From Continuing And Discontinued Operation": 7023000.0,
        "Diluted Average Shares": 14396216.0,
        "Basic Average Shares": 14294802.0,
        "Diluted EPS": 0.49,
        "Basic EPS": 0.49,
        "Diluted NI Availto Com Stockholders": 7002000.0,
        "Net Income Common Stockholders": 7002000.0,
        "Otherunder Preferred Stock Dividend": 21000.0,
        "Preferred Stock Dividends": NaN,
        "Net Income": 7023000.0,
        "Net Income Including Noncontrolling Interests": 7023000.0,
        "Net Income Continuous Operations": 7023000.0,
        "Tax Provision": 2970000.0,
        "Pretax Income": 9993000.0,
        "Selling General And Administration": 9704000.0,
        "Selling And Marketing Expense": 980000.0,
        "General And Administrative Expense": 8724000.0,
        "Other Gand A": NaN,
        "Salaries And Wages": 8724000.0,
        "Total Revenue": 24951000.0,
        "Operating Revenue": 24951000.0,
        "Occupancy And Equipment": 1964000.0,
        "Professional Expense And Contract Services Expense": 685000.0,
        "Other Non Interest Expense": 1854000.0
    },
    "2023-12-31": {
        "Tax Effect Of Unusual Items": 0.0,
        "Tax Rate For Calcs": 0.284746,
        "Net Income From Continuing Operation Net Minority Interest": 5908000.0,
        "Reconciled Depreciation": 1024000.0,
        "Net Interest Income": 21924000.0,
        "Interest Expense": 19027000.0,
        "Interest Income": 40951000.0,
        "Normalized Income": 5908000.0,
        "Net Income From Continuing And Discontinued Operation": 5908000.0,
        "Diluted Average Shares": 14316581.0,
        "Basic Average Shares": 14223831.0,
        "Diluted EPS": 0.41,
        "Basic EPS": 0.41,
        "Diluted NI Availto Com Stockholders": 5891000.0,
        "Net Income Common Stockholders": 5891000.0,
        "Otherunder Preferred Stock Dividend": 17000.0,
        "Preferred Stock Dividends": NaN,
        "Net Income": 5908000.0,
        "Net Income Including Noncontrolling Interests": 5908000.0,
        "Net Income Continuous Operations": 5908000.0,
        "Tax Provision": 2352000.0,
        "Pretax Income": 8260000.0,
        "Selling General And Administration": 9376000.0,
        "Selling And Marketing Expense": 772000.0,
        "General And Administrative Expense": 8604000.0,
        "Other Gand A": NaN,
        "Salaries And Wages": 8604000.0,
        "Total Revenue": 24427000.0,
        "Operating Revenue": 24427000.0,
        "Occupancy And Equipment": 2145000.0,
        "Professional Expense And Contract Services Expense": 898000.0,
        "Other Non Interest Expense": 2050000.0
    },
    "2024-03-31": {
        "Tax Effect Of Unusual Items": 0.0,
        "Tax Rate For Calcs": 0.279,
        "Net Income From Continuing Operation Net Minority Interest": 4685000.0,
        "Reconciled Depreciation": 925000.0,
        "Net Interest Income": 20999000.0,
        "Interest Expense": 22556000.0,
        "Interest Income": 43555000.0,
        "Normalized Income": 4685000.0,
        "Net Income From Continuing And Discontinued Operation": 4685000.0,
        "Diluted Average Shares": 14330204.0,
        "Basic Average Shares": 14235419.0,
        "Diluted EPS": 0.33,
        "Basic EPS": 0.33,
        "Diluted NI Availto Com Stockholders": 4676000.0,
        "Net Income Common Stockholders": 4676000.0,
        "Otherunder Preferred Stock Dividend": 9000.0,
        "Preferred Stock Dividends": NaN,
        "Net Income": 4685000.0,
        "Net Income Including Noncontrolling Interests": 4685000.0,
        "Net Income Continuous Operations": 4685000.0,
        "Tax Provision": 1817000.0,
        "Pretax Income": 6502000.0,
        "Selling General And Administration": 9769000.0,
        "Selling And Marketing Expense": 319000.0,
        "General And Administrative Expense": 9450000.0,
        "Other Gand A": NaN,
        "Salaries And Wages": 9450000.0,
        "Total Revenue": 23944000.0,
        "Operating Revenue": 23944000.0,
        "Occupancy And Equipment": 2358000.0,
        "Professional Expense And Contract Services Expense": 1084000.0,
        "Other Non Interest Expense": 3141000.0
    },
    "2024-06-30": {
        "Tax Effect Of Unusual Items": 0.0,
        "Tax Rate For Calcs": 0.285,
        "Net Income From Continuing Operation Net Minority Interest": 6281000.0,
        "Reconciled Depreciation": 1069000.0,
        "Net Interest Income": 21735000.0,
        "Interest Expense": 23210000.0,
        "Interest Income": 44945000.0,
        "Normalized Income": 6281000.0,
        "Net Income From Continuing And Discontinued Operation": 6281000.0,
        "Diluted Average Shares": 14312949.0,
        "Basic Average Shares": 14237083.0,
        "Diluted EPS": 0.43,
        "Basic EPS": 0.43,
        "Diluted NI Availto Com Stockholders": 6139000.0,
        "Net Income Common Stockholders": 6139000.0,
        "Otherunder Preferred Stock Dividend": NaN,
        "Preferred Stock Dividends": 142000.0,
        "Net Income": 6281000.0,
        "Net Income Including Noncontrolling Interests": 6281000.0,
        "Net Income Continuous Operations": 6281000.0,
        "Tax Provision": 2505000.0,
        "Pretax Income": 8786000.0,
        "Selling General And Administration": 9764000.0,
        "Selling And Marketing Expense": 318000.0,
        "General And Administrative Expense": 9446000.0,
        "Other Gand A": NaN,
        "Salaries And Wages": 9446000.0,
        "Total Revenue": 24220000.0,
        "Operating Revenue": 24220000.0,
        "Occupancy And Equipment": 2300000.0,
        "Professional Expense And Contract Services Expense": 973000.0,
        "Other Non Interest Expense": 2138000.0
    }
}