{
    "2023-03-31": {
        "Tax Effect Of Unusual Items": NaN,
        "Tax Rate For Calcs": NaN,
        "Normalized EBITDA": NaN,
        "Net Income From Continuing Operation Net Minority Interest": NaN,
        "Reconciled Depreciation": NaN,
        "Reconciled Cost Of Revenue": NaN,
        "EBITDA": NaN,
        "EBIT": NaN,
        "Net Interest Income": NaN,
        "Interest Expense": NaN,
        "Interest Income": NaN,
        "Normalized Income": NaN,
        "Net Income From Continuing And Discontinued Operation": NaN,
        "Total Expenses": NaN,
        "Total Operating Income As Reported": NaN,
        "Diluted Average Shares": NaN,
        "Basic Average Shares": NaN,
        "Diluted EPS": NaN,
        "Basic EPS": NaN,
        "Diluted NI Availto Com Stockholders": NaN,
        "Net Income Common Stockholders": NaN,
        "Net Income": NaN,
        "Net Income Including Noncontrolling Interests": NaN,
        "Net Income Continuous Operations": NaN,
        "Tax Provision": NaN,
        "Pretax Income": NaN,
        "Other Income Expense": NaN,
        "Other Non Operating Income Expenses": NaN,
        "Net Non Operating Interest Income Expense": NaN,
        "Interest Expense Non Operating": NaN,
        "Interest Income Non Operating": NaN,
        "Operating Income": NaN,
        "Operating Expense": NaN,
        "Other Operating Expenses": -1632000.0,
        "Research And Development": NaN,
        "Selling General And Administration": NaN,
        "Selling And Marketing Expense": NaN,
        "General And Administrative Expense": NaN,
        "Other Gand A": NaN,
        "Gross Profit": NaN,
        "Cost Of Revenue": NaN,
        "Total Revenue": NaN,
        "Operating Revenue": NaN
    },
    "2022-12-31": {
        "Tax Effect Of Unusual Items": 0.0,
        "Tax Rate For Calcs": 0.003402,
        "Normalized EBITDA": -54342000.0,
        "Net Income From Continuing Operation Net Minority Interest": -71184000.0,
        "Reconciled Depreciation": 16586000.0,
        "Reconciled Cost Of Revenue": 40570000.0,
        "EBITDA": -54342000.0,
        "EBIT": -70928000.0,
        "Net Interest Income": 4467000.0,
        "Interest Expense": 499000.0,
        "Interest Income": 4966000.0,
        "Normalized Income": -71184000.0,
        "Net Income From Continuing And Discontinued Operation": -71184000.0,
        "Total Expenses": 277255000.0,
        "Total Operating Income As Reported": -75202000.0,
        "Diluted Average Shares": 138415280.0,
        "Basic Average Shares": 138415280.0,
        "Diluted EPS": -0.51,
        "Basic EPS": -0.51,
        "Diluted NI Availto Com Stockholders": -71184000.0,
        "Net Income Common Stockholders": -71184000.0,
        "Net Income": -71184000.0,
        "Net Income Including Noncontrolling Interests": -71184000.0,
        "Net Income Continuous Operations": -71184000.0,
        "Tax Provision": -243000.0,
        "Pretax Income": -71427000.0,
        "Other Income Expense": -692000.0,
        "Other Non Operating Income Expenses": -692000.0,
        "Net Non Operating Interest Income Expense": 4467000.0,
        "Interest Expense Non Operating": 499000.0,
        "Interest Income Non Operating": 4966000.0,
        "Operating Income": -75202000.0,
        "Operating Expense": 236685000.0,
        "Other Operating Expenses": NaN,
        "Research And Development": 75413000.0,
        "Selling General And Administration": 161272000.0,
        "Selling And Marketing Expense": 118170000.0,
        "General And Administrative Expense": 43102000.0,
        "Other Gand A": 43102000.0,
        "Gross Profit": 161483000.0,
        "Cost Of Revenue": 40570000.0,
        "Total Revenue": 202053000.0,
        "Operating Revenue": 202053000.0
    },
    "2022-09-30": {
        "Tax Effect Of Unusual Items": 0.0,
        "Tax Rate For Calcs": 0.21,
        "Normalized EBITDA": -54465000.0,
        "Net Income From Continuing Operation Net Minority Interest": -71205000.0,
        "Reconciled Depreciation": 15903000.0,
        "Reconciled Cost Of Revenue": 37779000.0,
        "EBITDA": -54465000.0,
        "EBIT": -70368000.0,
        "Net Interest Income": 1639000.0,
        "Interest Expense": 504000.0,
        "Interest Income": 2143000.0,
        "Normalized Income": -71205000.0,
        "Net Income From Continuing And Discontinued Operation": -71205000.0,
        "Total Expenses": 258242000.0,
        "Total Operating Income As Reported": -71813000.0,
        "Diluted Average Shares": 137180639.0,
        "Basic Average Shares": 137180639.0,
        "Diluted EPS": -0.52,
        "Basic EPS": -0.52,
        "Diluted NI Availto Com Stockholders": -71205000.0,
        "Net Income Common Stockholders": -71205000.0,
        "Net Income": -71205000.0,
        "Net Income Including Noncontrolling Interests": -71205000.0,
        "Net Income Continuous Operations": -71205000.0,
        "Tax Provision": 333000.0,
        "Pretax Income": -70872000.0,
        "Other Income Expense": -698000.0,
        "Other Non Operating Income Expenses": -698000.0,
        "Net Non Operating Interest Income Expense": 1639000.0,
        "Interest Expense Non Operating": 504000.0,
        "Interest Income Non Operating": 2143000.0,
        "Operating Income": -71813000.0,
        "Operating Expense": 220463000.0,
        "Other Operating Expenses": NaN,
        "Research And Development": 71493000.0,
        "Selling General And Administration": 148970000.0,
        "Selling And Marketing Expense": 109608000.0,
        "General And Administrative Expense": 39362000.0,
        "Other Gand A": 39362000.0,
        "Gross Profit": 148650000.0,
        "Cost Of Revenue": 37779000.0,
        "Total Revenue": 186429000.0,
        "Operating Revenue": 186429000.0
    },
    "2022-06-30": {
        "Tax Effect Of Unusual Items": 0.0,
        "Tax Rate For Calcs": 0.4,
        "Normalized EBITDA": -56899000.0,
        "Net Income From Continuing Operation Net Minority Interest": -73123000.0,
        "Reconciled Depreciation": 15403000.0,
        "Reconciled Cost Of Revenue": 36735000.0,
        "EBITDA": -56899000.0,
        "EBIT": -72302000.0,
        "Net Interest Income": 111000.0,
        "Interest Expense": NaN,
        "Interest Income": NaN,
        "Normalized Income": -73123000.0,
        "Net Income From Continuing And Discontinued Operation": -73123000.0,
        "Total Expenses": 244507000.0,
        "Total Operating Income As Reported": -72302000.0,
        "Diluted Average Shares": 135927677.0,
        "Basic Average Shares": 135927677.0,
        "Diluted EPS": -0.54,
        "Basic EPS": -0.54,
        "Diluted NI Availto Com Stockholders": -73123000.0,
        "Net Income Common Stockholders": -73123000.0,
        "Net Income": -73123000.0,
        "Net Income Including Noncontrolling Interests": -73123000.0,
        "Net Income Continuous Operations": -73123000.0,
        "Tax Provision": 42000.0,
        "Pretax Income": -73081000.0,
        "Other Income Expense": -890000.0,
        "Other Non Operating Income Expenses": -890000.0,
        "Net Non Operating Interest Income Expense": 111000.0,
        "Total Other Finance Cost": -111000.0,
        "Interest Expense Non Operating": NaN,
        "Interest Income Non Operating": NaN,
        "Operating Income": -72302000.0,
        "Operating Expense": 207772000.0,
        "Other Operating Expenses": NaN,
        "Research And Development": 63822000.0,
        "Selling General And Administration": 143950000.0,
        "Selling And Marketing Expense": 103283000.0,
        "General And Administrative Expense": 40667000.0,
        "Other Gand A": 40667000.0,
        "Gross Profit": 135470000.0,
        "Cost Of Revenue": 36735000.0,
        "Total Revenue": 172205000.0,
        "Operating Revenue": 172205000.0
    },
    "2023-06-30": {
        "Tax Effect Of Unusual Items": 0.0,
        "Tax Rate For Calcs": 0.21,
        "Normalized EBITDA": -34732000.0,
        "Net Income From Continuing Operation Net Minority Interest": -52881000.0,
        "Reconciled Depreciation": 17336000.0,
        "Reconciled Cost Of Revenue": 42304000.0,
        "EBITDA": -34732000.0,
        "EBIT": -52068000.0,
        "Net Interest Income": 4452000.0,
        "Interest Expense": 491000.0,
        "Interest Income": 4943000.0,
        "Normalized Income": -52881000.0,
        "Net Income From Continuing And Discontinued Operation": -52881000.0,
        "Total Expenses": NaN,
        "Total Operating Income As Reported": -58729000.0,
        "Diluted Average Shares": 141238489.0,
        "Basic Average Shares": 141238489.0,
        "Diluted EPS": -0.37,
        "Basic EPS": -0.37,
        "Diluted NI Availto Com Stockholders": -52881000.0,
        "Net Income Common Stockholders": -52881000.0,
        "Net Income": -52881000.0,
        "Net Income Including Noncontrolling Interests": -52881000.0,
        "Net Income Continuous Operations": -52881000.0,
        "Tax Provision": 322000.0,
        "Pretax Income": -52559000.0,
        "Other Income Expense": NaN,
        "Other Non Operating Income Expenses": NaN,
        "Net Non Operating Interest Income Expense": 4452000.0,
        "Interest Expense Non Operating": 491000.0,
        "Interest Income Non Operating": 4943000.0,
        "Operating Income": NaN,
        "Operating Expense": NaN,
        "Other Operating Expenses": -2031000.0,
        "Research And Development": 73216000.0,
        "Selling General And Administration": 171745000.0,
        "Selling And Marketing Expense": 125362000.0,
        "General And Administrative Expense": 46383000.0,
        "Other Gand A": 46383000.0,
        "Gross Profit": 186232000.0,
        "Cost Of Revenue": 42304000.0,
        "Total Revenue": 228536000.0,
        "Operating Revenue": 228536000.0
    },
    "2022-03-31": {
        "Diluted EPS": -0.53,
        "Total Revenue": 160,
        "Gross Profit": 126,
        "Operating Income": -71,
        "EBIT": -56,
        "Net Income": -71
    },
    "2021-12-31": {
        "Diluted EPS": 0.01,
        "Total Revenue": 146,
        "Gross Profit": 116,
        "Operating Income": -74,
        "EBIT": -61,
        "Net Income": -51
    },
    "2021-09-30": {
        "Diluted EPS": -0.39,
        "Total Revenue": 132,
        "Gross Profit": 109,
        "Operating Income": -50,
        "EBIT": -41,
        "Net Income": -51
    },
    "2021-06-30": {
        "Diluted EPS": -2.04,
        "Total Revenue": 123,
        "Gross Profit": 97,
        "Operating Income": -149,
        "EBIT": -141,
        "Net Income": -150
    },
    "2021-03-31": {
        "Diluted EPS": -0.44,
        "Total Revenue": 114,
        "Gross Profit": 94,
        "Operating Income": -13,
        "EBIT": -6,
        "Net Income": -14
    },
    "2020-12-31": {
        "Diluted EPS": -1.65,
        "Total Revenue": 110,
        "Gross Profit": 90,
        "Operating Income": -22,
        "EBIT": -14,
        "Net Income": -47
    },
    "2020-09-30": {
        "Diluted EPS": -0.58,
        "Total Revenue": 102,
        "Gross Profit": 84,
        "Operating Income": -16,
        "EBIT": -10,
        "Net Income": -17
    },
    "2020-06-30": {
        "Diluted EPS": -0.5,
        "Total Revenue": 97,
        "Gross Profit": 79,
        "Operating Income": -3,
        "EBIT": 3,
        "Net Income": -14
    },
    "2020-03-31": {
        "Diluted EPS": -0.72,
        "Total Revenue": 92,
        "Gross Profit": 75,
        "Operating Income": -17,
        "EBIT": -11,
        "Net Income": -19
    },
    "2019-12-31": {
        "Diluted EPS": 0.0,
        "Total Revenue": NaN,
        "Gross Profit": NaN,
        "Operating Income": NaN,
        "EBIT": NaN,
        "Net Income": NaN
    },
    "2018-12-31": {
        "Diluted EPS": 0.0,
        "Total Revenue": NaN,
        "Gross Profit": NaN,
        "Operating Income": NaN,
        "EBIT": NaN,
        "Net Income": NaN
    },
    "2023-09-30": {
        "Tax Effect Of Unusual Items": 0.0,
        "Tax Rate For Calcs": 0.21,
        "Normalized EBITDA": -25431000.0,
        "Net Income From Continuing Operation Net Minority Interest": -43847000.0,
        "Reconciled Depreciation": 17733000.0,
        "Reconciled Cost Of Revenue": 44125000.0,
        "EBITDA": -25431000.0,
        "EBIT": -43164000.0,
        "Net Interest Income": 4231000.0,
        "Interest Expense": 490000.0,
        "Interest Income": 4721000.0,
        "Normalized Income": -43847000.0,
        "Net Income From Continuing And Discontinued Operation": -43847000.0,
        "Total Expenses": 298258000.0,
        "Total Operating Income As Reported": -50351000.0,
        "Diluted Average Shares": 142828406.0,
        "Basic Average Shares": 142828406.0,
        "Diluted EPS": -0.31,
        "Basic EPS": -0.31,
        "Diluted NI Availto Com Stockholders": -43847000.0,
        "Net Income Common Stockholders": -43847000.0,
        "Net Income": -43847000.0,
        "Net Income Including Noncontrolling Interests": -43847000.0,
        "Net Income Continuous Operations": -43847000.0,
        "Tax Provision": 193000.0,
        "Pretax Income": -43654000.0,
        "Other Income Expense": 2466000.0,
        "Other Non Operating Income Expenses": 2466000.0,
        "Net Non Operating Interest Income Expense": 4231000.0,
        "Interest Expense Non Operating": 490000.0,
        "Interest Income Non Operating": 4721000.0,
        "Operating Income": -50351000.0,
        "Operating Expense": 254133000.0,
        "Other Operating Expenses": NaN,
        "Research And Development": 72708000.0,
        "Selling General And Administration": 181425000.0,
        "Selling And Marketing Expense": 129672000.0,
        "General And Administrative Expense": 51753000.0,
        "Other Gand A": 51753000.0,
        "Gross Profit": 203782000.0,
        "Cost Of Revenue": 44125000.0,
        "Total Revenue": 247907000.0,
        "Operating Revenue": 247907000.0
    },
    "2023-12-31": {
        "Tax Effect Of Unusual Items": 0.0,
        "Tax Rate For Calcs": 0.21,
        "Normalized EBITDA": -8649000.0,
        "Net Income From Continuing Operation Net Minority Interest": -29519000.0,
        "Reconciled Depreciation": 19690000.0,
        "Reconciled Cost Of Revenue": 47831000.0,
        "EBITDA": -8649000.0,
        "EBIT": -28339000.0,
        "Net Interest Income": 4687000.0,
        "Interest Expense": 480000.0,
        "Interest Income": 5167000.0,
        "Normalized Income": -29519000.0,
        "Net Income From Continuing And Discontinued Operation": -29519000.0,
        "Total Expenses": 297375000.0,
        "Total Operating Income As Reported": -37334000.0,
        "Diluted Average Shares": 144074303.0,
        "Basic Average Shares": 144074303.0,
        "Diluted EPS": -0.2,
        "Basic EPS": -0.2,
        "Diluted NI Availto Com Stockholders": -29519000.0,
        "Net Income Common Stockholders": -29519000.0,
        "Net Income": -29519000.0,
        "Net Income Including Noncontrolling Interests": -29519000.0,
        "Net Income Continuous Operations": -29519000.0,
        "Tax Provision": 700000.0,
        "Pretax Income": -28819000.0,
        "Other Income Expense": 3828000.0,
        "Other Non Operating Income Expenses": 3828000.0,
        "Net Non Operating Interest Income Expense": 4687000.0,
        "Interest Expense Non Operating": 480000.0,
        "Interest Income Non Operating": 5167000.0,
        "Operating Income": -37334000.0,
        "Operating Expense": 249544000.0,
        "Other Operating Expenses": NaN,
        "Research And Development": 74611000.0,
        "Selling General And Administration": 174933000.0,
        "Selling And Marketing Expense": 122511000.0,
        "General And Administrative Expense": 52422000.0,
        "Other Gand A": 52422000.0,
        "Gross Profit": 212210000.0,
        "Cost Of Revenue": 47831000.0,
        "Total Revenue": 260041000.0,
        "Operating Revenue": 260041000.0
    },
    "2024-03-31": {
        "Tax Effect Of Unusual Items": 0.0,
        "Tax Rate For Calcs": 0.4,
        "Normalized EBITDA": 9827000.0,
        "Net Income From Continuing Operation Net Minority Interest": -10966000.0,
        "Reconciled Depreciation": 20051000.0,
        "Reconciled Cost Of Revenue": 45723000.0,
        "EBITDA": 9827000.0,
        "EBIT": -10224000.0,
        "Net Interest Income": 5459000.0,
        "Interest Expense": 479000.0,
        "Interest Income": 5938000.0,
        "Normalized Income": -10966000.0,
        "Net Income From Continuing And Discontinued Operation": -10966000.0,
        "Total Expenses": 288334000.0,
        "Total Operating Income As Reported": -18906000.0,
        "Diluted Average Shares": 145476006.0,
        "Basic Average Shares": 145476006.0,
        "Diluted EPS": -0.08,
        "Basic EPS": -0.08,
        "Diluted NI Availto Com Stockholders": -10966000.0,
        "Net Income Common Stockholders": -10966000.0,
        "Net Income": -10966000.0,
        "Net Income Including Noncontrolling Interests": -10966000.0,
        "Net Income Continuous Operations": -10966000.0,
        "Tax Provision": 263000.0,
        "Pretax Income": -10703000.0,
        "Other Income Expense": 2744000.0,
        "Other Non Operating Income Expenses": 2744000.0,
        "Net Non Operating Interest Income Expense": 5459000.0,
        "Interest Expense Non Operating": 479000.0,
        "Interest Income Non Operating": 5938000.0,
        "Operating Income": -18906000.0,
        "Operating Expense": 242611000.0,
        "Other Operating Expenses": NaN,
        "Research And Development": 70599000.0,
        "Selling General And Administration": 172012000.0,
        "Selling And Marketing Expense": 120994000.0,
        "General And Administrative Expense": 51018000.0,
        "Other Gand A": 51018000.0,
        "Gross Profit": 223705000.0,
        "Cost Of Revenue": 45723000.0,
        "Total Revenue": 269428000.0,
        "Operating Revenue": 269428000.0
    },
    "2024-06-30": {
        "Tax Effect Of Unusual Items": NaN,
        "Tax Rate For Calcs": NaN,
        "Normalized EBITDA": NaN,
        "Net Income From Continuing Operation Net Minority Interest": NaN,
        "Reconciled Depreciation": NaN,
        "Reconciled Cost Of Revenue": NaN,
        "EBITDA": NaN,
        "EBIT": NaN,
        "Net Interest Income": NaN,
        "Interest Expense": NaN,
        "Interest Income": NaN,
        "Normalized Income": NaN,
        "Net Income From Continuing And Discontinued Operation": NaN,
        "Total Expenses": 299123000.0,
        "Total Operating Income As Reported": NaN,
        "Diluted Average Shares": NaN,
        "Basic Average Shares": NaN,
        "Diluted EPS": NaN,
        "Basic EPS": NaN,
        "Diluted NI Availto Com Stockholders": NaN,
        "Net Income Common Stockholders": NaN,
        "Net Income": NaN,
        "Net Income Including Noncontrolling Interests": NaN,
        "Net Income Continuous Operations": NaN,
        "Tax Provision": NaN,
        "Pretax Income": NaN,
        "Other Income Expense": 3613000.0,
        "Other Non Operating Income Expenses": 3613000.0,
        "Net Non Operating Interest Income Expense": NaN,
        "Interest Expense Non Operating": NaN,
        "Interest Income Non Operating": NaN,
        "Operating Income": -14776000.0,
        "Operating Expense": 251022000.0,
        "Other Operating Expenses": NaN,
        "Research And Development": NaN,
        "Selling General And Administration": NaN,
        "Selling And Marketing Expense": NaN,
        "General And Administrative Expense": NaN,
        "Other Gand A": NaN,
        "Gross Profit": NaN,
        "Cost Of Revenue": NaN,
        "Total Revenue": NaN,
        "Operating Revenue": NaN
    },
    "2024-09-30": {
        "Tax Effect Of Unusual Items": 0.0,
        "Tax Rate For Calcs": 0.013201,
        "Normalized EBITDA": -2020000.0,
        "Net Income From Continuing Operation Net Minority Interest": -26388000.0,
        "Reconciled Depreciation": 24233000.0,
        "Reconciled Cost Of Revenue": 54954000.0,
        "EBITDA": -2020000.0,
        "EBIT": -26253000.0,
        "Net Interest Income": 5474000.0,
        "Interest Expense": 488000.0,
        "Interest Income": 5962000.0,
        "Normalized Income": -26388000.0,
        "Net Income From Continuing And Discontinued Operation": -26388000.0,
        "Total Expenses": 332382000.0,
        "Total Operating Income As Reported": -36497000.0,
        "Diluted Average Shares": 148134585.0,
        "Basic Average Shares": 148134585.0,
        "Diluted EPS": -0.18,
        "Basic EPS": -0.18,
        "Diluted NI Availto Com Stockholders": -26388000.0,
        "Net Income Common Stockholders": -26388000.0,
        "Net Income": -26388000.0,
        "Net Income Including Noncontrolling Interests": -26388000.0,
        "Net Income Continuous Operations": -26388000.0,
        "Tax Provision": -353000.0,
        "Pretax Income": -26741000.0,
        "Other Income Expense": 4282000.0,
        "Other Non Operating Income Expenses": 4282000.0,
        "Net Non Operating Interest Income Expense": 5474000.0,
        "Interest Expense Non Operating": 488000.0,
        "Interest Income Non Operating": 5962000.0,
        "Operating Income": -36497000.0,
        "Operating Expense": 277428000.0,
        "Other Operating Expenses": NaN,
        "Research And Development": 80791000.0,
        "Selling General And Administration": 196637000.0,
        "Selling And Marketing Expense": 141370000.0,
        "General And Administrative Expense": 55267000.0,
        "Other Gand A": 55267000.0,
        "Gross Profit": 240931000.0,
        "Cost Of Revenue": 54954000.0,
        "Total Revenue": 295885000.0,
        "Operating Revenue": 295885000.0
    }
}