{
    "2023-03-31": {
        "Tax Effect Of Unusual Items": 30542034.906888,
        "Tax Rate For Calcs": 0.214174,
        "Normalized EBITDA": 606290000.0,
        "Total Unusual Items": 142604000.0,
        "Total Unusual Items Excluding Goodwill": 142604000.0,
        "Net Income From Continuing Operation Net Minority Interest": 414132000.0,
        "Reconciled Depreciation": 207187000.0,
        "Reconciled Cost Of Revenue": 295439000.0,
        "EBIT": 541707000.0,
        "Net Interest Income": -14705000.0,
        "Interest Expense": 14705000.0,
        "Normalized Income": 302070034.906888,
        "Net Income From Continuing And Discontinued Operation": 414132000.0,
        "Total Expenses": 414181000.0,
        "Rent Expense Supplemental": 73259000.0,
        "Total Operating Income As Reported": 541707000.0,
        "Diluted Average Shares": 89228000.0,
        "Basic Average Shares": 88357000.0,
        "Diluted EPS": 4.64,
        "Basic EPS": 4.69,
        "Diluted NI Availto Com Stockholders": 414132000.0,
        "Net Income Common Stockholders": 414132000.0,
        "Net Income": 414132000.0,
        "Net Income Including Noncontrolling Interests": 414132000.0,
        "Net Income Continuous Operations": 414132000.0,
        "Tax Provision": 112870000.0,
        "Pretax Income": 527002000.0,
        "Other Income Expense": 142604000.0,
        "Special Income Charges": -1528000.0,
        "Gain On Sale Of Ppe": -155000.0,
        "Impairment Of Capital Assets": 1373000.0,
        "Restructuring And Mergern Acquisition": NaN,
        "Gain On Sale Of Security": 144132000.0,
        "Net Non Operating Interest Income Expense": -14705000.0,
        "Interest Expense Non Operating": 14705000.0,
        "Operating Income": 399103000.0,
        "Operating Expense": 118742000.0,
        "Other Operating Expenses": 3996000.0,
        "Selling General And Administration": 114746000.0,
        "General And Administrative Expense": 114746000.0,
        "Other Gand A": 41487000.0,
        "Rent And Landing Fees": 73259000.0,
        "Gross Profit": 517845000.0,
        "Cost Of Revenue": 295439000.0,
        "Total Revenue": 813284000.0,
        "Operating Revenue": 813284000.0
    },
    "2022-12-31": {
        "Tax Effect Of Unusual Items": -23842123.093156,
        "Tax Rate For Calcs": 0.214846,
        "Normalized EBITDA": 773940000.0,
        "Total Unusual Items": -110973000.0,
        "Total Unusual Items Excluding Goodwill": -110973000.0,
        "Net Income From Continuing Operation Net Minority Interest": 349735000.0,
        "Reconciled Depreciation": 201937000.0,
        "Reconciled Cost Of Revenue": 298101000.0,
        "EBIT": 461030000.0,
        "Net Interest Income": -15595000.0,
        "Interest Expense": 15595000.0,
        "Normalized Income": 436865876.906844,
        "Net Income From Continuing And Discontinued Operation": 349735000.0,
        "Total Expenses": 404000000.0,
        "Rent Expense Supplemental": 69064000.0,
        "Total Operating Income As Reported": 466625000.0,
        "Diluted Average Shares": 92335000.0,
        "Basic Average Shares": 91031000.0,
        "Diluted EPS": 3.79,
        "Basic EPS": 3.84,
        "Diluted NI Availto Com Stockholders": 349735000.0,
        "Net Income Common Stockholders": 349735000.0,
        "Net Income": 349735000.0,
        "Net Income Including Noncontrolling Interests": 349735000.0,
        "Net Income Continuous Operations": 349735000.0,
        "Tax Provision": 95700000.0,
        "Pretax Income": 445435000.0,
        "Other Income Expense": -110973000.0,
        "Special Income Charges": -10645000.0,
        "Gain On Sale Of Ppe": 75000.0,
        "Impairment Of Capital Assets": 5125000.0,
        "Restructuring And Mergern Acquisition": 5595000.0,
        "Gain On Sale Of Security": -100328000.0,
        "Net Non Operating Interest Income Expense": -15595000.0,
        "Interest Expense Non Operating": 15595000.0,
        "Operating Income": 572003000.0,
        "Operating Expense": 105899000.0,
        "Other Operating Expenses": 418000.0,
        "Selling General And Administration": 105481000.0,
        "General And Administrative Expense": 105481000.0,
        "Other Gand A": 36417000.0,
        "Rent And Landing Fees": 69064000.0,
        "Gross Profit": 677902000.0,
        "Cost Of Revenue": 298101000.0,
        "Total Revenue": 976003000.0,
        "Operating Revenue": 976003000.0
    },
    "2022-09-30": {
        "Tax Effect Of Unusual Items": 67050660.0,
        "Tax Rate For Calcs": 0.222,
        "Normalized EBITDA": 949486000.0,
        "Total Unusual Items": 302030000.0,
        "Total Unusual Items Excluding Goodwill": 302030000.0,
        "Net Income From Continuing Operation Net Minority Interest": 797965000.0,
        "Reconciled Depreciation": 205604000.0,
        "Reconciled Cost Of Revenue": 336073000.0,
        "EBIT": 1045912000.0,
        "Net Interest Income": -18629000.0,
        "Interest Expense": 18629000.0,
        "Normalized Income": 562985660.0,
        "Net Income From Continuing And Discontinued Operation": 797965000.0,
        "Total Expenses": 456737000.0,
        "Rent Expense Supplemental": 69155000.0,
        "Total Operating Income As Reported": 1050533000.0,
        "Diluted Average Shares": 96122000.0,
        "Basic Average Shares": 94950000.0,
        "Diluted EPS": 8.3,
        "Basic EPS": 8.4,
        "Diluted NI Availto Com Stockholders": 797965000.0,
        "Net Income Common Stockholders": 797965000.0,
        "Net Income": 797965000.0,
        "Net Income Including Noncontrolling Interests": 797965000.0,
        "Net Income Continuous Operations": 797965000.0,
        "Tax Provision": 229318000.0,
        "Pretax Income": 1027283000.0,
        "Other Income Expense": 302030000.0,
        "Special Income Charges": -4719000.0,
        "Gain On Sale Of Ppe": 86000.0,
        "Impairment Of Capital Assets": 184000.0,
        "Restructuring And Mergern Acquisition": 4621000.0,
        "Gain On Sale Of Security": 306749000.0,
        "Net Non Operating Interest Income Expense": -18629000.0,
        "Interest Expense Non Operating": 18629000.0,
        "Operating Income": 743882000.0,
        "Operating Expense": 120664000.0,
        "Other Operating Expenses": 11406000.0,
        "Selling General And Administration": 109258000.0,
        "General And Administrative Expense": 109258000.0,
        "Other Gand A": 40103000.0,
        "Rent And Landing Fees": 69155000.0,
        "Gross Profit": 864546000.0,
        "Cost Of Revenue": 336073000.0,
        "Total Revenue": 1200619000.0,
        "Operating Revenue": 1200619000.0
    },
    "2022-06-30": {
        "Tax Effect Of Unusual Items": -501535.0,
        "Tax Rate For Calcs": 0.185,
        "Normalized EBITDA": 1001700000.0,
        "Total Unusual Items": -2711000.0,
        "Total Unusual Items Excluding Goodwill": -2711000.0,
        "Net Income From Continuing Operation Net Minority Interest": 662381000.0,
        "Reconciled Depreciation": 191061000.0,
        "Reconciled Cost Of Revenue": 309896000.0,
        "EBIT": 807928000.0,
        "Net Interest Income": -17565000.0,
        "Interest Expense": 17565000.0,
        "Normalized Income": 664590465.0,
        "Net Income From Continuing And Discontinued Operation": 662381000.0,
        "Total Expenses": 427041000.0,
        "Rent Expense Supplemental": 70611000.0,
        "Total Operating Income As Reported": 707655000.0,
        "Diluted Average Shares": 98246000.0,
        "Basic Average Shares": 96982000.0,
        "Diluted EPS": 6.74,
        "Basic EPS": 6.83,
        "Diluted NI Availto Com Stockholders": 662381000.0,
        "Net Income Common Stockholders": 662381000.0,
        "Net Income": 662381000.0,
        "Net Income Including Noncontrolling Interests": 662381000.0,
        "Net Income Continuous Operations": 662381000.0,
        "Tax Provision": 127982000.0,
        "Pretax Income": 790363000.0,
        "Other Income Expense": -2711000.0,
        "Special Income Charges": 99265000.0,
        "Gain On Sale Of Ppe": -498000.0,
        "Impairment Of Capital Assets": 510000.0,
        "Restructuring And Mergern Acquisition": -100273000.0,
        "Gain On Sale Of Security": -101976000.0,
        "Net Non Operating Interest Income Expense": -17565000.0,
        "Interest Expense Non Operating": 17565000.0,
        "Operating Income": 810639000.0,
        "Operating Expense": 117145000.0,
        "Other Operating Expenses": 885000.0,
        "Selling General And Administration": 116260000.0,
        "General And Administrative Expense": 116260000.0,
        "Other Gand A": 45649000.0,
        "Rent And Landing Fees": 70611000.0,
        "Gross Profit": 927784000.0,
        "Cost Of Revenue": 309896000.0,
        "Total Revenue": 1237680000.0,
        "Operating Revenue": 1237680000.0
    },
    "2023-06-30": {
        "Diluted EPS": 3.28,
        "Total Revenue": 872,
        "Gross Profit": 823,
        "Operating Income": 408,
        "EBIT": 666,
        "Net Income": 289
    },
    "2022-03-31": {
        "Diluted EPS": -0.33,
        "Total Revenue": 316,
        "Gross Profit": 316,
        "Operating Income": -18,
        "EBIT": 138,
        "Net Income": -32
    },
    "2021-12-31": {
        "Diluted EPS": 4.74,
        "Total Revenue": 855,
        "Gross Profit": 855,
        "Operating Income": 523,
        "EBIT": 685,
        "Net Income": 473
    },
    "2021-09-30": {
        "Diluted EPS": 1.45,
        "Total Revenue": 486,
        "Gross Profit": 486,
        "Operating Income": 166,
        "EBIT": 342,
        "Net Income": 145
    },
    "2021-06-30": {
        "Diluted EPS": -0.88,
        "Total Revenue": 229,
        "Gross Profit": 229,
        "Operating Income": -67,
        "EBIT": 102,
        "Net Income": -87
    },
    "2021-03-31": {
        "Diluted EPS": -0.09,
        "Total Revenue": 286,
        "Gross Profit": 286,
        "Operating Income": 10,
        "EBIT": 164,
        "Net Income": -9
    },
    "2020-12-31": {
        "Diluted EPS": 0.11,
        "Total Revenue": 279,
        "Gross Profit": 279,
        "Operating Income": 11,
        "EBIT": 167,
        "Net Income": -7
    },
    "2020-09-30": {
        "Diluted EPS": -0.31,
        "Total Revenue": 249,
        "Gross Profit": 249,
        "Operating Income": -10,
        "EBIT": 141,
        "Net Income": -31
    },
    "2020-06-30": {
        "Diluted EPS": -2.23,
        "Total Revenue": 54,
        "Gross Profit": 47,
        "Operating Income": -196,
        "EBIT": -39,
        "Net Income": -222
    },
    "2020-03-31": {
        "Diluted EPS": -4.94,
        "Total Revenue": 757,
        "Gross Profit": 757,
        "Operating Income": -449,
        "EBIT": -266,
        "Net Income": -465
    },
    "2019-12-31": {
        "Diluted EPS": -0.36,
        "Total Revenue": 265,
        "Gross Profit": 265,
        "Operating Income": -3,
        "EBIT": 155,
        "Net Income": -21
    },
    "2019-09-30": {
        "Diluted EPS": 0.25,
        "Total Revenue": 366,
        "Gross Profit": 366,
        "Operating Income": 44,
        "EBIT": 221,
        "Net Income": 16
    },
    "2019-06-30": {
        "Diluted EPS": 1.04,
        "Total Revenue": 391,
        "Gross Profit": 391,
        "Operating Income": 110,
        "EBIT": 284,
        "Net Income": 69
    },
    "2019-03-31": {
        "Diluted EPS": -1.82,
        "Total Revenue": 135,
        "Gross Profit": 112,
        "Operating Income": -141,
        "EBIT": 16,
        "Net Income": -120
    },
    "2018-12-31": {
        "Diluted EPS": 2.71,
        "Total Revenue": 795,
        "Gross Profit": 795,
        "Operating Income": 256,
        "EBIT": 411,
        "Net Income": 179
    },
    "2018-09-30": {
        "Diluted EPS": -0.05,
        "Total Revenue": 281,
        "Gross Profit": 257,
        "Operating Income": 10,
        "EBIT": 162,
        "Net Income": -3
    },
    "2018-06-30": {
        "Diluted EPS": -2.43,
        "Total Revenue": 213,
        "Gross Profit": 190,
        "Operating Income": -188,
        "EBIT": -48,
        "Net Income": -160
    },
    "2018-03-31": {
        "Diluted EPS": -0.2,
        "Total Revenue": 261,
        "Gross Profit": 240,
        "Operating Income": 0,
        "EBIT": 131,
        "Net Income": -13
    },
    "2017-12-31": {
        "Diluted EPS": 1.18,
        "Total Revenue": 190,
        "Gross Profit": 172,
        "Operating Income": -19,
        "EBIT": 20,
        "Net Income": 78
    },
    "2017-09-30": {
        "Diluted EPS": -4.44,
        "Total Revenue": 183,
        "Gross Profit": 168,
        "Operating Income": -396,
        "EBIT": -191,
        "Net Income": -293
    },
    "2017-06-30": {
        "Diluted EPS": 0.62,
        "Total Revenue": 275,
        "Gross Profit": 260,
        "Operating Income": 85,
        "EBIT": 216,
        "Net Income": 41
    },
    "2017-03-31": {
        "Diluted EPS": 0.7,
        "Total Revenue": 274,
        "Gross Profit": 261,
        "Operating Income": 92,
        "EBIT": 206,
        "Net Income": 46
    },
    "2016-12-31": {
        "Diluted EPS": -0.77,
        "Total Revenue": 108,
        "Gross Profit": 96,
        "Operating Income": -71,
        "EBIT": 34,
        "Net Income": -56
    },
    "2016-09-30": {
        "Diluted EPS": -0.48,
        "Total Revenue": 164,
        "Gross Profit": 154,
        "Operating Income": -15,
        "EBIT": 109,
        "Net Income": -23
    },
    "2016-06-30": {
        "Diluted EPS": -2.04,
        "Total Revenue": 20,
        "Gross Profit": 14,
        "Operating Income": -143,
        "EBIT": -33,
        "Net Income": -95
    },
    "2016-03-31": {
        "Diluted EPS": -1.72,
        "Total Revenue": 91,
        "Gross Profit": 87,
        "Operating Income": -103,
        "EBIT": -2,
        "Net Income": -72
    },
    "2015-12-31": {
        "Diluted EPS": 0.01,
        "Total Revenue": 169,
        "Gross Profit": 172,
        "Operating Income": 16,
        "EBIT": 116,
        "Net Income": 3
    },
    "2015-09-30": {
        "Diluted EPS": -1.04,
        "Total Revenue": 231,
        "Gross Profit": 223,
        "Operating Income": -52,
        "EBIT": 32,
        "Net Income": -41
    },
    "2015-06-30": {
        "Diluted EPS": -1.17,
        "Total Revenue": 51,
        "Gross Profit": 44,
        "Operating Income": -67,
        "EBIT": 7,
        "Net Income": -47
    },
    "2015-03-31": {
        "Diluted EPS": 0.46,
        "Total Revenue": 145,
        "Gross Profit": 137,
        "Operating Income": 38,
        "EBIT": 98,
        "Net Income": 17
    },
    "2014-12-31": {
        "Diluted EPS": 3.62,
        "Total Revenue": 408,
        "Gross Profit": 437,
        "Operating Income": 149,
        "EBIT": 202,
        "Net Income": 132
    },
    "2014-09-30": {
        "Diluted EPS": 1.47,
        "Total Revenue": 225,
        "Gross Profit": 188,
        "Operating Income": 101,
        "EBIT": 155,
        "Net Income": 54
    },
    "2014-06-30": {
        "Diluted EPS": -0.79,
        "Total Revenue": 101,
        "Gross Profit": 55,
        "Operating Income": -36,
        "EBIT": 20,
        "Net Income": -28
    },
    "2014-03-31": {
        "Diluted EPS": -0.06,
        "Total Revenue": 123,
        "Gross Profit": 78,
        "Operating Income": 10,
        "EBIT": 59,
        "Net Income": -2
    },
    "2013-12-31": {
        "Diluted EPS": 0.45,
        "Total Revenue": 128,
        "Gross Profit": 134,
        "Operating Income": 39,
        "EBIT": 82,
        "Net Income": 13
    },
    "2013-09-30": {
        "Diluted EPS": -0.48,
        "Total Revenue": 72,
        "Gross Profit": 38,
        "Operating Income": -12,
        "EBIT": 22,
        "Net Income": -16
    },
    "2013-06-30": {
        "Diluted EPS": 0.64,
        "Total Revenue": 121,
        "Gross Profit": 87,
        "Operating Income": 39,
        "EBIT": 70,
        "Net Income": 20
    },
    "2013-03-31": {
        "Diluted EPS": -1.3,
        "Total Revenue": 72,
        "Gross Profit": 42,
        "Operating Income": -50,
        "EBIT": -17,
        "Net Income": -39
    },
    "2012-12-31": {
        "Diluted EPS": -4.76,
        "Total Revenue": 84,
        "Gross Profit": 61,
        "Operating Income": 11,
        "EBIT": 55,
        "Net Income": -126
    },
    "2012-09-30": {
        "Diluted EPS": -1.08,
        "Total Revenue": 33,
        "Gross Profit": 6,
        "Operating Income": -32,
        "EBIT": 3,
        "Net Income": -33
    },
    "2012-06-30": {
        "Diluted EPS": 0.46,
        "Total Revenue": 100,
        "Gross Profit": 79,
        "Operating Income": 39,
        "EBIT": 77,
        "Net Income": 12
    },
    "2012-03-31": {
        "Diluted EPS": 0.66,
        "Total Revenue": 91,
        "Gross Profit": 67,
        "Operating Income": 21,
        "EBIT": 64,
        "Net Income": 16
    },
    "2011-12-31": {
        "Diluted EPS": -0.35,
        "Total Revenue": 99,
        "Gross Profit": 65,
        "Operating Income": -11,
        "EBIT": 26,
        "Net Income": -8
    },
    "2011-09-30": {
        "Diluted EPS": 1.37,
        "Total Revenue": 138,
        "Gross Profit": 107,
        "Operating Income": 60,
        "EBIT": 97,
        "Net Income": 33
    },
    "2011-06-30": {
        "Diluted EPS": 0.39,
        "Total Revenue": 107,
        "Gross Profit": 72,
        "Operating Income": 20,
        "EBIT": 54,
        "Net Income": 9
    },
    "2011-03-31": {
        "Diluted EPS": -0.85,
        "Total Revenue": 52,
        "Gross Profit": 19,
        "Operating Income": -28,
        "EBIT": 6,
        "Net Income": -20
    },
    "2010-12-31": {
        "Diluted EPS": -0.94,
        "Total Revenue": 54,
        "Gross Profit": 23,
        "Operating Income": -21,
        "EBIT": 9,
        "Net Income": -18
    },
    "2010-09-30": {
        "Diluted EPS": 0.17,
        "Total Revenue": 87,
        "Gross Profit": 52,
        "Operating Income": 10,
        "EBIT": 41,
        "Net Income": 3
    },
    "2010-06-30": {
        "Diluted EPS": -0.15,
        "Total Revenue": 76,
        "Gross Profit": 48,
        "Operating Income": 7,
        "EBIT": 34,
        "Net Income": -3
    },
    "2010-03-31": {
        "Diluted EPS": 1.23,
        "Total Revenue": 126,
        "Gross Profit": 89,
        "Operating Income": 44,
        "EBIT": 73,
        "Net Income": 24
    },
    "2009-12-31": {
        "Diluted EPS": -0.84,
        "Total Revenue": 74,
        "Gross Profit": 39,
        "Operating Income": -14,
        "EBIT": 23,
        "Net Income": -16
    },
    "2009-09-30": {
        "Diluted EPS": -1.44,
        "Total Revenue": 42,
        "Gross Profit": 32,
        "Operating Income": -31,
        "EBIT": 2,
        "Net Income": -24
    },
    "2009-06-30": {
        "Diluted EPS": -2.24,
        "Total Revenue": 31,
        "Gross Profit": 20,
        "Operating Income": -45,
        "EBIT": -11,
        "Net Income": -33
    },
    "2009-03-31": {
        "Diluted EPS": -0.38,
        "Total Revenue": 89,
        "Gross Profit": 67,
        "Operating Income": -2,
        "EBIT": 33,
        "Net Income": -6
    }
}