{
    "2023-04-30": {
        "Tax Effect Of Unusual Items": 1160501.307302,
        "Tax Rate For Calcs": 0.24447,
        "Normalized EBITDA": 126516000.0,
        "Total Unusual Items": 4747000.0,
        "Total Unusual Items Excluding Goodwill": 4747000.0,
        "Net Income From Continuing Operation Net Minority Interest": 74965000.0,
        "Reconciled Depreciation": 21406000.0,
        "Reconciled Cost Of Revenue": 1331391000.0,
        "EBITDA": 131263000.0,
        "EBIT": 109857000.0,
        "Net Interest Income": -10798000.0,
        "Interest Expense": 10798000.0,
        "Normalized Income": 71378501.307302,
        "Net Income From Continuing And Discontinued Operation": 74965000.0,
        "Total Expenses": 1616042000.0,
        "Total Operating Income As Reported": 105110000.0,
        "Diluted NI Availto Com Stockholders": 74965000.0,
        "Net Income Common Stockholders": 74965000.0,
        "Net Income": 74965000.0,
        "Minority Interests": 123000.0,
        "Net Income Including Noncontrolling Interests": 74842000.0,
        "Net Income Continuous Operations": 74842000.0,
        "Tax Provision": 24217000.0,
        "Pretax Income": 99059000.0,
        "Other Income Expense": 4747000.0,
        "Gain On Sale Of Security": 4747000.0,
        "Net Non Operating Interest Income Expense": -10798000.0,
        "Interest Expense Non Operating": 10798000.0,
        "Operating Income": 105110000.0,
        "Operating Expense": 284651000.0,
        "Gross Profit": 389761000.0,
        "Cost Of Revenue": 1331391000.0,
        "Total Revenue": 1721152000.0,
        "Operating Revenue": 1721152000.0
    },
    "2023-01-31": {
        "Tax Effect Of Unusual Items": 690408.0,
        "Tax Rate For Calcs": 0.223,
        "Normalized EBITDA": 97130000.0,
        "Total Unusual Items": 3096000.0,
        "Total Unusual Items Excluding Goodwill": 3096000.0,
        "Net Income From Continuing Operation Net Minority Interest": 53929000.0,
        "Reconciled Depreciation": 21208000.0,
        "Reconciled Cost Of Revenue": 1257888000.0,
        "EBITDA": 100226000.0,
        "EBIT": 79018000.0,
        "Net Interest Income": -9731000.0,
        "Interest Expense": 9731000.0,
        "Normalized Income": 51523408.0,
        "Net Income From Continuing And Discontinued Operation": 53929000.0,
        "Total Expenses": 1524928000.0,
        "Total Operating Income As Reported": 75922000.0,
        "Diluted NI Availto Com Stockholders": 53929000.0,
        "Net Income Common Stockholders": 53929000.0,
        "Net Income": 53929000.0,
        "Minority Interests": 82000.0,
        "Net Income Including Noncontrolling Interests": 53847000.0,
        "Net Income Continuous Operations": 53847000.0,
        "Tax Provision": 15440000.0,
        "Pretax Income": 69287000.0,
        "Other Income Expense": 3096000.0,
        "Gain On Sale Of Security": 3096000.0,
        "Net Non Operating Interest Income Expense": -9731000.0,
        "Interest Expense Non Operating": 9731000.0,
        "Operating Income": 75922000.0,
        "Operating Expense": 267040000.0,
        "Gross Profit": 342962000.0,
        "Cost Of Revenue": 1257888000.0,
        "Total Revenue": 1600850000.0,
        "Operating Revenue": 1600850000.0
    },
    "2022-10-31": {
        "Tax Effect Of Unusual Items": 4405126.0,
        "Tax Rate For Calcs": 0.242,
        "Normalized EBITDA": 81007000.0,
        "Total Unusual Items": 18203000.0,
        "Total Unusual Items Excluding Goodwill": 18203000.0,
        "Net Income From Continuing Operation Net Minority Interest": 54073000.0,
        "Reconciled Depreciation": 20912000.0,
        "Reconciled Cost Of Revenue": 1298115000.0,
        "EBITDA": 99210000.0,
        "EBIT": 78298000.0,
        "Net Interest Income": -7544000.0,
        "Interest Expense": 7544000.0,
        "Normalized Income": 40275126.0,
        "Net Income From Continuing And Discontinued Operation": 54073000.0,
        "Total Expenses": 1566109000.0,
        "Total Operating Income As Reported": 60095000.0,
        "Diluted NI Availto Com Stockholders": 54073000.0,
        "Net Income Common Stockholders": 54073000.0,
        "Net Income": 54073000.0,
        "Minority Interests": 424000.0,
        "Net Income Including Noncontrolling Interests": 53649000.0,
        "Net Income Continuous Operations": 53649000.0,
        "Tax Provision": 17105000.0,
        "Pretax Income": 70754000.0,
        "Other Income Expense": 18203000.0,
        "Gain On Sale Of Security": 18203000.0,
        "Net Non Operating Interest Income Expense": -7544000.0,
        "Interest Expense Non Operating": 7544000.0,
        "Operating Income": 60095000.0,
        "Operating Expense": 267994000.0,
        "Gross Profit": 328089000.0,
        "Cost Of Revenue": 1298115000.0,
        "Total Revenue": 1626204000.0,
        "Operating Revenue": 1626204000.0
    },
    "2022-07-31": {
        "Tax Effect Of Unusual Items": 389820.0,
        "Tax Rate For Calcs": 0.219,
        "Normalized EBITDA": 55022000.0,
        "Total Unusual Items": 1780000.0,
        "Total Unusual Items Excluding Goodwill": 1780000.0,
        "Net Income From Continuing Operation Net Minority Interest": 24590000.0,
        "Reconciled Depreciation": 20178000.0,
        "Reconciled Cost Of Revenue": 1211132000.0,
        "EBITDA": 56802000.0,
        "EBIT": 36624000.0,
        "Net Interest Income": -5563000.0,
        "Interest Expense": 5563000.0,
        "Normalized Income": 23199820.0,
        "Net Income From Continuing And Discontinued Operation": 24590000.0,
        "Total Expenses": 1488421000.0,
        "Total Operating Income As Reported": 34844000.0,
        "Diluted Average Shares": 97794000.0,
        "Basic Average Shares": 96629000.0,
        "Diluted EPS": 0.25,
        "Basic EPS": 0.25,
        "Diluted NI Availto Com Stockholders": 24590000.0,
        "Net Income Common Stockholders": 24590000.0,
        "Net Income": 24590000.0,
        "Minority Interests": 330000.0,
        "Net Income Including Noncontrolling Interests": 24260000.0,
        "Net Income Continuous Operations": 24260000.0,
        "Tax Provision": 6801000.0,
        "Pretax Income": 31061000.0,
        "Other Income Expense": 1780000.0,
        "Other Non Operating Income Expenses": NaN,
        "Gain On Sale Of Security": 1780000.0,
        "Net Non Operating Interest Income Expense": -5563000.0,
        "Interest Expense Non Operating": 5563000.0,
        "Operating Income": 34844000.0,
        "Operating Expense": 277289000.0,
        "Gross Profit": 312133000.0,
        "Cost Of Revenue": 1211132000.0,
        "Total Revenue": 1523265000.0,
        "Operating Revenue": 1523265000.0
    },
    "2022-04-30": {
        "Diluted EPS": 0.64,
        "Total Revenue": NaN,
        "Gross Profit": 348,
        "Operating Income": 73,
        "EBIT": 93,
        "Net Income": 64
    },
    "2022-01-31": {
        "Diluted EPS": 0.58,
        "Total Revenue": NaN,
        "Gross Profit": 337,
        "Operating Income": 61,
        "EBIT": 81,
        "Net Income": 57
    },
    "2021-10-31": {
        "Diluted EPS": 0.49,
        "Total Revenue": NaN,
        "Gross Profit": 326,
        "Operating Income": 63,
        "EBIT": 83,
        "Net Income": 48
    },
    "2021-07-31": {
        "Diluted EPS": 0.35,
        "Total Revenue": NaN,
        "Gross Profit": 278,
        "Operating Income": -40,
        "EBIT": -19,
        "Net Income": 34
    },
    "2021-04-30": {
        "Diluted EPS": 0.3,
        "Total Revenue": NaN,
        "Gross Profit": 304,
        "Operating Income": 37,
        "EBIT": 58,
        "Net Income": 29
    },
    "2021-01-31": {
        "Diluted EPS": 0.5,
        "Total Revenue": NaN,
        "Gross Profit": 325,
        "Operating Income": 62,
        "EBIT": 81,
        "Net Income": 49
    },
    "2020-10-31": {
        "Diluted EPS": 0.56,
        "Total Revenue": NaN,
        "Gross Profit": 320,
        "Operating Income": 74,
        "EBIT": 93,
        "Net Income": 54
    },
    "2020-07-31": {
        "Diluted EPS": 0.25,
        "Total Revenue": NaN,
        "Gross Profit": 254,
        "Operating Income": 38,
        "EBIT": 58,
        "Net Income": 24
    },
    "2020-04-30": {
        "Diluted EPS": -6.46,
        "Total Revenue": NaN,
        "Gross Profit": 294,
        "Operating Income": -614,
        "EBIT": 81,
        "Net Income": -609
    },
    "2020-01-31": {
        "Diluted EPS": 0.24,
        "Total Revenue": NaN,
        "Gross Profit": 312,
        "Operating Income": 44,
        "EBIT": 73,
        "Net Income": 23
    },
    "2019-10-31": {
        "Diluted EPS": -0.35,
        "Total Revenue": NaN,
        "Gross Profit": 301,
        "Operating Income": -18,
        "EBIT": 2,
        "Net Income": -33
    },
    "2019-07-31": {
        "Diluted EPS": 0.32,
        "Total Revenue": NaN,
        "Gross Profit": 290,
        "Operating Income": 17,
        "EBIT": 37,
        "Net Income": 30
    },
    "2019-04-30": {
        "Diluted EPS": 0.3,
        "Total Revenue": NaN,
        "Gross Profit": 313,
        "Operating Income": 47,
        "EBIT": 67,
        "Net Income": 28
    },
    "2019-01-31": {
        "Diluted EPS": 0.33,
        "Total Revenue": NaN,
        "Gross Profit": 300,
        "Operating Income": 45,
        "EBIT": 66,
        "Net Income": 31
    },
    "2018-10-31": {
        "Diluted EPS": 0.31,
        "Total Revenue": NaN,
        "Gross Profit": 295,
        "Operating Income": 41,
        "EBIT": 62,
        "Net Income": 29
    },
    "2018-07-31": {
        "Diluted EPS": -0.05,
        "Total Revenue": NaN,
        "Gross Profit": 284,
        "Operating Income": 5,
        "EBIT": 25,
        "Net Income": -4
    },
    "2018-04-30": {
        "Diluted EPS": 0.22,
        "Total Revenue": NaN,
        "Gross Profit": 290,
        "Operating Income": 41,
        "EBIT": 62,
        "Net Income": 21
    },
    "2018-01-31": {
        "Diluted EPS": 1.18,
        "Total Revenue": NaN,
        "Gross Profit": 295,
        "Operating Income": 50,
        "EBIT": 71,
        "Net Income": 109
    },
    "2017-10-31": {
        "Diluted EPS": 0.43,
        "Total Revenue": NaN,
        "Gross Profit": 316,
        "Operating Income": 72,
        "EBIT": 92,
        "Net Income": 40
    },
    "2017-07-31": {
        "Diluted EPS": 0.33,
        "Total Revenue": NaN,
        "Gross Profit": 299,
        "Operating Income": 57,
        "EBIT": 78,
        "Net Income": 31
    },
    "2017-04-30": {
        "Diluted EPS": 0.65,
        "Total Revenue": NaN,
        "Gross Profit": 335,
        "Operating Income": 96,
        "EBIT": 117,
        "Net Income": 62
    },
    "2017-01-31": {
        "Diluted EPS": 0.26,
        "Total Revenue": NaN,
        "Gross Profit": 330,
        "Operating Income": 47,
        "EBIT": 104,
        "Net Income": 25
    },
    "2016-10-31": {
        "Diluted EPS": 0.48,
        "Total Revenue": NaN,
        "Gross Profit": 319,
        "Operating Income": 80,
        "EBIT": 101,
        "Net Income": 46
    },
    "2016-07-31": {
        "Diluted EPS": 0.4,
        "Total Revenue": NaN,
        "Gross Profit": 317,
        "Operating Income": 65,
        "EBIT": 86,
        "Net Income": 39
    },
    "2016-04-30": {
        "Diluted EPS": 0.66,
        "Total Revenue": NaN,
        "Gross Profit": 364,
        "Operating Income": 106,
        "EBIT": 130,
        "Net Income": 66
    },
    "2016-01-31": {
        "Diluted EPS": 0.59,
        "Total Revenue": NaN,
        "Gross Profit": 340,
        "Operating Income": 96,
        "EBIT": 116,
        "Net Income": 56
    },
    "2015-10-31": {
        "Diluted EPS": 0.36,
        "Total Revenue": NaN,
        "Gross Profit": 331,
        "Operating Income": 83,
        "EBIT": 112,
        "Net Income": 35
    },
    "2015-07-31": {
        "Diluted EPS": 0.3,
        "Total Revenue": NaN,
        "Gross Profit": 288,
        "Operating Income": 62,
        "EBIT": 77,
        "Net Income": 30
    },
    "2015-04-30": {
        "Diluted EPS": 0.65,
        "Total Revenue": NaN,
        "Gross Profit": 288,
        "Operating Income": 89,
        "EBIT": 102,
        "Net Income": 65
    },
    "2015-01-31": {
        "Diluted EPS": 0.55,
        "Total Revenue": 959,
        "Gross Profit": 262,
        "Operating Income": 77,
        "EBIT": 88,
        "Net Income": 55
    },
    "2014-10-31": {
        "Diluted EPS": 0.54,
        "Total Revenue": 978,
        "Gross Profit": 259,
        "Operating Income": 72,
        "EBIT": 83,
        "Net Income": 54
    },
    "2014-07-31": {
        "Diluted EPS": 0.5,
        "Total Revenue": 939,
        "Gross Profit": 251,
        "Operating Income": 66,
        "EBIT": 76,
        "Net Income": 50
    },
    "2014-04-30": {
        "Diluted EPS": 0.55,
        "Total Revenue": 624,
        "Gross Profit": 136,
        "Operating Income": 41,
        "EBIT": 46,
        "Net Income": 56
    },
    "2014-01-31": {
        "Diluted EPS": 0.56,
        "Total Revenue": NaN,
        "Gross Profit": 311,
        "Operating Income": 97,
        "EBIT": 110,
        "Net Income": 57
    },
    "2013-10-31": {
        "Diluted EPS": 0.41,
        "Total Revenue": 999,
        "Gross Profit": 289,
        "Operating Income": 75,
        "EBIT": 87,
        "Net Income": 42
    },
    "2013-07-31": {
        "Diluted EPS": 0.45,
        "Total Revenue": 880,
        "Gross Profit": 282,
        "Operating Income": 81,
        "EBIT": 92,
        "Net Income": 46
    },
    "2013-04-30": {
        "Diluted EPS": 0.62,
        "Total Revenue": 965,
        "Gross Profit": 324,
        "Operating Income": 104,
        "EBIT": 117,
        "Net Income": 64
    },
    "2013-01-31": {
        "Diluted EPS": 0.52,
        "Total Revenue": 916,
        "Gross Profit": 300,
        "Operating Income": 90,
        "EBIT": 101,
        "Net Income": 54
    },
    "2012-10-31": {
        "Diluted EPS": 0.44,
        "Total Revenue": 867,
        "Gross Profit": 281,
        "Operating Income": 78,
        "EBIT": 88,
        "Net Income": 46
    },
    "2012-07-31": {
        "Diluted EPS": 0.45,
        "Total Revenue": 889,
        "Gross Profit": 286,
        "Operating Income": 83,
        "EBIT": 94,
        "Net Income": 48
    },
    "2012-04-30": {
        "Diluted EPS": 0.57,
        "Total Revenue": 936,
        "Gross Profit": 314,
        "Operating Income": 103,
        "EBIT": 115,
        "Net Income": 62
    },
    "2012-01-31": {
        "Diluted EPS": 0.5,
        "Total Revenue": 895,
        "Gross Profit": 290,
        "Operating Income": 90,
        "EBIT": 101,
        "Net Income": 53
    },
    "2011-10-31": {
        "Diluted EPS": 0.43,
        "Total Revenue": 857,
        "Gross Profit": 281,
        "Operating Income": 83,
        "EBIT": 94,
        "Net Income": 49
    },
    "2011-07-31": {
        "Diluted EPS": 0.42,
        "Total Revenue": 847,
        "Gross Profit": 278,
        "Operating Income": 82,
        "EBIT": 91,
        "Net Income": 49
    },
    "2011-04-30": {
        "Diluted EPS": 0.52,
        "Total Revenue": 884,
        "Gross Profit": 304,
        "Operating Income": 104,
        "EBIT": 115,
        "Net Income": 63
    },
    "2011-01-31": {
        "Diluted EPS": 0.47,
        "Total Revenue": 825,
        "Gross Profit": 281,
        "Operating Income": 93,
        "EBIT": 102,
        "Net Income": 55
    },
    "2010-10-31": {
        "Diluted EPS": 0.45,
        "Total Revenue": 857,
        "Gross Profit": 279,
        "Operating Income": 90,
        "EBIT": 102,
        "Net Income": 53
    },
    "2010-07-31": {
        "Diluted EPS": 0.45,
        "Total Revenue": 850,
        "Gross Profit": 280,
        "Operating Income": 89,
        "EBIT": 99,
        "Net Income": 54
    },
    "2010-04-30": {
        "Diluted EPS": 0.52,
        "Total Revenue": 813,
        "Gross Profit": 288,
        "Operating Income": 100,
        "EBIT": 111,
        "Net Income": 62
    },
    "2010-01-31": {
        "Diluted EPS": 0.47,
        "Total Revenue": 820,
        "Gross Profit": 276,
        "Operating Income": 94,
        "EBIT": 103,
        "Net Income": 56
    },
    "2009-10-31": {
        "Diluted EPS": 0.41,
        "Total Revenue": 815,
        "Gross Profit": 267,
        "Operating Income": 84,
        "EBIT": 94,
        "Net Income": 49
    },
    "2009-07-31": {
        "Diluted EPS": 0.38,
        "Total Revenue": 790,
        "Gross Profit": 259,
        "Operating Income": 77,
        "EBIT": 86,
        "Net Income": 45
    },
    "2009-04-30": {
        "Diluted EPS": 0.45,
        "Total Revenue": 780,
        "Gross Profit": 269,
        "Operating Income": 92,
        "EBIT": 101,
        "Net Income": 54
    },
    "2009-01-31": {
        "Diluted EPS": 0.45,
        "Total Revenue": 811,
        "Gross Profit": 269,
        "Operating Income": 92,
        "EBIT": 99,
        "Net Income": 53
    },
    "2023-07-31": {
        "Tax Effect Of Unusual Items": 2772933.0,
        "Tax Rate For Calcs": 0.233,
        "Normalized EBITDA": 59255000.0,
        "Total Unusual Items": 11901000.0,
        "Total Unusual Items Excluding Goodwill": 11901000.0,
        "Net Income From Continuing Operation Net Minority Interest": 31234000.0,
        "Reconciled Depreciation": 21033000.0,
        "Reconciled Cost Of Revenue": 1257690000.0,
        "EBITDA": 71156000.0,
        "EBIT": 50123000.0,
        "Net Interest Income": -9512000.0,
        "Interest Expense": 9512000.0,
        "Normalized Income": 22105933.0,
        "Net Income From Continuing And Discontinued Operation": 31234000.0,
        "Total Expenses": 1538523000.0,
        "Total Operating Income As Reported": 38222000.0,
        "Diluted NI Availto Com Stockholders": 31234000.0,
        "Net Income Common Stockholders": 31234000.0,
        "Net Income": 31234000.0,
        "Minority Interests": 104000.0,
        "Net Income Including Noncontrolling Interests": 31130000.0,
        "Net Income Continuous Operations": 31130000.0,
        "Tax Provision": 9481000.0,
        "Pretax Income": 40611000.0,
        "Other Income Expense": 11901000.0,
        "Gain On Sale Of Security": 11901000.0,
        "Net Non Operating Interest Income Expense": -9512000.0,
        "Interest Expense Non Operating": 9512000.0,
        "Operating Income": 38222000.0,
        "Operating Expense": 280833000.0,
        "Gross Profit": 319055000.0,
        "Cost Of Revenue": 1257690000.0,
        "Total Revenue": 1576745000.0,
        "Operating Revenue": 1576745000.0
    },
    "2023-10-31": {
        "Tax Effect Of Unusual Items": 1795288.0,
        "Tax Rate For Calcs": 0.253,
        "Normalized EBITDA": 78706000.0,
        "Total Unusual Items": 7096000.0,
        "Total Unusual Items Excluding Goodwill": 7096000.0,
        "Net Income From Continuing Operation Net Minority Interest": 39958000.0,
        "Reconciled Depreciation": 21803000.0,
        "Reconciled Cost Of Revenue": 1313746000.0,
        "EBITDA": 85802000.0,
        "EBIT": 63999000.0,
        "Net Interest Income": -10642000.0,
        "Interest Expense": 10642000.0,
        "Normalized Income": 34657288.0,
        "Net Income From Continuing And Discontinued Operation": 39958000.0,
        "Total Expenses": 1595869000.0,
        "Total Operating Income As Reported": 56903000.0,
        "Diluted NI Availto Com Stockholders": 39958000.0,
        "Net Income Common Stockholders": 39958000.0,
        "Net Income": 39958000.0,
        "Minority Interests": 103000.0,
        "Net Income Including Noncontrolling Interests": 39855000.0,
        "Net Income Continuous Operations": 39855000.0,
        "Tax Provision": 13502000.0,
        "Pretax Income": 53357000.0,
        "Other Income Expense": 7096000.0,
        "Gain On Sale Of Security": 7096000.0,
        "Net Non Operating Interest Income Expense": -10642000.0,
        "Interest Expense Non Operating": 10642000.0,
        "Operating Income": 56903000.0,
        "Operating Expense": 282123000.0,
        "Gross Profit": 339026000.0,
        "Cost Of Revenue": 1313746000.0,
        "Total Revenue": 1652772000.0,
        "Operating Revenue": 1652772000.0
    }
}