{
    "2023-06-30": {
        "Tax Effect Of Unusual Items": NaN,
        "Tax Rate For Calcs": NaN,
        "Normalized EBITDA": NaN,
        "Total Unusual Items": NaN,
        "Total Unusual Items Excluding Goodwill": NaN,
        "Net Income From Continuing Operation Net Minority Interest": NaN,
        "Reconciled Depreciation": NaN,
        "Reconciled Cost Of Revenue": NaN,
        "EBITDA": NaN,
        "EBIT": NaN,
        "Net Interest Income": NaN,
        "Interest Expense": NaN,
        "Interest Income": 256000.0,
        "Normalized Income": NaN,
        "Net Income From Continuing And Discontinued Operation": NaN,
        "Total Expenses": NaN,
        "Diluted Average Shares": NaN,
        "Basic Average Shares": NaN,
        "Diluted EPS": NaN,
        "Basic EPS": NaN,
        "Diluted NI Availto Com Stockholders": NaN,
        "Average Dilution Earnings": -2902000.0,
        "Net Income Common Stockholders": NaN,
        "Net Income": NaN,
        "Net Income Including Noncontrolling Interests": NaN,
        "Net Income Continuous Operations": NaN,
        "Tax Provision": NaN,
        "Pretax Income": NaN,
        "Other Income Expense": NaN,
        "Special Income Charges": NaN,
        "Gain On Sale Of Ppe": NaN,
        "Other Special Charges": -100000.0,
        "Gain On Sale Of Security": NaN,
        "Net Non Operating Interest Income Expense": NaN,
        "Total Other Finance Cost": 1062000.0,
        "Interest Expense Non Operating": NaN,
        "Interest Income Non Operating": 256000.0,
        "Operating Income": NaN,
        "Operating Expense": NaN,
        "Other Operating Expenses": NaN,
        "Selling General And Administration": NaN,
        "General And Administrative Expense": NaN,
        "Other Gand A": NaN,
        "Gross Profit": NaN,
        "Cost Of Revenue": NaN,
        "Total Revenue": NaN,
        "Operating Revenue": NaN
    },
    "2023-03-31": {
        "Tax Effect Of Unusual Items": NaN,
        "Tax Rate For Calcs": NaN,
        "Normalized EBITDA": NaN,
        "Total Unusual Items": NaN,
        "Total Unusual Items Excluding Goodwill": NaN,
        "Net Income From Continuing Operation Net Minority Interest": NaN,
        "Reconciled Depreciation": NaN,
        "Reconciled Cost Of Revenue": NaN,
        "EBITDA": NaN,
        "EBIT": NaN,
        "Net Interest Income": NaN,
        "Interest Expense": NaN,
        "Interest Income": 104000.0,
        "Normalized Income": NaN,
        "Net Income From Continuing And Discontinued Operation": NaN,
        "Total Expenses": NaN,
        "Diluted Average Shares": NaN,
        "Basic Average Shares": NaN,
        "Diluted EPS": NaN,
        "Basic EPS": NaN,
        "Diluted NI Availto Com Stockholders": NaN,
        "Average Dilution Earnings": NaN,
        "Net Income Common Stockholders": NaN,
        "Net Income": NaN,
        "Net Income Including Noncontrolling Interests": NaN,
        "Net Income Continuous Operations": NaN,
        "Tax Provision": NaN,
        "Pretax Income": NaN,
        "Other Income Expense": NaN,
        "Special Income Charges": NaN,
        "Gain On Sale Of Ppe": NaN,
        "Other Special Charges": NaN,
        "Gain On Sale Of Security": NaN,
        "Net Non Operating Interest Income Expense": NaN,
        "Total Other Finance Cost": 794000.0,
        "Interest Expense Non Operating": NaN,
        "Interest Income Non Operating": 104000.0,
        "Operating Income": NaN,
        "Operating Expense": NaN,
        "Other Operating Expenses": NaN,
        "Selling General And Administration": NaN,
        "General And Administrative Expense": NaN,
        "Other Gand A": NaN,
        "Gross Profit": NaN,
        "Cost Of Revenue": NaN,
        "Total Revenue": NaN,
        "Operating Revenue": NaN
    },
    "2022-12-31": {
        "Tax Effect Of Unusual Items": NaN,
        "Tax Rate For Calcs": NaN,
        "Normalized EBITDA": NaN,
        "Total Unusual Items": NaN,
        "Total Unusual Items Excluding Goodwill": NaN,
        "Net Income From Continuing Operation Net Minority Interest": NaN,
        "Reconciled Depreciation": NaN,
        "Reconciled Cost Of Revenue": NaN,
        "EBITDA": NaN,
        "EBIT": NaN,
        "Net Interest Income": NaN,
        "Interest Expense": NaN,
        "Interest Income": 132000.0,
        "Normalized Income": NaN,
        "Net Income From Continuing And Discontinued Operation": NaN,
        "Total Expenses": NaN,
        "Diluted Average Shares": NaN,
        "Basic Average Shares": NaN,
        "Diluted EPS": NaN,
        "Basic EPS": NaN,
        "Diluted NI Availto Com Stockholders": NaN,
        "Average Dilution Earnings": NaN,
        "Net Income Common Stockholders": NaN,
        "Net Income": NaN,
        "Net Income Including Noncontrolling Interests": NaN,
        "Net Income Continuous Operations": NaN,
        "Tax Provision": NaN,
        "Pretax Income": NaN,
        "Other Income Expense": NaN,
        "Special Income Charges": NaN,
        "Gain On Sale Of Ppe": NaN,
        "Other Special Charges": NaN,
        "Gain On Sale Of Security": NaN,
        "Net Non Operating Interest Income Expense": NaN,
        "Total Other Finance Cost": 758000.0,
        "Interest Expense Non Operating": NaN,
        "Interest Income Non Operating": 132000.0,
        "Operating Income": NaN,
        "Operating Expense": NaN,
        "Other Operating Expenses": 340207000.0,
        "Selling General And Administration": NaN,
        "General And Administrative Expense": NaN,
        "Other Gand A": NaN,
        "Gross Profit": NaN,
        "Cost Of Revenue": NaN,
        "Total Revenue": NaN,
        "Operating Revenue": NaN
    },
    "2022-09-30": {
        "Tax Effect Of Unusual Items": NaN,
        "Tax Rate For Calcs": NaN,
        "Normalized EBITDA": NaN,
        "Total Unusual Items": NaN,
        "Total Unusual Items Excluding Goodwill": NaN,
        "Net Income From Continuing Operation Net Minority Interest": NaN,
        "Reconciled Depreciation": NaN,
        "Reconciled Cost Of Revenue": NaN,
        "EBITDA": NaN,
        "EBIT": NaN,
        "Net Interest Income": NaN,
        "Interest Expense": NaN,
        "Interest Income": 146000.0,
        "Normalized Income": NaN,
        "Net Income From Continuing And Discontinued Operation": NaN,
        "Total Expenses": NaN,
        "Diluted Average Shares": NaN,
        "Basic Average Shares": NaN,
        "Diluted EPS": NaN,
        "Basic EPS": NaN,
        "Diluted NI Availto Com Stockholders": NaN,
        "Average Dilution Earnings": -94000.0,
        "Net Income Common Stockholders": NaN,
        "Net Income": NaN,
        "Net Income Including Noncontrolling Interests": NaN,
        "Net Income Continuous Operations": NaN,
        "Tax Provision": NaN,
        "Pretax Income": NaN,
        "Other Income Expense": NaN,
        "Special Income Charges": NaN,
        "Gain On Sale Of Ppe": NaN,
        "Other Special Charges": NaN,
        "Gain On Sale Of Security": NaN,
        "Net Non Operating Interest Income Expense": NaN,
        "Total Other Finance Cost": 786000.0,
        "Interest Expense Non Operating": NaN,
        "Interest Income Non Operating": 146000.0,
        "Operating Income": NaN,
        "Operating Expense": NaN,
        "Other Operating Expenses": 284868000.0,
        "Selling General And Administration": NaN,
        "General And Administrative Expense": NaN,
        "Other Gand A": NaN,
        "Gross Profit": NaN,
        "Cost Of Revenue": NaN,
        "Total Revenue": NaN,
        "Operating Revenue": NaN
    },
    "2022-06-30": {
        "Tax Effect Of Unusual Items": 2367200.0,
        "Tax Rate For Calcs": 0.4,
        "Normalized EBITDA": 63339000.0,
        "Total Unusual Items": 5918000.0,
        "Total Unusual Items Excluding Goodwill": 5918000.0,
        "Net Income From Continuing Operation Net Minority Interest": -24611000.0,
        "Reconciled Depreciation": 69757000.0,
        "Reconciled Cost Of Revenue": 310309000.0,
        "EBITDA": 69257000.0,
        "EBIT": -500000.0,
        "Net Interest Income": -21043000.0,
        "Interest Expense": 20283000.0,
        "Interest Income": 11000.0,
        "Normalized Income": -28161800.0,
        "Net Income From Continuing And Discontinued Operation": -24611000.0,
        "Total Expenses": 331674000.0,
        "Diluted Average Shares": 13588000.0,
        "Basic Average Shares": 13588000.0,
        "Diluted EPS": -1.81,
        "Basic EPS": -1.81,
        "Diluted NI Availto Com Stockholders": -24611000.0,
        "Average Dilution Earnings": NaN,
        "Net Income Common Stockholders": -24611000.0,
        "Net Income": -24611000.0,
        "Net Income Including Noncontrolling Interests": -24611000.0,
        "Net Income Continuous Operations": -24611000.0,
        "Tax Provision": 3828000.0,
        "Pretax Income": -20783000.0,
        "Other Income Expense": 5918000.0,
        "Special Income Charges": 10800000.0,
        "Gain On Sale Of Ppe": 10800000.0,
        "Other Special Charges": NaN,
        "Gain On Sale Of Security": -4882000.0,
        "Net Non Operating Interest Income Expense": -21043000.0,
        "Total Other Finance Cost": 771000.0,
        "Interest Expense Non Operating": 20283000.0,
        "Interest Income Non Operating": 11000.0,
        "Operating Income": -5658000.0,
        "Operating Expense": 21365000.0,
        "Selling General And Administration": 21365000.0,
        "General And Administrative Expense": 21365000.0,
        "Other Gand A": 21365000.0,
        "Gross Profit": 15707000.0,
        "Cost Of Revenue": 310309000.0,
        "Total Revenue": 326016000.0,
        "Operating Revenue": 326016000.0
    },
    "2022-03-31": {
        "Diluted EPS": -2.57,
        "Total Revenue": 277,
        "Gross Profit": 73,
        "Operating Income": -22,
        "EBIT": 32,
        "Net Income": -35
    },
    "2021-12-31": {
        "Diluted EPS": -1.57,
        "Total Revenue": 235,
        "Gross Profit": 66,
        "Operating Income": -4,
        "EBIT": 54,
        "Net Income": -21
    },
    "2021-09-30": {
        "Diluted EPS": -2.27,
        "Total Revenue": 202,
        "Gross Profit": 55,
        "Operating Income": -16,
        "EBIT": 36,
        "Net Income": -30
    },
    "2021-06-30": {
        "Diluted EPS": -4.65,
        "Total Revenue": 164,
        "Gross Profit": 49,
        "Operating Income": -32,
        "EBIT": 26,
        "Net Income": -62
    },
    "2021-03-31": {
        "Diluted EPS": -2.14,
        "Total Revenue": 187,
        "Gross Profit": 60,
        "Operating Income": -12,
        "EBIT": 45,
        "Net Income": -29
    },
    "2020-12-31": {
        "Diluted EPS": -2.1,
        "Total Revenue": 155,
        "Gross Profit": 59,
        "Operating Income": -11,
        "EBIT": 44,
        "Net Income": -29
    },
    "2020-09-30": {
        "Diluted EPS": -1.56,
        "Total Revenue": 124,
        "Gross Profit": 46,
        "Operating Income": -22,
        "EBIT": 41,
        "Net Income": -21
    },
    "2020-06-30": {
        "Diluted EPS": -2.6,
        "Total Revenue": 137,
        "Gross Profit": 60,
        "Operating Income": -14,
        "EBIT": 43,
        "Net Income": -35
    },
    "2020-03-31": {
        "Diluted EPS": -0.28,
        "Total Revenue": 283,
        "Gross Profit": 98,
        "Operating Income": 17,
        "EBIT": 79,
        "Net Income": -4
    },
    "2019-12-31": {
        "Diluted EPS": -0.15,
        "Total Revenue": 282,
        "Gross Profit": 99,
        "Operating Income": 4,
        "EBIT": 64,
        "Net Income": -1
    },
    "2019-09-30": {
        "Diluted EPS": 0.0,
        "Total Revenue": 285,
        "Gross Profit": 90,
        "Operating Income": 15,
        "EBIT": 79,
        "Net Income": -3
    },
    "2019-06-30": {
        "Diluted EPS": -0.75,
        "Total Revenue": 269,
        "Gross Profit": 80,
        "Operating Income": -2,
        "EBIT": 60,
        "Net Income": -10
    },
    "2019-03-31": {
        "Diluted EPS": 1.2,
        "Total Revenue": 327,
        "Gross Profit": 109,
        "Operating Income": 16,
        "EBIT": 81,
        "Net Income": 19
    },
    "2018-12-31": {
        "Diluted EPS": -10.47,
        "Total Revenue": 323,
        "Gross Profit": 107,
        "Operating Income": 27,
        "EBIT": 105,
        "Net Income": -153
    },
    "2018-09-30": {
        "Diluted EPS": -1.53,
        "Total Revenue": 293,
        "Gross Profit": 85,
        "Operating Income": -7,
        "EBIT": 60,
        "Net Income": -23
    },
    "2018-06-30": {
        "Diluted EPS": -2.48,
        "Total Revenue": 256,
        "Gross Profit": 73,
        "Operating Income": -20,
        "EBIT": 47,
        "Net Income": -37
    },
    "2018-03-31": {
        "Diluted EPS": -0.95,
        "Total Revenue": 317,
        "Gross Profit": 100,
        "Operating Income": 8,
        "EBIT": 77,
        "Net Income": -14
    },
    "2017-12-31": {
        "Diluted EPS": -2.51,
        "Total Revenue": 302,
        "Gross Profit": 89,
        "Operating Income": -15,
        "EBIT": 50,
        "Net Income": -37
    },
    "2017-09-30": {
        "Diluted EPS": -1.44,
        "Total Revenue": 251,
        "Gross Profit": 76,
        "Operating Income": -14,
        "EBIT": 69,
        "Net Income": -21
    },
    "2017-06-30": {
        "Diluted EPS": -1.78,
        "Total Revenue": 205,
        "Gross Profit": 57,
        "Operating Income": -29,
        "EBIT": 41,
        "Net Income": -27
    },
    "2017-03-31": {
        "Diluted EPS": -1.21,
        "Total Revenue": 261,
        "Gross Profit": 83,
        "Operating Income": -10,
        "EBIT": 64,
        "Net Income": -17
    },
    "2016-12-31": {
        "Diluted EPS": -1.42,
        "Total Revenue": 217,
        "Gross Profit": 74,
        "Operating Income": -21,
        "EBIT": 54,
        "Net Income": -22
    },
    "2016-09-30": {
        "Diluted EPS": -2.45,
        "Total Revenue": 155,
        "Gross Profit": 49,
        "Operating Income": -43,
        "EBIT": 30,
        "Net Income": -36
    },
    "2016-06-30": {
        "Diluted EPS": -3.1,
        "Total Revenue": 127,
        "Gross Profit": 41,
        "Operating Income": -58,
        "EBIT": 22,
        "Net Income": -45
    },
    "2016-03-31": {
        "Diluted EPS": -1.02,
        "Total Revenue": 220,
        "Gross Profit": 95,
        "Operating Income": 3,
        "EBIT": 72,
        "Net Income": -14
    },
    "2015-12-31": {
        "Diluted EPS": -13.8,
        "Total Revenue": 258,
        "Gross Profit": 121,
        "Operating Income": -361,
        "EBIT": -257,
        "Net Income": -203
    },
    "2015-09-30": {
        "Diluted EPS": -4.6,
        "Total Revenue": 278,
        "Gross Profit": 107,
        "Operating Income": -9,
        "EBIT": 76,
        "Net Income": -66
    },
    "2015-06-30": {
        "Diluted EPS": -1.6,
        "Total Revenue": 272,
        "Gross Profit": 102,
        "Operating Income": -26,
        "EBIT": 72,
        "Net Income": -24
    },
    "2015-03-31": {
        "Diluted EPS": 1.4,
        "Total Revenue": 420,
        "Gross Profit": 175,
        "Operating Income": 45,
        "EBIT": 138,
        "Net Income": 20
    },
    "2014-12-31": {
        "Diluted EPS": -6.2,
        "Total Revenue": 490,
        "Gross Profit": 174,
        "Operating Income": 37,
        "EBIT": 150,
        "Net Income": -90
    },
    "2014-09-30": {
        "Diluted EPS": 3.2,
        "Total Revenue": 520,
        "Gross Profit": 201,
        "Operating Income": 67,
        "EBIT": 167,
        "Net Income": 47
    },
    "2014-06-30": {
        "Diluted EPS": -0.4,
        "Total Revenue": 443,
        "Gross Profit": 164,
        "Operating Income": 29,
        "EBIT": 127,
        "Net Income": -7
    },
    "2014-03-31": {
        "Diluted EPS": 6.4,
        "Total Revenue": 609,
        "Gross Profit": 250,
        "Operating Income": 118,
        "EBIT": 214,
        "Net Income": 92
    },
    "2013-12-31": {
        "Diluted EPS": 4.2,
        "Total Revenue": 515,
        "Gross Profit": 196,
        "Operating Income": 77,
        "EBIT": 167,
        "Net Income": 62
    },
    "2013-09-30": {
        "Diluted EPS": 2.0,
        "Total Revenue": 470,
        "Gross Profit": 169,
        "Operating Income": 50,
        "EBIT": 130,
        "Net Income": 28
    },
    "2013-06-30": {
        "Diluted EPS": 0.0,
        "Total Revenue": 368,
        "Gross Profit": 115,
        "Operating Income": 12,
        "EBIT": 82,
        "Net Income": 0
    },
    "2013-03-31": {
        "Diluted EPS": 6.4,
        "Total Revenue": 580,
        "Gross Profit": 241,
        "Operating Income": 118,
        "EBIT": 203,
        "Net Income": 91
    },
    "2012-12-31": {
        "Diluted EPS": -8.4,
        "Total Revenue": 533,
        "Gross Profit": 204,
        "Operating Income": 84,
        "EBIT": 172,
        "Net Income": -116
    },
    "2012-09-30": {
        "Diluted EPS": 2.8,
        "Total Revenue": 488,
        "Gross Profit": 187,
        "Operating Income": 76,
        "EBIT": 155,
        "Net Income": 40
    },
    "2012-06-30": {
        "Diluted EPS": 1.2,
        "Total Revenue": 375,
        "Gross Profit": 118,
        "Operating Income": 27,
        "EBIT": 93,
        "Net Income": 18
    },
    "2012-03-31": {
        "Diluted EPS": 10.4,
        "Total Revenue": 845,
        "Gross Profit": 489,
        "Operating Income": 377,
        "EBIT": 452,
        "Net Income": 147
    },
    "2011-12-31": {
        "Diluted EPS": 2.0,
        "Total Revenue": 591,
        "Gross Profit": 274,
        "Operating Income": 168,
        "EBIT": 238,
        "Net Income": 28
    },
    "2011-09-30": {
        "Diluted EPS": 5.8,
        "Total Revenue": 486,
        "Gross Profit": 197,
        "Operating Income": 106,
        "EBIT": 171,
        "Net Income": 82
    },
    "2011-06-30": {
        "Diluted EPS": 1.2,
        "Total Revenue": 365,
        "Gross Profit": 135,
        "Operating Income": 50,
        "EBIT": 105,
        "Net Income": 17
    },
    "2011-03-31": {
        "Diluted EPS": 4.8,
        "Total Revenue": 551,
        "Gross Profit": 243,
        "Operating Income": 143,
        "EBIT": 207,
        "Net Income": 69
    },
    "2010-12-31": {
        "Diluted EPS": 0.4,
        "Total Revenue": 438,
        "Gross Profit": 186,
        "Operating Income": 102,
        "EBIT": 292,
        "Net Income": 6
    },
    "2010-09-30": {
        "Diluted EPS": 4.0,
        "Total Revenue": 350,
        "Gross Profit": 136,
        "Operating Income": 67,
        "EBIT": 111,
        "Net Income": 59
    },
    "2010-06-30": {
        "Diluted EPS": -4.6,
        "Total Revenue": 251,
        "Gross Profit": 77,
        "Operating Income": 16,
        "EBIT": 45,
        "Net Income": -64
    },
    "2010-03-31": {
        "Diluted EPS": 4.4,
        "Total Revenue": 374,
        "Gross Profit": 154,
        "Operating Income": 86,
        "EBIT": 139,
        "Net Income": 62
    },
    "2009-12-31": {
        "Diluted EPS": -1.8,
        "Total Revenue": 270,
        "Gross Profit": 103,
        "Operating Income": 47,
        "EBIT": 47,
        "Net Income": -24
    },
    "2009-09-30": {
        "Diluted EPS": 4.8,
        "Total Revenue": 242,
        "Gross Profit": 111,
        "Operating Income": 61,
        "EBIT": 101,
        "Net Income": 68
    },
    "2009-06-30": {
        "Diluted EPS": 4.0,
        "Total Revenue": 189,
        "Gross Profit": 82,
        "Operating Income": 36,
        "EBIT": 78,
        "Net Income": 52
    },
    "2009-03-31": {
        "Diluted EPS": 4.8,
        "Total Revenue": 361,
        "Gross Profit": 157,
        "Operating Income": 101,
        "EBIT": 141,
        "Net Income": 46
    },
    "2023-09-30": {
        "Tax Effect Of Unusual Items": 1689983.748646,
        "Tax Rate For Calcs": 0.285229,
        "Normalized EBITDA": 114575000.0,
        "Total Unusual Items": 5925000.0,
        "Total Unusual Items Excluding Goodwill": 5925000.0,
        "Net Income From Continuing Operation Net Minority Interest": 19792000.0,
        "Reconciled Depreciation": 73192000.0,
        "Reconciled Cost Of Revenue": 73192000.0,
        "EBITDA": 120500000.0,
        "EBIT": 47308000.0,
        "Net Interest Income": -19618000.0,
        "Interest Expense": 19618000.0,
        "Interest Income": 342000.0,
        "Normalized Income": 15556983.748646,
        "Net Income From Continuing And Discontinued Operation": 19792000.0,
        "Total Expenses": 405371000.0,
        "Diluted Average Shares": 13610000.0,
        "Basic Average Shares": 13607000.0,
        "Diluted EPS": 1.45,
        "Basic EPS": 1.45,
        "Diluted NI Availto Com Stockholders": 19792000.0,
        "Average Dilution Earnings": 0.0,
        "Net Income Common Stockholders": 19792000.0,
        "Net Income": 19792000.0,
        "Net Income Including Noncontrolling Interests": 19792000.0,
        "Net Income Continuous Operations": 19792000.0,
        "Tax Provision": 7898000.0,
        "Pretax Income": 27690000.0,
        "Other Income Expense": 5925000.0,
        "Special Income Charges": 2475000.0,
        "Gain On Sale Of Ppe": 2438000.0,
        "Other Special Charges": -37000.0,
        "Gain On Sale Of Security": 3450000.0,
        "Net Non Operating Interest Income Expense": -19618000.0,
        "Total Other Finance Cost": 917000.0,
        "Interest Expense Non Operating": 19618000.0,
        "Interest Income Non Operating": 342000.0,
        "Operating Income": 41383000.0,
        "Operating Expense": 332179000.0,
        "Other Operating Expenses": 288002000.0,
        "Selling General And Administration": 44177000.0,
        "General And Administrative Expense": 44177000.0,
        "Other Gand A": 44177000.0,
        "Gross Profit": 373562000.0,
        "Cost Of Revenue": 73192000.0,
        "Total Revenue": 446754000.0,
        "Operating Revenue": 446754000.0
    },
    "2023-12-31": {
        "Tax Effect Of Unusual Items": 13872800.0,
        "Tax Rate For Calcs": 0.4,
        "Normalized EBITDA": 141356000.0,
        "Total Unusual Items": 34682000.0,
        "Total Unusual Items Excluding Goodwill": 34682000.0,
        "Net Income From Continuing Operation Net Minority Interest": 146722000.0,
        "Reconciled Depreciation": 78734000.0,
        "Reconciled Cost Of Revenue": 78734000.0,
        "EBITDA": 176038000.0,
        "EBIT": 97304000.0,
        "Net Interest Income": -19468000.0,
        "Interest Expense": 19185000.0,
        "Interest Income": 690000.0,
        "Normalized Income": 125912800.0,
        "Net Income From Continuing And Discontinued Operation": 146722000.0,
        "Total Expenses": 443966000.0,
        "Diluted Average Shares": 15509000.0,
        "Basic Average Shares": 14084000.0,
        "Diluted EPS": 9.81,
        "Basic EPS": 10.42,
        "Diluted NI Availto Com Stockholders": 152278000.0,
        "Average Dilution Earnings": 5556000.0,
        "Net Income Common Stockholders": 146722000.0,
        "Net Income": 146722000.0,
        "Net Income Including Noncontrolling Interests": 146722000.0,
        "Net Income Continuous Operations": 146722000.0,
        "Tax Provision": -68603000.0,
        "Pretax Income": 78119000.0,
        "Other Income Expense": 34682000.0,
        "Special Income Charges": 34644000.0,
        "Gain On Sale Of Ppe": 8883000.0,
        "Other Special Charges": 0.0,
        "Gain On Sale Of Security": 38000.0,
        "Net Non Operating Interest Income Expense": -19468000.0,
        "Total Other Finance Cost": 973000.0,
        "Interest Expense Non Operating": 19185000.0,
        "Interest Income Non Operating": 690000.0,
        "Operating Income": 62905000.0,
        "Operating Expense": 365232000.0,
        "Other Operating Expenses": 326101000.0,
        "Selling General And Administration": 39131000.0,
        "General And Administrative Expense": 39131000.0,
        "Other Gand A": 39131000.0,
        "Gross Profit": 428137000.0,
        "Cost Of Revenue": 78734000.0,
        "Total Revenue": 506871000.0,
        "Operating Revenue": 506871000.0
    },
    "2024-03-31": {
        "Tax Effect Of Unusual Items": 811830.895685,
        "Tax Rate For Calcs": 0.264354,
        "Normalized EBITDA": 143149000.0,
        "Total Unusual Items": 3071000.0,
        "Total Unusual Items Excluding Goodwill": 3071000.0,
        "Net Income From Continuing Operation Net Minority Interest": 36516000.0,
        "Reconciled Depreciation": 78213000.0,
        "Reconciled Cost Of Revenue": 78213000.0,
        "EBITDA": 146220000.0,
        "EBIT": 68007000.0,
        "Net Interest Income": -18369000.0,
        "Interest Expense": 18369000.0,
        "Interest Income": NaN,
        "Normalized Income": 34256830.895685,
        "Net Income From Continuing And Discontinued Operation": 36516000.0,
        "Total Expenses": 462852000.0,
        "Diluted Average Shares": 14410000.0,
        "Basic Average Shares": 14407000.0,
        "Diluted EPS": 2.53,
        "Basic EPS": 2.53,
        "Diluted NI Availto Com Stockholders": 36516000.0,
        "Average Dilution Earnings": NaN,
        "Net Income Common Stockholders": 36516000.0,
        "Net Income": 36516000.0,
        "Net Income Including Noncontrolling Interests": 36516000.0,
        "Net Income Continuous Operations": 36516000.0,
        "Tax Provision": 13122000.0,
        "Pretax Income": 49638000.0,
        "Other Income Expense": 3071000.0,
        "Special Income Charges": 3237000.0,
        "Gain On Sale Of Ppe": 3237000.0,
        "Other Special Charges": NaN,
        "Gain On Sale Of Security": -166000.0,
        "Net Non Operating Interest Income Expense": -18369000.0,
        "Total Other Finance Cost": NaN,
        "Interest Expense Non Operating": 18369000.0,
        "Interest Income Non Operating": NaN,
        "Operating Income": 64936000.0,
        "Operating Expense": 384639000.0,
        "Other Operating Expenses": 339506000.0,
        "Selling General And Administration": 45133000.0,
        "General And Administrative Expense": 45133000.0,
        "Other Gand A": 45133000.0,
        "Gross Profit": 449575000.0,
        "Cost Of Revenue": 78213000.0,
        "Total Revenue": 527788000.0,
        "Operating Revenue": 527788000.0
    },
    "2024-06-30": {
        "Tax Effect Of Unusual Items": 2727094.643086,
        "Tax Rate For Calcs": 0.336762,
        "Normalized EBITDA": 114772000.0,
        "Total Unusual Items": 8098000.0,
        "Total Unusual Items Excluding Goodwill": 8098000.0,
        "Net Income From Continuing Operation Net Minority Interest": 20701000.0,
        "Reconciled Depreciation": 73818000.0,
        "Reconciled Cost Of Revenue": 73818000.0,
        "EBITDA": 122870000.0,
        "EBIT": 49052000.0,
        "Net Interest Income": -18189000.0,
        "Interest Expense": 17840000.0,
        "Interest Income": 777000.0,
        "Normalized Income": 15330094.643086,
        "Net Income From Continuing And Discontinued Operation": 20701000.0,
        "Total Expenses": 387911000.0,
        "Diluted Average Shares": 14395000.0,
        "Basic Average Shares": 14389000.0,
        "Diluted EPS": 1.44,
        "Basic EPS": 1.44,
        "Diluted NI Availto Com Stockholders": 20701000.0,
        "Average Dilution Earnings": NaN,
        "Net Income Common Stockholders": 20701000.0,
        "Net Income": 20701000.0,
        "Net Income Including Noncontrolling Interests": 20701000.0,
        "Net Income Continuous Operations": 20701000.0,
        "Tax Provision": 10511000.0,
        "Pretax Income": 31212000.0,
        "Other Income Expense": 8098000.0,
        "Special Income Charges": 7675000.0,
        "Gain On Sale Of Ppe": 7675000.0,
        "Other Special Charges": NaN,
        "Gain On Sale Of Security": 423000.0,
        "Net Non Operating Interest Income Expense": -18189000.0,
        "Total Other Finance Cost": 1126000.0,
        "Interest Expense Non Operating": 17840000.0,
        "Interest Income Non Operating": 777000.0,
        "Operating Income": 41303000.0,
        "Operating Expense": 314093000.0,
        "Other Operating Expenses": 285410000.0,
        "Selling General And Administration": 28683000.0,
        "General And Administrative Expense": 28683000.0,
        "Other Gand A": 28683000.0,
        "Gross Profit": 355396000.0,
        "Cost Of Revenue": 73818000.0,
        "Total Revenue": 429214000.0,
        "Operating Revenue": 429214000.0
    },
    "2024-09-30": {
        "Tax Effect Of Unusual Items": 686338.54736,
        "Tax Rate For Calcs": 0.261562,
        "Normalized EBITDA": 142425000.0,
        "Total Unusual Items": 2624000.0,
        "Total Unusual Items Excluding Goodwill": 2624000.0,
        "Net Income From Continuing Operation Net Minority Interest": 39183000.0,
        "Reconciled Depreciation": 75073000.0,
        "Reconciled Cost Of Revenue": 75073000.0,
        "EBITDA": 145049000.0,
        "EBIT": 69976000.0,
        "Net Interest Income": -16914000.0,
        "Interest Expense": 16914000.0,
        "Interest Income": NaN,
        "Normalized Income": 37245338.54736,
        "Net Income From Continuing And Discontinued Operation": 39183000.0,
        "Total Expenses": 409803000.0,
        "Diluted Average Shares": 14890000.0,
        "Basic Average Shares": 14142000.0,
        "Diluted EPS": 2.31,
        "Basic EPS": 2.77,
        "Diluted NI Availto Com Stockholders": 39183000.0,
        "Average Dilution Earnings": NaN,
        "Net Income Common Stockholders": 39183000.0,
        "Net Income": 39183000.0,
        "Net Income Including Noncontrolling Interests": 39183000.0,
        "Net Income Continuous Operations": 39183000.0,
        "Tax Provision": 13879000.0,
        "Pretax Income": 53062000.0,
        "Other Income Expense": 2624000.0,
        "Special Income Charges": 3323000.0,
        "Gain On Sale Of Ppe": 3323000.0,
        "Other Special Charges": NaN,
        "Gain On Sale Of Security": -699000.0,
        "Net Non Operating Interest Income Expense": -16914000.0,
        "Total Other Finance Cost": NaN,
        "Interest Expense Non Operating": 16914000.0,
        "Interest Income Non Operating": NaN,
        "Operating Income": 67352000.0,
        "Operating Expense": 334730000.0,
        "Other Operating Expenses": 311467000.0,
        "Selling General And Administration": 23263000.0,
        "General And Administrative Expense": 23263000.0,
        "Other Gand A": 23263000.0,
        "Gross Profit": 402082000.0,
        "Cost Of Revenue": 75073000.0,
        "Total Revenue": 477155000.0,
        "Operating Revenue": 477155000.0
    }
}