{
    "2023-06-30": {
        "Tax Effect Of Unusual Items": NaN,
        "Tax Rate For Calcs": NaN,
        "Total Unusual Items": NaN,
        "Total Unusual Items Excluding Goodwill": NaN,
        "Net Income From Continuing Operation Net Minority Interest": NaN,
        "Reconciled Depreciation": NaN,
        "Net Interest Income": NaN,
        "Interest Expense": NaN,
        "Interest Income": NaN,
        "Normalized Income": NaN,
        "Net Income From Continuing And Discontinued Operation": NaN,
        "Diluted Average Shares": NaN,
        "Basic Average Shares": NaN,
        "Diluted EPS": NaN,
        "Basic EPS": NaN,
        "Diluted NI Availto Com Stockholders": NaN,
        "Net Income Common Stockholders": NaN,
        "Otherunder Preferred Stock Dividend": 157000.0,
        "Net Income": NaN,
        "Net Income Including Noncontrolling Interests": NaN,
        "Net Income Continuous Operations": NaN,
        "Tax Provision": NaN,
        "Pretax Income": NaN,
        "Special Income Charges": NaN,
        "Other Special Charges": NaN,
        "Gain On Sale Of Security": NaN,
        "Depreciation Amortization Depletion Income Statement": NaN,
        "Depreciation And Amortization In Income Statement": NaN,
        "Amortization": NaN,
        "Amortization Of Intangibles Income Statement": NaN,
        "Selling General And Administration": NaN,
        "Selling And Marketing Expense": NaN,
        "General And Administrative Expense": NaN,
        "Insurance And Claims": NaN,
        "Salaries And Wages": NaN,
        "Total Revenue": NaN,
        "Operating Revenue": NaN,
        "Occupancy And Equipment": NaN,
        "Professional Expense And Contract Services Expense": NaN,
        "Other Non Interest Expense": NaN
    },
    "2023-03-31": {
        "Tax Effect Of Unusual Items": NaN,
        "Tax Rate For Calcs": NaN,
        "Total Unusual Items": NaN,
        "Total Unusual Items Excluding Goodwill": NaN,
        "Net Income From Continuing Operation Net Minority Interest": NaN,
        "Reconciled Depreciation": NaN,
        "Net Interest Income": NaN,
        "Interest Expense": NaN,
        "Interest Income": NaN,
        "Normalized Income": NaN,
        "Net Income From Continuing And Discontinued Operation": NaN,
        "Diluted Average Shares": NaN,
        "Basic Average Shares": NaN,
        "Diluted EPS": NaN,
        "Basic EPS": NaN,
        "Diluted NI Availto Com Stockholders": NaN,
        "Net Income Common Stockholders": NaN,
        "Otherunder Preferred Stock Dividend": 136000.0,
        "Net Income": NaN,
        "Net Income Including Noncontrolling Interests": NaN,
        "Net Income Continuous Operations": NaN,
        "Tax Provision": NaN,
        "Pretax Income": NaN,
        "Special Income Charges": NaN,
        "Other Special Charges": NaN,
        "Gain On Sale Of Security": NaN,
        "Depreciation Amortization Depletion Income Statement": NaN,
        "Depreciation And Amortization In Income Statement": NaN,
        "Amortization": NaN,
        "Amortization Of Intangibles Income Statement": NaN,
        "Selling General And Administration": NaN,
        "Selling And Marketing Expense": NaN,
        "General And Administrative Expense": NaN,
        "Insurance And Claims": NaN,
        "Salaries And Wages": NaN,
        "Total Revenue": NaN,
        "Operating Revenue": NaN,
        "Occupancy And Equipment": NaN,
        "Professional Expense And Contract Services Expense": NaN,
        "Other Non Interest Expense": NaN
    },
    "2022-12-31": {
        "Tax Effect Of Unusual Items": NaN,
        "Tax Rate For Calcs": NaN,
        "Total Unusual Items": NaN,
        "Total Unusual Items Excluding Goodwill": NaN,
        "Net Income From Continuing Operation Net Minority Interest": NaN,
        "Reconciled Depreciation": NaN,
        "Net Interest Income": NaN,
        "Interest Expense": NaN,
        "Interest Income": NaN,
        "Normalized Income": NaN,
        "Net Income From Continuing And Discontinued Operation": NaN,
        "Diluted Average Shares": NaN,
        "Basic Average Shares": NaN,
        "Diluted EPS": NaN,
        "Basic EPS": NaN,
        "Diluted NI Availto Com Stockholders": NaN,
        "Net Income Common Stockholders": NaN,
        "Otherunder Preferred Stock Dividend": NaN,
        "Net Income": NaN,
        "Net Income Including Noncontrolling Interests": NaN,
        "Net Income Continuous Operations": NaN,
        "Tax Provision": NaN,
        "Pretax Income": NaN,
        "Special Income Charges": NaN,
        "Other Special Charges": NaN,
        "Gain On Sale Of Security": NaN,
        "Depreciation Amortization Depletion Income Statement": NaN,
        "Depreciation And Amortization In Income Statement": NaN,
        "Amortization": NaN,
        "Amortization Of Intangibles Income Statement": NaN,
        "Selling General And Administration": NaN,
        "Selling And Marketing Expense": NaN,
        "General And Administrative Expense": NaN,
        "Other Gand A": 5624000.0,
        "Insurance And Claims": NaN,
        "Salaries And Wages": NaN,
        "Total Revenue": NaN,
        "Operating Revenue": NaN,
        "Occupancy And Equipment": NaN,
        "Professional Expense And Contract Services Expense": NaN,
        "Other Non Interest Expense": NaN
    },
    "2022-09-30": {
        "Tax Effect Of Unusual Items": NaN,
        "Tax Rate For Calcs": NaN,
        "Total Unusual Items": NaN,
        "Total Unusual Items Excluding Goodwill": NaN,
        "Net Income From Continuing Operation Net Minority Interest": NaN,
        "Reconciled Depreciation": NaN,
        "Net Interest Income": NaN,
        "Interest Expense": NaN,
        "Interest Income": NaN,
        "Normalized Income": NaN,
        "Net Income From Continuing And Discontinued Operation": NaN,
        "Diluted Average Shares": NaN,
        "Basic Average Shares": NaN,
        "Diluted EPS": NaN,
        "Basic EPS": NaN,
        "Diluted NI Availto Com Stockholders": NaN,
        "Net Income Common Stockholders": NaN,
        "Otherunder Preferred Stock Dividend": NaN,
        "Net Income": NaN,
        "Net Income Including Noncontrolling Interests": NaN,
        "Net Income Continuous Operations": NaN,
        "Tax Provision": NaN,
        "Pretax Income": NaN,
        "Special Income Charges": NaN,
        "Other Special Charges": NaN,
        "Gain On Sale Of Security": NaN,
        "Depreciation Amortization Depletion Income Statement": NaN,
        "Depreciation And Amortization In Income Statement": NaN,
        "Amortization": NaN,
        "Amortization Of Intangibles Income Statement": NaN,
        "Selling General And Administration": NaN,
        "Selling And Marketing Expense": NaN,
        "General And Administrative Expense": NaN,
        "Other Gand A": 3878000.0,
        "Insurance And Claims": NaN,
        "Salaries And Wages": NaN,
        "Total Revenue": NaN,
        "Operating Revenue": NaN
    },
    "2022-06-30": {
        "Tax Effect Of Unusual Items": -32794.832204,
        "Tax Rate For Calcs": 0.215755,
        "Total Unusual Items": -152000.0,
        "Total Unusual Items Excluding Goodwill": -152000.0,
        "Net Income From Continuing Operation Net Minority Interest": 24888000.0,
        "Reconciled Depreciation": 2034000.0,
        "Net Interest Income": 61468000.0,
        "Interest Expense": 3588000.0,
        "Interest Income": 65056000.0,
        "Normalized Income": 25007205.167796,
        "Net Income From Continuing And Discontinued Operation": 24888000.0,
        "Diluted Average Shares": 28061736.0,
        "Basic Average Shares": 27919133.0,
        "Diluted EPS": 0.88,
        "Basic EPS": 0.89,
        "Diluted NI Availto Com Stockholders": 24888000.0,
        "Net Income Common Stockholders": 24888000.0,
        "Otherunder Preferred Stock Dividend": NaN,
        "Net Income": 24888000.0,
        "Net Income Including Noncontrolling Interests": 24888000.0,
        "Net Income Continuous Operations": 24888000.0,
        "Tax Provision": 6847000.0,
        "Pretax Income": 31735000.0,
        "Special Income Charges": -152000.0,
        "Other Special Charges": 152000.0,
        "Gain On Sale Of Security": -44000.0,
        "Depreciation Amortization Depletion Income Statement": 2034000.0,
        "Depreciation And Amortization In Income Statement": 2034000.0,
        "Amortization": 2034000.0,
        "Amortization Of Intangibles Income Statement": 2034000.0,
        "Selling General And Administration": 33145000.0,
        "Selling And Marketing Expense": 860000.0,
        "General And Administrative Expense": 32285000.0,
        "Other Gand A": 3682000.0,
        "Insurance And Claims": 1018000.0,
        "Salaries And Wages": 27585000.0,
        "Total Revenue": 78279000.0,
        "Operating Revenue": 78279000.0
    },
    "2022-03-31": {
        "Diluted EPS": 0.84,
        "Total Revenue": 77,
        "Gross Profit": 74,
        "Operating Income": 30,
        "EBIT": NaN,
        "Net Income": 24
    },
    "2021-12-31": {
        "Diluted EPS": 1.13,
        "Total Revenue": 77,
        "Gross Profit": 75,
        "Operating Income": 33,
        "EBIT": NaN,
        "Net Income": 28
    },
    "2021-09-30": {
        "Diluted EPS": -0.28,
        "Total Revenue": 62,
        "Gross Profit": 59,
        "Operating Income": -8,
        "EBIT": NaN,
        "Net Income": -6
    },
    "2021-06-30": {
        "Diluted EPS": 0.51,
        "Total Revenue": 59,
        "Gross Profit": 55,
        "Operating Income": 12,
        "EBIT": NaN,
        "Net Income": 10
    },
    "2021-03-31": {
        "Diluted EPS": 0.79,
        "Total Revenue": 56,
        "Gross Profit": 52,
        "Operating Income": 19,
        "EBIT": NaN,
        "Net Income": 15
    },
    "2020-12-31": {
        "Diluted EPS": 1.03,
        "Total Revenue": 54,
        "Gross Profit": 51,
        "Operating Income": 25,
        "EBIT": NaN,
        "Net Income": 21
    },
    "2020-09-30": {
        "Diluted EPS": 0.51,
        "Total Revenue": 56,
        "Gross Profit": 52,
        "Operating Income": 13,
        "EBIT": NaN,
        "Net Income": 10
    },
    "2020-06-30": {
        "Diluted EPS": 0.23,
        "Total Revenue": 54,
        "Gross Profit": 50,
        "Operating Income": 6,
        "EBIT": NaN,
        "Net Income": 5
    },
    "2020-03-31": {
        "Diluted EPS": -0.04,
        "Total Revenue": 57,
        "Gross Profit": 50,
        "Operating Income": -1,
        "EBIT": NaN,
        "Net Income": -1
    },
    "2019-12-31": {
        "Diluted EPS": 0.72,
        "Total Revenue": 59,
        "Gross Profit": 52,
        "Operating Income": 18,
        "EBIT": NaN,
        "Net Income": 15
    },
    "2019-09-30": {
        "Diluted EPS": 0.72,
        "Total Revenue": 60,
        "Gross Profit": 52,
        "Operating Income": 18,
        "EBIT": NaN,
        "Net Income": 15
    },
    "2019-06-30": {
        "Diluted EPS": 0.46,
        "Total Revenue": 59,
        "Gross Profit": 51,
        "Operating Income": 12,
        "EBIT": NaN,
        "Net Income": 10
    },
    "2019-03-31": {
        "Diluted EPS": 0.73,
        "Total Revenue": 56,
        "Gross Profit": 49,
        "Operating Income": 18,
        "EBIT": NaN,
        "Net Income": 14
    },
    "2018-12-31": {
        "Diluted EPS": 0.71,
        "Total Revenue": 55,
        "Gross Profit": 48,
        "Operating Income": 16,
        "EBIT": NaN,
        "Net Income": 14
    },
    "2018-09-30": {
        "Diluted EPS": 0.65,
        "Total Revenue": 54,
        "Gross Profit": 48,
        "Operating Income": 16,
        "EBIT": NaN,
        "Net Income": 13
    },
    "2018-06-30": {
        "Diluted EPS": 0.41,
        "Total Revenue": 51,
        "Gross Profit": 46,
        "Operating Income": 9,
        "EBIT": NaN,
        "Net Income": 8
    },
    "2018-03-31": {
        "Diluted EPS": 0.64,
        "Total Revenue": 48,
        "Gross Profit": 44,
        "Operating Income": 14,
        "EBIT": NaN,
        "Net Income": 12
    },
    "2017-12-31": {
        "Diluted EPS": 0.49,
        "Total Revenue": 47,
        "Gross Profit": 43,
        "Operating Income": 14,
        "EBIT": NaN,
        "Net Income": 9
    },
    "2017-09-30": {
        "Diluted EPS": 0.6,
        "Total Revenue": 47,
        "Gross Profit": 44,
        "Operating Income": 16,
        "EBIT": NaN,
        "Net Income": 11
    },
    "2017-06-30": {
        "Diluted EPS": 0.53,
        "Total Revenue": 45,
        "Gross Profit": 42,
        "Operating Income": 14,
        "EBIT": NaN,
        "Net Income": 10
    },
    "2017-03-31": {
        "Diluted EPS": 0.48,
        "Total Revenue": 43,
        "Gross Profit": 41,
        "Operating Income": 13,
        "EBIT": NaN,
        "Net Income": 9
    },
    "2016-12-31": {
        "Diluted EPS": 0.4,
        "Total Revenue": 41,
        "Gross Profit": 39,
        "Operating Income": 11,
        "EBIT": NaN,
        "Net Income": 7
    },
    "2016-09-30": {
        "Diluted EPS": 0.43,
        "Total Revenue": 42,
        "Gross Profit": 39,
        "Operating Income": 11,
        "EBIT": NaN,
        "Net Income": 8
    },
    "2016-06-30": {
        "Diluted EPS": 0.44,
        "Total Revenue": 41,
        "Gross Profit": 39,
        "Operating Income": 11,
        "EBIT": NaN,
        "Net Income": 8
    },
    "2016-03-31": {
        "Diluted EPS": 0.44,
        "Total Revenue": 42,
        "Gross Profit": 39,
        "Operating Income": 12,
        "EBIT": NaN,
        "Net Income": 8
    },
    "2015-12-31": {
        "Diluted EPS": 0.16,
        "Total Revenue": 40,
        "Gross Profit": 38,
        "Operating Income": 3,
        "EBIT": NaN,
        "Net Income": 3
    },
    "2015-09-30": {
        "Diluted EPS": 0.22,
        "Total Revenue": 40,
        "Gross Profit": 37,
        "Operating Income": 6,
        "EBIT": NaN,
        "Net Income": 4
    },
    "2015-06-30": {
        "Diluted EPS": 0.27,
        "Total Revenue": 39,
        "Gross Profit": 37,
        "Operating Income": 7,
        "EBIT": NaN,
        "Net Income": 5
    },
    "2015-03-31": {
        "Diluted EPS": -0.04,
        "Total Revenue": 35,
        "Gross Profit": 32,
        "Operating Income": -1,
        "EBIT": NaN,
        "Net Income": -1
    },
    "2014-12-31": {
        "Diluted EPS": 0.27,
        "Total Revenue": 33,
        "Gross Profit": 30,
        "Operating Income": 6,
        "EBIT": NaN,
        "Net Income": 4
    },
    "2014-09-30": {
        "Diluted EPS": 0.32,
        "Total Revenue": 30,
        "Gross Profit": 28,
        "Operating Income": 6,
        "EBIT": NaN,
        "Net Income": 4
    },
    "2014-06-30": {
        "Diluted EPS": 0.32,
        "Total Revenue": 28,
        "Gross Profit": 26,
        "Operating Income": 5,
        "EBIT": NaN,
        "Net Income": 3
    },
    "2014-03-31": {
        "Diluted EPS": 0.44,
        "Total Revenue": 28,
        "Gross Profit": 26,
        "Operating Income": 7,
        "EBIT": NaN,
        "Net Income": 5
    },
    "2013-12-31": {
        "Diluted EPS": 0.47,
        "Total Revenue": 28,
        "Gross Profit": 25,
        "Operating Income": 7,
        "EBIT": NaN,
        "Net Income": 5
    },
    "2013-09-30": {
        "Diluted EPS": 0.23,
        "Total Revenue": 26,
        "Gross Profit": 23,
        "Operating Income": 7,
        "EBIT": NaN,
        "Net Income": 3
    },
    "2013-06-30": {
        "Diluted EPS": 0.46,
        "Total Revenue": 25,
        "Gross Profit": 22,
        "Operating Income": 7,
        "EBIT": NaN,
        "Net Income": 5
    },
    "2013-03-31": {
        "Diluted EPS": 0.47,
        "Total Revenue": 26,
        "Gross Profit": 22,
        "Operating Income": 7,
        "EBIT": NaN,
        "Net Income": 5
    },
    "2012-12-31": {
        "Diluted EPS": 0.37,
        "Total Revenue": 26,
        "Gross Profit": 22,
        "Operating Income": 6,
        "EBIT": NaN,
        "Net Income": 4
    },
    "2012-09-30": {
        "Diluted EPS": 0.45,
        "Total Revenue": 25,
        "Gross Profit": 22,
        "Operating Income": 7,
        "EBIT": NaN,
        "Net Income": 5
    },
    "2012-06-30": {
        "Diluted EPS": 0.47,
        "Total Revenue": 26,
        "Gross Profit": 22,
        "Operating Income": 8,
        "EBIT": NaN,
        "Net Income": 5
    },
    "2012-03-31": {
        "Diluted EPS": 0.63,
        "Total Revenue": 27,
        "Gross Profit": 23,
        "Operating Income": 10,
        "EBIT": NaN,
        "Net Income": 7
    },
    "2011-12-31": {
        "Diluted EPS": 0.33,
        "Total Revenue": 26,
        "Gross Profit": 21,
        "Operating Income": 5,
        "EBIT": NaN,
        "Net Income": 3
    },
    "2011-09-30": {
        "Diluted EPS": 0.35,
        "Total Revenue": 27,
        "Gross Profit": 22,
        "Operating Income": 6,
        "EBIT": NaN,
        "Net Income": 4
    },
    "2011-06-30": {
        "Diluted EPS": 0.26,
        "Total Revenue": 26,
        "Gross Profit": 21,
        "Operating Income": 4,
        "EBIT": NaN,
        "Net Income": 3
    },
    "2011-03-31": {
        "Diluted EPS": 0.13,
        "Total Revenue": 28,
        "Gross Profit": 22,
        "Operating Income": 2,
        "EBIT": NaN,
        "Net Income": 1
    },
    "2010-12-31": {
        "Diluted EPS": 0.0,
        "Total Revenue": 28,
        "Gross Profit": 22,
        "Operating Income": 0,
        "EBIT": NaN,
        "Net Income": 0
    },
    "2010-09-30": {
        "Diluted EPS": -0.01,
        "Total Revenue": 29,
        "Gross Profit": 22,
        "Operating Income": 0,
        "EBIT": NaN,
        "Net Income": 0
    },
    "2010-06-30": {
        "Diluted EPS": 0.27,
        "Total Revenue": 32,
        "Gross Profit": 24,
        "Operating Income": 4,
        "EBIT": NaN,
        "Net Income": 3
    },
    "2010-03-31": {
        "Diluted EPS": 0.08,
        "Total Revenue": 32,
        "Gross Profit": 23,
        "Operating Income": 1,
        "EBIT": NaN,
        "Net Income": 1
    },
    "2009-12-31": {
        "Diluted EPS": 0.06,
        "Total Revenue": 39,
        "Gross Profit": 30,
        "Operating Income": 1,
        "EBIT": NaN,
        "Net Income": 1
    },
    "2009-09-30": {
        "Diluted EPS": -0.44,
        "Total Revenue": 28,
        "Gross Profit": 18,
        "Operating Income": -7,
        "EBIT": NaN,
        "Net Income": -5
    },
    "2009-06-30": {
        "Diluted EPS": 0.23,
        "Total Revenue": 34,
        "Gross Profit": 24,
        "Operating Income": 4,
        "EBIT": NaN,
        "Net Income": 2
    },
    "2009-03-31": {
        "Diluted EPS": 0.37,
        "Total Revenue": 35,
        "Gross Profit": 24,
        "Operating Income": 5,
        "EBIT": NaN,
        "Net Income": 4
    },
    "2023-09-30": {
        "Tax Effect Of Unusual Items": -66685.383879,
        "Tax Rate For Calcs": 0.217216,
        "Total Unusual Items": -307000.0,
        "Total Unusual Items Excluding Goodwill": -307000.0,
        "Net Income From Continuing Operation Net Minority Interest": 31882000.0,
        "Reconciled Depreciation": 3280000.0,
        "Net Interest Income": 93274000.0,
        "Interest Expense": 30319000.0,
        "Interest Income": 123593000.0,
        "Normalized Income": 32122314.616121,
        "Net Income From Continuing And Discontinued Operation": 31882000.0,
        "Diluted Average Shares": 35061897.0,
        "Basic Average Shares": 34818346.0,
        "Diluted EPS": 0.9,
        "Basic EPS": 0.91,
        "Diluted NI Availto Com Stockholders": 31660000.0,
        "Net Income Common Stockholders": 31660000.0,
        "Otherunder Preferred Stock Dividend": 222000.0,
        "Net Income": 31882000.0,
        "Net Income Including Noncontrolling Interests": 31882000.0,
        "Net Income Continuous Operations": 31882000.0,
        "Tax Provision": 8847000.0,
        "Pretax Income": 40729000.0,
        "Special Income Charges": -307000.0,
        "Other Special Charges": 307000.0,
        "Gain On Sale Of Security": -7000.0,
        "Depreciation Amortization Depletion Income Statement": 3280000.0,
        "Depreciation And Amortization In Income Statement": 3280000.0,
        "Amortization": 3280000.0,
        "Amortization Of Intangibles Income Statement": 3280000.0,
        "Selling General And Administration": 39135000.0,
        "Selling And Marketing Expense": 1267000.0,
        "General And Administrative Expense": 37868000.0,
        "Insurance And Claims": 1260000.0,
        "Salaries And Wages": 36608000.0,
        "Total Revenue": 114093000.0,
        "Operating Revenue": 114093000.0,
        "Occupancy And Equipment": 5501000.0,
        "Professional Expense And Contract Services Expense": 3456000.0,
        "Other Non Interest Expense": 17632000.0
    },
    "2023-12-31": {
        "Tax Effect Of Unusual Items": -137994.808059,
        "Tax Rate For Calcs": 0.222932,
        "Total Unusual Items": -619000.0,
        "Total Unusual Items Excluding Goodwill": -619000.0,
        "Net Income From Continuing Operation Net Minority Interest": 33825000.0,
        "Reconciled Depreciation": 3271000.0,
        "Net Interest Income": 88369000.0,
        "Interest Expense": 36875000.0,
        "Interest Income": 125244000.0,
        "Normalized Income": 34306005.191941,
        "Net Income From Continuing And Discontinued Operation": 33825000.0,
        "Diluted Average Shares": 35089825.0,
        "Basic Average Shares": 34794313.0,
        "Diluted EPS": 0.96,
        "Basic EPS": 0.97,
        "Diluted NI Availto Com Stockholders": 33025000.0,
        "Net Income Common Stockholders": 33025000.0,
        "Otherunder Preferred Stock Dividend": NaN,
        "Net Income": 33825000.0,
        "Net Income Including Noncontrolling Interests": 33825000.0,
        "Net Income Continuous Operations": 33825000.0,
        "Tax Provision": 9704000.0,
        "Pretax Income": 43529000.0,
        "Special Income Charges": -619000.0,
        "Other Special Charges": 619000.0,
        "Gain On Sale Of Security": -1592000.0,
        "Depreciation Amortization Depletion Income Statement": 3271000.0,
        "Depreciation And Amortization In Income Statement": 3271000.0,
        "Amortization": 3271000.0,
        "Amortization Of Intangibles Income Statement": 3271000.0,
        "Selling General And Administration": 64534000.0,
        "Selling And Marketing Expense": 1463000.0,
        "General And Administrative Expense": 63071000.0,
        "Insurance And Claims": 1260000.0,
        "Salaries And Wages": 37370000.0,
        "Total Revenue": 111131000.0,
        "Operating Revenue": 111131000.0,
        "Occupancy And Equipment": 5532000.0,
        "Professional Expense And Contract Services Expense": 3266000.0,
        "Other Non Interest Expense": -10905000.0
    },
    "2024-03-31": {
        "Tax Effect Of Unusual Items": -74338.0,
        "Tax Rate For Calcs": 0.218,
        "Total Unusual Items": -341000.0,
        "Total Unusual Items Excluding Goodwill": -341000.0,
        "Net Income From Continuing Operation Net Minority Interest": 29584000.0,
        "Reconciled Depreciation": 2788000.0,
        "Net Interest Income": 86640000.0,
        "Interest Expense": 40953000.0,
        "Interest Income": 127593000.0,
        "Normalized Income": 29850662.0,
        "Net Income From Continuing And Discontinued Operation": 29584000.0,
        "Diluted Average Shares": 35051810.0,
        "Basic Average Shares": 34740349.0,
        "Diluted EPS": 0.84,
        "Basic EPS": 0.85,
        "Diluted NI Availto Com Stockholders": 29377000.0,
        "Net Income Common Stockholders": 29377000.0,
        "Otherunder Preferred Stock Dividend": 207000.0,
        "Net Income": 29584000.0,
        "Net Income Including Noncontrolling Interests": 29584000.0,
        "Net Income Continuous Operations": 29584000.0,
        "Tax Provision": 8268000.0,
        "Pretax Income": 37852000.0,
        "Special Income Charges": -341000.0,
        "Other Special Charges": 341000.0,
        "Gain On Sale Of Security": -1000.0,
        "Depreciation Amortization Depletion Income Statement": 2788000.0,
        "Depreciation And Amortization In Income Statement": 2788000.0,
        "Amortization": 2788000.0,
        "Amortization Of Intangibles Income Statement": 2788000.0,
        "Selling General And Administration": 41135000.0,
        "Selling And Marketing Expense": 1056000.0,
        "General And Administrative Expense": 40079000.0,
        "Insurance And Claims": 1186000.0,
        "Salaries And Wages": 38893000.0,
        "Total Revenue": 109903000.0,
        "Operating Revenue": 109903000.0,
        "Occupancy And Equipment": 6283000.0,
        "Professional Expense And Contract Services Expense": 2967000.0,
        "Other Non Interest Expense": 12435000.0
    },
    "2024-06-30": {
        "Tax Effect Of Unusual Items": -81748.0,
        "Tax Rate For Calcs": 0.191,
        "Total Unusual Items": -428000.0,
        "Total Unusual Items Excluding Goodwill": -428000.0,
        "Net Income From Continuing Operation Net Minority Interest": 29007000.0,
        "Reconciled Depreciation": 2787000.0,
        "Net Interest Income": 86613000.0,
        "Interest Expense": 44157000.0,
        "Interest Income": 130770000.0,
        "Normalized Income": 29353252.0,
        "Net Income From Continuing And Discontinued Operation": 29007000.0,
        "Diluted Average Shares": 35117648.0,
        "Basic Average Shares": 34764489.0,
        "Diluted EPS": 0.82,
        "Basic EPS": 0.83,
        "Diluted NI Availto Com Stockholders": 29170000.0,
        "Net Income Common Stockholders": 29170000.0,
        "Otherunder Preferred Stock Dividend": -163000.0,
        "Net Income": 29007000.0,
        "Net Income Including Noncontrolling Interests": 29007000.0,
        "Net Income Continuous Operations": 29007000.0,
        "Tax Provision": 6869000.0,
        "Pretax Income": 35876000.0,
        "Special Income Charges": -428000.0,
        "Other Special Charges": 428000.0,
        "Gain On Sale Of Security": -353000.0,
        "Depreciation Amortization Depletion Income Statement": 2787000.0,
        "Depreciation And Amortization In Income Statement": 2787000.0,
        "Amortization": 2787000.0,
        "Amortization Of Intangibles Income Statement": 2787000.0,
        "Selling General And Administration": 38496000.0,
        "Selling And Marketing Expense": 681000.0,
        "General And Administrative Expense": 37815000.0,
        "Insurance And Claims": 1251000.0,
        "Salaries And Wages": 36564000.0,
        "Total Revenue": 107768000.0,
        "Operating Revenue": 107768000.0,
        "Occupancy And Equipment": 6142000.0,
        "Professional Expense And Contract Services Expense": 2935000.0,
        "Other Non Interest Expense": 15421000.0
    },
    "2024-09-30": {
        "Tax Effect Of Unusual Items": -178851.177809,
        "Tax Rate For Calcs": 0.22497,
        "Total Unusual Items": -795000.0,
        "Total Unusual Items Excluding Goodwill": -795000.0,
        "Net Income From Continuing Operation Net Minority Interest": 31684000.0,
        "Reconciled Depreciation": 2786000.0,
        "Net Interest Income": 88912000.0,
        "Interest Expense": 44708000.0,
        "Interest Income": 133620000.0,
        "Normalized Income": 32300148.822191,
        "Net Income From Continuing And Discontinued Operation": 31684000.0,
        "Diluted Average Shares": 35199383.0,
        "Basic Average Shares": 34793704.0,
        "Diluted EPS": 0.89,
        "Basic EPS": 0.9,
        "Diluted NI Availto Com Stockholders": 31405000.0,
        "Net Income Common Stockholders": 31405000.0,
        "Otherunder Preferred Stock Dividend": 279000.0,
        "Net Income": 31684000.0,
        "Net Income Including Noncontrolling Interests": 31684000.0,
        "Net Income Continuous Operations": 31684000.0,
        "Tax Provision": 9197000.0,
        "Pretax Income": 40881000.0,
        "Special Income Charges": -795000.0,
        "Other Special Charges": 795000.0,
        "Gain On Sale Of Security": -74000.0,
        "Depreciation Amortization Depletion Income Statement": 2786000.0,
        "Depreciation And Amortization In Income Statement": 2786000.0,
        "Amortization": 2786000.0,
        "Amortization Of Intangibles Income Statement": 2786000.0,
        "Selling General And Administration": 39297000.0,
        "Selling And Marketing Expense": 971000.0,
        "General And Administrative Expense": 38326000.0,
        "Insurance And Claims": 1241000.0,
        "Salaries And Wages": 37085000.0,
        "Total Revenue": 111479000.0,
        "Operating Revenue": 111479000.0,
        "Occupancy And Equipment": 5905000.0,
        "Professional Expense And Contract Services Expense": 2896000.0,
        "Other Non Interest Expense": 12184000.0
    }
}