{
    "2023-06-30": {
        "Tax Effect Of Unusual Items": -1431780.0,
        "Tax Rate For Calcs": 0.21,
        "Normalized EBITDA": -26778000.0,
        "Total Unusual Items": -6818000.0,
        "Total Unusual Items Excluding Goodwill": -6818000.0,
        "Net Income From Continuing Operation Net Minority Interest": -46804000.0,
        "Reconciled Depreciation": 4829000.0,
        "Reconciled Cost Of Revenue": 96140000.0,
        "EBITDA": -33596000.0,
        "EBIT": -38425000.0,
        "Net Interest Income": 36000.0,
        "Interest Expense": 1778000.0,
        "Interest Income": 1814000.0,
        "Normalized Income": -41417780.0,
        "Net Income From Continuing And Discontinued Operation": -46804000.0,
        "Total Expenses": 337391000.0,
        "Total Operating Income As Reported": -41290000.0,
        "Diluted Average Shares": 83039000.0,
        "Basic Average Shares": 83039000.0,
        "Diluted EPS": -0.56,
        "Basic EPS": -0.56,
        "Diluted NI Availto Com Stockholders": -46804000.0,
        "Net Income Common Stockholders": -46804000.0,
        "Net Income": -46804000.0,
        "Net Income Including Noncontrolling Interests": -46804000.0,
        "Net Income Continuous Operations": -46804000.0,
        "Tax Provision": 6601000.0,
        "Pretax Income": -40203000.0,
        "Other Income Expense": -1116000.0,
        "Other Non Operating Income Expenses": 5702000.0,
        "Special Income Charges": -2167000.0,
        "Restructuring And Mergern Acquisition": 2167000.0,
        "Gain On Sale Of Security": -4651000.0,
        "Net Non Operating Interest Income Expense": 36000.0,
        "Interest Expense Non Operating": 1778000.0,
        "Interest Income Non Operating": 1814000.0,
        "Operating Income": -39123000.0,
        "Operating Expense": 241251000.0,
        "Research And Development": 73931000.0,
        "Selling General And Administration": 167320000.0,
        "Selling And Marketing Expense": 143858000.0,
        "General And Administrative Expense": 23462000.0,
        "Other Gand A": 23462000.0,
        "Salaries And Wages": 21202000.0,
        "Gross Profit": 202128000.0,
        "Cost Of Revenue": 96140000.0,
        "Total Revenue": 298268000.0,
        "Operating Revenue": 298268000.0
    },
    "2023-03-31": {
        "Tax Effect Of Unusual Items": -195300.0,
        "Tax Rate For Calcs": 0.21,
        "Normalized EBITDA": -7953000.0,
        "Total Unusual Items": -930000.0,
        "Total Unusual Items Excluding Goodwill": -930000.0,
        "Net Income From Continuing Operation Net Minority Interest": -20774000.0,
        "Reconciled Depreciation": 4724000.0,
        "Reconciled Cost Of Revenue": 97934000.0,
        "EBITDA": -8883000.0,
        "EBIT": -13607000.0,
        "Net Interest Income": -433000.0,
        "Interest Expense": 1918000.0,
        "Interest Income": 1485000.0,
        "Normalized Income": -20039300.0,
        "Net Income From Continuing And Discontinued Operation": -20774000.0,
        "Total Expenses": 346217000.0,
        "Total Operating Income As Reported": -22206000.0,
        "Diluted Average Shares": 82604000.0,
        "Basic Average Shares": 82604000.0,
        "Diluted EPS": -0.25,
        "Basic EPS": -0.25,
        "Diluted NI Availto Com Stockholders": -20774000.0,
        "Net Income Common Stockholders": -20774000.0,
        "Net Income": -20774000.0,
        "Net Income Including Noncontrolling Interests": -20774000.0,
        "Net Income Continuous Operations": -20774000.0,
        "Tax Provision": 5249000.0,
        "Pretax Income": -15525000.0,
        "Other Income Expense": 5653000.0,
        "Other Non Operating Income Expenses": 6583000.0,
        "Special Income Charges": -1461000.0,
        "Restructuring And Mergern Acquisition": 1461000.0,
        "Gain On Sale Of Security": 531000.0,
        "Net Non Operating Interest Income Expense": -433000.0,
        "Interest Expense Non Operating": 1918000.0,
        "Interest Income Non Operating": 1485000.0,
        "Operating Income": -20745000.0,
        "Operating Expense": 248283000.0,
        "Research And Development": 75376000.0,
        "Selling General And Administration": 172907000.0,
        "Selling And Marketing Expense": 149797000.0,
        "General And Administrative Expense": 23110000.0,
        "Other Gand A": 23110000.0,
        "Salaries And Wages": NaN,
        "Gross Profit": 227538000.0,
        "Cost Of Revenue": 97934000.0,
        "Total Revenue": 325472000.0,
        "Operating Revenue": 325472000.0
    },
    "2022-12-31": {
        "Tax Effect Of Unusual Items": -5585790.0,
        "Tax Rate For Calcs": 0.21,
        "Normalized EBITDA": 63067000.0,
        "Total Unusual Items": -26599000.0,
        "Total Unusual Items Excluding Goodwill": -26599000.0,
        "Net Income From Continuing Operation Net Minority Interest": 34613000.0,
        "Reconciled Depreciation": 6399000.0,
        "Reconciled Cost Of Revenue": 92273000.0,
        "EBITDA": 36468000.0,
        "EBIT": 30069000.0,
        "Net Interest Income": -1303000.0,
        "Interest Expense": 1910000.0,
        "Interest Income": 607000.0,
        "Normalized Income": 55626210.0,
        "Net Income From Continuing And Discontinued Operation": 34613000.0,
        "Total Expenses": 340491000.0,
        "Total Operating Income As Reported": 34236000.0,
        "Diluted Average Shares": 87339000.0,
        "Basic Average Shares": 82257000.0,
        "Diluted EPS": 0.41,
        "Basic EPS": 0.42,
        "Diluted NI Availto Com Stockholders": 34613000.0,
        "Net Income Common Stockholders": 34613000.0,
        "Net Income": 34613000.0,
        "Net Income Including Noncontrolling Interests": 34613000.0,
        "Net Income Continuous Operations": 34613000.0,
        "Tax Provision": -6454000.0,
        "Pretax Income": 28159000.0,
        "Other Income Expense": -26517000.0,
        "Other Non Operating Income Expenses": 82000.0,
        "Special Income Charges": NaN,
        "Restructuring And Mergern Acquisition": NaN,
        "Gain On Sale Of Security": -4856000.0,
        "Net Non Operating Interest Income Expense": -1303000.0,
        "Interest Expense Non Operating": 1910000.0,
        "Interest Income Non Operating": 607000.0,
        "Operating Income": 55979000.0,
        "Operating Expense": 248218000.0,
        "Research And Development": 73176000.0,
        "Selling General And Administration": 175042000.0,
        "Selling And Marketing Expense": 151838000.0,
        "General And Administrative Expense": 23204000.0,
        "Other Gand A": 23204000.0,
        "Salaries And Wages": NaN,
        "Gross Profit": 304197000.0,
        "Cost Of Revenue": 92273000.0,
        "Total Revenue": 396470000.0,
        "Operating Revenue": 396470000.0
    },
    "2022-09-30": {
        "Tax Effect Of Unusual Items": -1220000.0,
        "Tax Rate For Calcs": 0.4,
        "Normalized EBITDA": -72524000.0,
        "Total Unusual Items": -3050000.0,
        "Total Unusual Items Excluding Goodwill": -3050000.0,
        "Net Income From Continuing Operation Net Minority Interest": -93520000.0,
        "Reconciled Depreciation": 4206000.0,
        "Reconciled Cost Of Revenue": 93050000.0,
        "EBITDA": -75574000.0,
        "EBIT": -79780000.0,
        "Net Interest Income": -1472000.0,
        "Interest Expense": 1992000.0,
        "Interest Income": 520000.0,
        "Normalized Income": -91690000.0,
        "Net Income From Continuing And Discontinued Operation": -93520000.0,
        "Total Expenses": 347952000.0,
        "Total Operating Income As Reported": -77221000.0,
        "Diluted Average Shares": 81996000.0,
        "Basic Average Shares": 81996000.0,
        "Diluted EPS": -1.14,
        "Basic EPS": -1.14,
        "Diluted NI Availto Com Stockholders": -93520000.0,
        "Net Income Common Stockholders": -93520000.0,
        "Net Income": -93520000.0,
        "Net Income Including Noncontrolling Interests": -93520000.0,
        "Net Income Continuous Operations": -93520000.0,
        "Tax Provision": 11748000.0,
        "Pretax Income": -81772000.0,
        "Other Income Expense": -3079000.0,
        "Other Non Operating Income Expenses": -29000.0,
        "Special Income Charges": NaN,
        "Restructuring And Mergern Acquisition": NaN,
        "Gain On Sale Of Security": -3050000.0,
        "Net Non Operating Interest Income Expense": -1472000.0,
        "Interest Expense Non Operating": 1992000.0,
        "Interest Income Non Operating": 520000.0,
        "Operating Income": -77221000.0,
        "Operating Expense": 254902000.0,
        "Research And Development": 75342000.0,
        "Selling General And Administration": 179560000.0,
        "Selling And Marketing Expense": 153517000.0,
        "General And Administrative Expense": 26043000.0,
        "Other Gand A": 26043000.0,
        "Salaries And Wages": NaN,
        "Gross Profit": 177681000.0,
        "Cost Of Revenue": 93050000.0,
        "Total Revenue": 270731000.0,
        "Operating Revenue": 270731000.0
    },
    "2022-06-30": {
        "Tax Effect Of Unusual Items": -6892800.0,
        "Tax Rate For Calcs": 0.4,
        "Normalized EBITDA": -76942000.0,
        "Total Unusual Items": -17232000.0,
        "Total Unusual Items Excluding Goodwill": -17232000.0,
        "Net Income From Continuing Operation Net Minority Interest": -286296000.0,
        "Reconciled Depreciation": 4004000.0,
        "Reconciled Cost Of Revenue": 95115000.0,
        "EBITDA": -94174000.0,
        "EBIT": -98178000.0,
        "Net Interest Income": -1635000.0,
        "Interest Expense": 1944000.0,
        "Interest Income": 309000.0,
        "Normalized Income": -275956800.0,
        "Net Income From Continuing And Discontinued Operation": -286296000.0,
        "Total Expenses": 359377000.0,
        "Total Operating Income As Reported": -85040000.0,
        "Diluted Average Shares": 81847000.0,
        "Basic Average Shares": 81847000.0,
        "Diluted EPS": -3.5,
        "Basic EPS": -3.5,
        "Diluted NI Availto Com Stockholders": -286296000.0,
        "Average Dilution Earnings": 0.0,
        "Net Income Common Stockholders": -286296000.0,
        "Net Income": -286296000.0,
        "Net Income Including Noncontrolling Interests": -286296000.0,
        "Net Income Continuous Operations": -286296000.0,
        "Tax Provision": 186174000.0,
        "Pretax Income": -100122000.0,
        "Other Income Expense": -13447000.0,
        "Other Non Operating Income Expenses": 3785000.0,
        "Special Income Charges": NaN,
        "Restructuring And Mergern Acquisition": NaN,
        "Gain On Sale Of Security": -17232000.0,
        "Net Non Operating Interest Income Expense": -1635000.0,
        "Interest Expense Non Operating": 1944000.0,
        "Interest Income Non Operating": 309000.0,
        "Operating Income": -85040000.0,
        "Operating Expense": 264262000.0,
        "Research And Development": 74341000.0,
        "Selling General And Administration": 189921000.0,
        "Selling And Marketing Expense": 157198000.0,
        "General And Administrative Expense": 32723000.0,
        "Other Gand A": 32723000.0,
        "Salaries And Wages": NaN,
        "Gross Profit": 179222000.0,
        "Cost Of Revenue": 95115000.0,
        "Total Revenue": 274337000.0,
        "Operating Revenue": 274337000.0
    },
    "2022-03-31": {
        "Diluted EPS": -0.01,
        "Total Revenue": 376,
        "Gross Profit": 288,
        "Operating Income": 19,
        "EBIT": 40,
        "Net Income": 0
    },
    "2021-12-31": {
        "Diluted EPS": -0.43,
        "Total Revenue": 316,
        "Gross Profit": 231,
        "Operating Income": -32,
        "EBIT": -18,
        "Net Income": -37
    },
    "2021-09-30": {
        "Diluted EPS": -0.69,
        "Total Revenue": 256,
        "Gross Profit": 172,
        "Operating Income": -65,
        "EBIT": -47,
        "Net Income": -56
    },
    "2021-06-30": {
        "Diluted EPS": 0.43,
        "Total Revenue": 326,
        "Gross Profit": 241,
        "Operating Income": 1,
        "EBIT": 19,
        "Net Income": 37
    },
    "2021-03-31": {
        "Diluted EPS": -0.08,
        "Total Revenue": 313,
        "Gross Profit": 231,
        "Operating Income": 2,
        "EBIT": 20,
        "Net Income": -7
    },
    "2020-12-31": {
        "Diluted EPS": 0.06,
        "Total Revenue": 299,
        "Gross Profit": 222,
        "Operating Income": -6,
        "EBIT": -3,
        "Net Income": 4
    },
    "2020-09-30": {
        "Diluted EPS": -0.24,
        "Total Revenue": 226,
        "Gross Profit": 148,
        "Operating Income": -62,
        "EBIT": -43,
        "Net Income": -19
    },
    "2020-06-30": {
        "Diluted EPS": -0.26,
        "Total Revenue": 227,
        "Gross Profit": 151,
        "Operating Income": -51,
        "EBIT": -34,
        "Net Income": -21
    },
    "2020-03-31": {
        "Diluted EPS": -0.32,
        "Total Revenue": 266,
        "Gross Profit": 186,
        "Operating Income": -24,
        "EBIT": -9,
        "Net Income": -25
    },
    "2019-12-31": {
        "Diluted EPS": 0.02,
        "Total Revenue": 277,
        "Gross Profit": 199,
        "Operating Income": -2,
        "EBIT": 9,
        "Net Income": 1
    },
    "2019-09-30": {
        "Diluted EPS": -0.38,
        "Total Revenue": 217,
        "Gross Profit": 136,
        "Operating Income": -47,
        "EBIT": -34,
        "Net Income": -30
    },
    "2019-06-30": {
        "Diluted EPS": -0.41,
        "Total Revenue": 206,
        "Gross Profit": 129,
        "Operating Income": -52,
        "EBIT": -41,
        "Net Income": -32
    },
    "2019-03-31": {
        "Diluted EPS": -0.37,
        "Total Revenue": 213,
        "Gross Profit": 138,
        "Operating Income": -34,
        "EBIT": -19,
        "Net Income": -29
    },
    "2018-12-31": {
        "Diluted EPS": 0.21,
        "Total Revenue": 256,
        "Gross Profit": 178,
        "Operating Income": 15,
        "EBIT": 28,
        "Net Income": 16
    },
    "2018-09-30": {
        "Diluted EPS": -0.1,
        "Total Revenue": 203,
        "Gross Profit": 129,
        "Operating Income": -17,
        "EBIT": -6,
        "Net Income": -8
    },
    "2018-06-30": {
        "Diluted EPS": -0.13,
        "Total Revenue": 197,
        "Gross Profit": 123,
        "Operating Income": -23,
        "EBIT": -13,
        "Net Income": -10
    },
    "2018-03-31": {
        "Diluted EPS": 0.15,
        "Total Revenue": 235,
        "Gross Profit": 160,
        "Operating Income": 8,
        "EBIT": 18,
        "Net Income": 12
    },
    "2017-12-31": {
        "Diluted EPS": 0.49,
        "Total Revenue": 255,
        "Gross Profit": 181,
        "Operating Income": 39,
        "EBIT": 58,
        "Net Income": 41
    },
    "2017-09-30": {
        "Diluted EPS": 0.01,
        "Total Revenue": 191,
        "Gross Profit": 121,
        "Operating Income": -2,
        "EBIT": 4,
        "Net Income": 1
    },
    "2017-06-30": {
        "Diluted EPS": 0.04,
        "Total Revenue": 187,
        "Gross Profit": 119,
        "Operating Income": -9,
        "EBIT": -3,
        "Net Income": 4
    },
    "2017-03-31": {
        "Diluted EPS": 0.65,
        "Total Revenue": 256,
        "Gross Profit": 188,
        "Operating Income": 66,
        "EBIT": 72,
        "Net Income": 53
    },
    "2016-12-31": {
        "Diluted EPS": 0.33,
        "Total Revenue": 212,
        "Gross Profit": 149,
        "Operating Income": 25,
        "EBIT": 44,
        "Net Income": 27
    },
    "2016-09-30": {
        "Diluted EPS": 0.04,
        "Total Revenue": 183,
        "Gross Profit": 122,
        "Operating Income": 5,
        "EBIT": 12,
        "Net Income": 3
    },
    "2016-06-30": {
        "Diluted EPS": 0.06,
        "Total Revenue": 189,
        "Gross Profit": 129,
        "Operating Income": 6,
        "EBIT": 13,
        "Net Income": 5
    },
    "2016-03-31": {
        "Diluted EPS": 0.13,
        "Total Revenue": 179,
        "Gross Profit": 122,
        "Operating Income": 14,
        "EBIT": 20,
        "Net Income": 10
    },
    "2015-12-31": {
        "Diluted EPS": 0.26,
        "Total Revenue": 204,
        "Gross Profit": 151,
        "Operating Income": 37,
        "EBIT": 45,
        "Net Income": 21
    },
    "2015-09-30": {
        "Diluted EPS": 0.08,
        "Total Revenue": 162,
        "Gross Profit": 107,
        "Operating Income": 11,
        "EBIT": 17,
        "Net Income": 6
    },
    "2015-06-30": {
        "Diluted EPS": 0.04,
        "Total Revenue": 162,
        "Gross Profit": 107,
        "Operating Income": 5,
        "EBIT": 11,
        "Net Income": 3
    },
    "2015-03-31": {
        "Diluted EPS": 0.08,
        "Total Revenue": 154,
        "Gross Profit": 104,
        "Operating Income": 12,
        "EBIT": 18,
        "Net Income": 6
    },
    "2014-12-31": {
        "Diluted EPS": 0.26,
        "Total Revenue": 169,
        "Gross Profit": 123,
        "Operating Income": 30,
        "EBIT": 38,
        "Net Income": 20
    },
    "2014-09-30": {
        "Diluted EPS": 0.02,
        "Total Revenue": 138,
        "Gross Profit": 91,
        "Operating Income": 5,
        "EBIT": 11,
        "Net Income": 2
    },
    "2014-06-30": {
        "Diluted EPS": 0.02,
        "Total Revenue": 143,
        "Gross Profit": 96,
        "Operating Income": 2,
        "EBIT": 8,
        "Net Income": 2
    },
    "2014-03-31": {
        "Diluted EPS": 0.12,
        "Total Revenue": 140,
        "Gross Profit": 95,
        "Operating Income": 15,
        "EBIT": 20,
        "Net Income": 10
    },
    "2013-12-31": {
        "Diluted EPS": 0.2,
        "Total Revenue": 153,
        "Gross Profit": 110,
        "Operating Income": 24,
        "EBIT": 32,
        "Net Income": 16
    },
    "2013-09-30": {
        "Diluted EPS": 0.11,
        "Total Revenue": 122,
        "Gross Profit": 84,
        "Operating Income": 14,
        "EBIT": 19,
        "Net Income": 9
    },
    "2013-06-30": {
        "Diluted EPS": 0.06,
        "Total Revenue": 117,
        "Gross Profit": 79,
        "Operating Income": 7,
        "EBIT": 12,
        "Net Income": 5
    },
    "2013-03-31": {
        "Diluted EPS": 0.12,
        "Total Revenue": 116,
        "Gross Profit": 79,
        "Operating Income": 13,
        "EBIT": 18,
        "Net Income": 9
    },
    "2012-12-31": {
        "Diluted EPS": 0.27,
        "Total Revenue": 144,
        "Gross Profit": 106,
        "Operating Income": 28,
        "EBIT": 34,
        "Net Income": 20
    },
    "2012-09-30": {
        "Diluted EPS": -0.01,
        "Total Revenue": 102,
        "Gross Profit": 64,
        "Operating Income": 0,
        "EBIT": 5,
        "Net Income": 0
    },
    "2012-06-30": {
        "Diluted EPS": -0.03,
        "Total Revenue": 105,
        "Gross Profit": 65,
        "Operating Income": -3,
        "EBIT": 2,
        "Net Income": -2
    },
    "2012-03-31": {
        "Diluted EPS": 0.05,
        "Total Revenue": 111,
        "Gross Profit": 70,
        "Operating Income": 6,
        "EBIT": 11,
        "Net Income": 4
    },
    "2011-12-31": {
        "Diluted EPS": -0.03,
        "Total Revenue": 115,
        "Gross Profit": 73,
        "Operating Income": 4,
        "EBIT": 9,
        "Net Income": -2
    },
    "2011-09-30": {
        "Diluted EPS": 0.07,
        "Total Revenue": 96,
        "Gross Profit": 54,
        "Operating Income": -2,
        "EBIT": 2,
        "Net Income": 5
    },
    "2011-06-30": {
        "Diluted EPS": 0.03,
        "Total Revenue": 104,
        "Gross Profit": 63,
        "Operating Income": 3,
        "EBIT": 7,
        "Net Income": 2
    },
    "2011-03-31": {
        "Diluted EPS": 0.06,
        "Total Revenue": 102,
        "Gross Profit": 62,
        "Operating Income": 6,
        "EBIT": 10,
        "Net Income": 5
    },
    "2010-12-31": {
        "Diluted EPS": -0.06,
        "Total Revenue": 89,
        "Gross Profit": 53,
        "Operating Income": -4,
        "EBIT": 2,
        "Net Income": -5
    },
    "2010-09-30": {
        "Diluted EPS": 0.04,
        "Total Revenue": 90,
        "Gross Profit": 55,
        "Operating Income": 2,
        "EBIT": 5,
        "Net Income": 3
    },
    "2010-06-30": {
        "Diluted EPS": -0.11,
        "Total Revenue": 82,
        "Gross Profit": 51,
        "Operating Income": -9,
        "EBIT": -7,
        "Net Income": -8
    },
    "2010-03-31": {
        "Diluted EPS": 0.05,
        "Total Revenue": 75,
        "Gross Profit": 49,
        "Operating Income": 9,
        "EBIT": 10,
        "Net Income": 4
    },
    "2009-12-31": {
        "Diluted EPS": 0.08,
        "Total Revenue": 73,
        "Gross Profit": 48,
        "Operating Income": 10,
        "EBIT": 12,
        "Net Income": 6
    },
    "2009-09-30": {
        "Diluted EPS": 0.08,
        "Total Revenue": 65,
        "Gross Profit": 41,
        "Operating Income": 7,
        "EBIT": 9,
        "Net Income": 6
    },
    "2009-06-30": {
        "Diluted EPS": 0.15,
        "Total Revenue": 64,
        "Gross Profit": 42,
        "Operating Income": 12,
        "EBIT": 13,
        "Net Income": 11
    },
    "2009-03-31": {
        "Diluted EPS": 0.12,
        "Total Revenue": 62,
        "Gross Profit": 42,
        "Operating Income": 12,
        "EBIT": 14,
        "Net Income": 9
    },
    "2023-09-30": {
        "Tax Effect Of Unusual Items": -3805620.0,
        "Tax Rate For Calcs": 0.21,
        "Normalized EBITDA": 20549000.0,
        "Total Unusual Items": -18122000.0,
        "Total Unusual Items Excluding Goodwill": -18122000.0,
        "Net Income From Continuing Operation Net Minority Interest": -7279000.0,
        "Reconciled Depreciation": 4628000.0,
        "Reconciled Cost Of Revenue": 93763000.0,
        "EBITDA": 2427000.0,
        "EBIT": -2201000.0,
        "Net Interest Income": 999000.0,
        "Interest Expense": 1533000.0,
        "Interest Income": 2532000.0,
        "Normalized Income": 7037380.0,
        "Net Income From Continuing And Discontinued Operation": -7279000.0,
        "Total Expenses": 327637000.0,
        "Total Operating Income As Reported": -10816000.0,
        "Diluted Average Shares": 83336000.0,
        "Basic Average Shares": 83336000.0,
        "Diluted EPS": -0.09,
        "Basic EPS": -0.09,
        "Diluted NI Availto Com Stockholders": -7279000.0,
        "Net Income Common Stockholders": -7279000.0,
        "Net Income": -7279000.0,
        "Net Income Including Noncontrolling Interests": -7279000.0,
        "Net Income Continuous Operations": -7279000.0,
        "Tax Provision": 3545000.0,
        "Pretax Income": -3734000.0,
        "Other Income Expense": -11739000.0,
        "Other Non Operating Income Expenses": 6383000.0,
        "Special Income Charges": -17822000.0,
        "Restructuring And Mergern Acquisition": 17822000.0,
        "Gain On Sale Of Security": -300000.0,
        "Net Non Operating Interest Income Expense": 999000.0,
        "Interest Expense Non Operating": 1533000.0,
        "Interest Income Non Operating": 2532000.0,
        "Operating Income": 7006000.0,
        "Operating Expense": 233874000.0,
        "Research And Development": 74955000.0,
        "Selling General And Administration": 158919000.0,
        "Selling And Marketing Expense": 131598000.0,
        "General And Administrative Expense": 27321000.0,
        "Other Gand A": 27321000.0,
        "Salaries And Wages": NaN,
        "Gross Profit": 240880000.0,
        "Cost Of Revenue": 93763000.0,
        "Total Revenue": 334643000.0,
        "Operating Revenue": 334643000.0
    },
    "2023-12-31": {
        "Tax Effect Of Unusual Items": -194888.891041,
        "Tax Rate For Calcs": 0.078998,
        "Normalized EBITDA": 163581000.0,
        "Total Unusual Items": -2467000.0,
        "Total Unusual Items Excluding Goodwill": -2467000.0,
        "Net Income From Continuing Operation Net Minority Interest": 142665000.0,
        "Reconciled Depreciation": 4565000.0,
        "Reconciled Cost Of Revenue": 90646000.0,
        "EBITDA": 161114000.0,
        "EBIT": 156549000.0,
        "Net Interest Income": 1781000.0,
        "Interest Expense": 1647000.0,
        "Interest Income": 3428000.0,
        "Normalized Income": 144937111.108959,
        "Net Income From Continuing And Discontinued Operation": 142665000.0,
        "Total Expenses": 318670000.0,
        "Total Operating Income As Reported": 155266000.0,
        "Diluted Average Shares": NaN,
        "Basic Average Shares": NaN,
        "Diluted EPS": NaN,
        "Basic EPS": NaN,
        "Diluted NI Availto Com Stockholders": 137137000.0,
        "Net Income Common Stockholders": 142665000.0,
        "Net Income": 142665000.0,
        "Net Income Including Noncontrolling Interests": 142665000.0,
        "Net Income Continuous Operations": 142665000.0,
        "Tax Provision": 12237000.0,
        "Pretax Income": 154902000.0,
        "Other Income Expense": -2442000.0,
        "Other Non Operating Income Expenses": 25000.0,
        "Special Income Charges": -297000.0,
        "Restructuring And Mergern Acquisition": 297000.0,
        "Gain On Sale Of Security": -2170000.0,
        "Net Non Operating Interest Income Expense": 1781000.0,
        "Interest Expense Non Operating": 1647000.0,
        "Interest Income Non Operating": 3428000.0,
        "Operating Income": 155563000.0,
        "Operating Expense": 228024000.0,
        "Research And Development": 71250000.0,
        "Selling General And Administration": 156774000.0,
        "Selling And Marketing Expense": 133924000.0,
        "General And Administrative Expense": 22850000.0,
        "Other Gand A": 22850000.0,
        "Salaries And Wages": NaN,
        "Gross Profit": 383587000.0,
        "Cost Of Revenue": 90646000.0,
        "Total Revenue": 474233000.0,
        "Operating Revenue": 474233000.0
    }
}